2216 3435
613 289 840 323 RELATIO
876 289 1229 322 ABBREVIATA.
1520 291 1571 341 23
1586 292 1606 340 ς

352 605 673 664 RELATIO
719 604 954 661 BEDAE
998 554 1489 662 ABBREVIATA.

619 767 691 811 (Ex
710 767 826 801 codice
845 767 901 800 ms.
922 767 1212 812 Wirziburgensi.)

319 963 547 1006 CR[PSIT
580 978 677 1018 ergo
700 965 964 1005 Adamnanus
994 964 1185 1018 presbiter
1202 964 1358 1003 deloco
1390 964 1606 1003 dominicae

318 1024 586 1064 nativitatisin
600 1024 709 1063 hunc
725 1023 906 1063 modum.
926 1024 1110 1063 Bethlem
1125 1024 1264 1063 civitas
1282 1022 1416 1062 David
1435 1023 1473 1061 in
1490 1021 1606 1061 dorso

231 1083 300 1124 fita
331 1082 386 1122 est
418 1081 584 1135 angusto
605 1096 654 1121 ex
674 1082 785 1122 omni
808 1093 920 1134 parte
940 1081 1111 1122 vallibus
1132 1081 1399 1130 circumdato,
1420 1081 1468 1120 ab
1496 1081 1606 1119 occi-

232 1142 352 1182 dente
385 1141 425 1180 in
458 1141 657 1180 orientem
691 1139 801 1179 mille
823 1139 990 1192 passibus
1012 1139 1145 1193 longa,
1164 1138 1306 1178 humili
1329 1139 1407 1178 sine
1429 1139 1602 1178 turribus

231 1215 348 1240 muro
377 1213 447 1253 per
467 1209 648 1239 extrema
669 1198 775 1251 plani
798 1199 959 1238 verticis
984 1198 1190 1237 instrueto.
1216 1196 1262 1236 In
1285 1198 1398 1238 cuius
1421 1197 1604 1236 orientali

230 1259 377 1313 angulo
399 1257 505 1323 quasi
521 1257 728 1311 quoddam
743 1256 924 1296 naturale
941 1256 1199 1296 semiantrum
1216 1255 1284 1307 est,
1300 1257 1414 1296 cuius
1433 1256 1608 1295 exterior

231 1331 318 1371 pars
352 1317 570 1356 nativitatis
605 1316 821 1355 dominicae
852 1313 962 1355 fuiffe
991 1315 1139 1355 dicitur
1173 1315 1300 1365 locus,
1328 1316 1495 1354 interior
1517 1329 1607 1367 pre-

230 1376 318 1429 sepe
335 1375 507 1416 Domini
529 1375 774 1414 nominatur.
796 1374 896 1413 Haec
918 1373 1117 1426 spelunca,
1138 1384 1222 1413 tota
1238 1375 1406 1414 interius
1429 1373 1605 1426 pretioso

230 1449 433 1474 marmore
454 1434 559 1474 tetfta
580 1433 708 1487 supra,
729 1432 843 1473 locus
860 1431 1068 1485 specialius
1086 1432 1268 1482 traditur,
1283 1431 1438 1472 Sanetae
1456 1432 1604 1473 Mariae

231 1494 428 1546 grandem
448 1492 571 1546 gestat
591 1492 812 1532 ecclefiam.

284 1552 447 1603 Scripfit
471 1551 579 1591 idem
599 1552 678 1590 hoc
699 1551 823 1590 modo
846 1550 1004 1590 deloco
1027 1549 1209 1602 passionis
1241 1564 1287 1589 ac
1307 1549 1606 1590 resurreffionis

230 1611 348 1652 illius.
383 1609 566 1665 Ingreffis
601 1625 622 1650 a
657 1609 955 1663 septentrionali
987 1619 1096 1662 parte
1127 1609 1270 1648 urbem
1292 1608 1606 1648 Hierosolimam

229 1671 407 1724 primum
434 1670 482 1710 de
515 1670 616 1709 locis
637 1669 780 1709 sanetis
804 1683 877 1721 pro
899 1668 1136 1708 conditione
1158 1667 1382 1720 platearum
1403 1667 1607 1708 diverten-

228 1729 326 1769 dum
346 1728 402 1769 est
415 1729 462 1769 ad
479 1726 688 1768 ecclefiam
704 1726 1095 1777 Constantinianam,
1110 1742 1200 1780 quae
1216 1727 1454 1779 martyrium
1469 1727 1607 1780 appel-

229 1788 343 1829 latur.
360 1788 478 1828 Hanc
496 1787 785 1829 Constantinus
802 1787 1036 1840 imperator,
1052 1800 1100 1825 eo
1119 1785 1228 1839 quod
1248 1786 1299 1825 ibi
1318 1800 1416 1825 crux
1433 1785 1605 1826 Domini

228 1848 277 1887 ab
299 1847 458 1887 Helena
489 1857 616 1886 matre
652 1857 810 1898 reperta
835 1845 891 1895 fit,
918 1844 1133 1899 magnifico
1155 1844 1194 1884 ὅτ
1220 1845 1331 1898 regio
1353 1844 1463 1884 cultu
1492 1846 1606 1885 eons-

229 1907 362 1946 truxit.
386 1906 550 1946 Dehinc
571 1907 619 1945 ab
641 1905 782 1945 occasu
805 1904 1072 1959 Golgothana
1091 1904 1251 1943 videtur
1271 1904 1447 1954 ecclefia,
1470 1906 1507 1944 in
1526 1920 1604 1958 qua

228 1966 350 2005 etiam
370 1965 480 2017 rupis
501 1974 667 2017 apparet
688 1963 768 2014 illa,
789 1978 879 2017 quae
899 1962 1107 2015 quondam
1128 1962 1251 2015 ipsam
1273 1961 1403 2002 adfixo
1427 1962 1600 2002 Domini

228 2039 402 2078 corpore
435 2037 600 2063 crucem
633 2023 798 2076 pertulit
829 2033 1074 2075 argenteam,
1096 2022 1219 2061 modo
1243 2022 1509 2075 pergrandem
1531 2021 1606 2061 sus-

228 2085 358 2124 tinens
391 2097 556 2123 crucem
589 2081 834 2135 pendentem
868 2095 1013 2134 magna
1045 2080 1213 2133 desuper
1245 2095 1365 2120 aurea
1398 2092 1486 2120 rota
1511 2095 1605 2120 cum

228 2142 492 2196 lampadibus.
514 2140 624 2181 Infra
643 2141 772 2193 ipsum
794 2155 890 2180 vero
925 2139 1061 2180 locum
1082 2139 1299 2179 dominicae
1320 2140 1452 2180 crucis
1478 2140 1604 2180 excisa

228 2204 267 2242 in
303 2212 415 2254 petra
446 2211 588 2254 crupta
620 2199 688 2250 est,
709 2200 748 2239 in
770 2213 849 2253 qua
870 2198 984 2252 super
1005 2198 1128 2238 altare
1151 2213 1224 2251 pro
1247 2198 1446 2238 destinetis
1474 2199 1606 2238 hono-

230 2262 322 2301 ratis
354 2259 591 2300 sacrificium
622 2258 721 2298 solet
754 2258 902 2309 offerri,
936 2256 1071 2311 positis
1094 2258 1255 2297 interim
1282 2259 1321 2297 in
1357 2257 1487 2307 platea
1515 2273 1607 2298 cor-

229 2320 408 2374 poribus.
435 2318 568 2358 Huius
590 2331 754 2371 quoque
775 2316 822 2356 ad
845 2316 1031 2356 occasum
1053 2314 1230 2356 ecclefiae
1246 2316 1436 2366 anastafis‚
1453 2318 1531 2356 hoc
1553 2318 1607 2356 est

229 2378 529 2419 resurre&ionis
550 2377 768 2416 dominicae
789 2375 962 2415 rotunda
982 2375 1159 2426 ecclelia,
1181 2376 1306 2415 tribus
1323 2376 1455 2415 cineta
1477 2378 1606 2429 parie-

228 2439 347 2488 tibus,
378 2437 430 2489 xij
463 2435 664 2476 columnis
695 2434 943 2485 sustentatur,
974 2436 1077 2474 inter
1096 2435 1266 2488 parietes
1285 2434 1457 2488 singulos
1480 2435 1605 2475 latum

228 2497 378 2537 habens
411 2494 579 2547 spatium
617 2494 703 2533 viae.
727 2492 838 2549 Quae
859 2495 934 2533 tria
954 2493 1093 2533 altaria
1115 2494 1152 2532 in
1176 2494 1302 2533 tribus
1321 2493 1420 2533 locis
1444 2497 1605 2547 parietis

229 2555 348 2608 medij
384 2554 580 2604 continet,
610 2554 689 2593 hoc
721 2553 777 2593 est
798 2553 1003 2607 Australij,
1032 2553 1290 2607 Aquilonalis
1324 2554 1361 2594 &
1396 2555 1606 2594 Occiden-

228 2615 324 2668 talij.
360 2613 460 2653 Haec
494 2612 553 2653 bis
586 2623 799 2665 quaternas
833 2623 982 2665 portas,
1017 2613 1054 2652 id
1090 2613 1145 2652 est
1179 2613 1365 2653 introitus
1389 2628 1458 2666 per
1484 2626 1563 2654 tres
1585 2630 1605 2654 e

229 2673 393 2726 regione
415 2673 586 2726 parietes
610 2673 743 2723 habet,
763 2687 784 2712 e
806 2672 952 2726 quibus
973 2683 1147 2726 quatuor
1169 2671 1215 2711 ad
1236 2672 1485 2722 vulturnum,
1507 2688 1607 2726 qua-

229 2743 321 2772 tuor
336 2731 383 2771 ad
398 2746 542 2771 eurum
557 2731 746 2784 specstant.
764 2731 895 2771 Huius
912 2732 950 2771 in
962 2731 1096 2771 medio
1108 2742 1419 2770 monumentum
1432 2731 1602 2772 Domini

230 2790 450 2830 rotundum
484 2801 597 2844 petra
628 2789 805 2831 excisum
826 2790 894 2841 est,
914 2791 1028 2830 cuius
1049 2789 1210 2830 culmen
1247 2789 1481 2830 intrinsecus
1504 2790 1604 2830 stans
