2216 3435
579 195 672 240 228
1014 203 1155 237 BEDA
1190 203 1522 237 VENERABILIS

580 350 736 409 fundo,
767 351 1006 412 omniaque
1030 350 1232 407 viventia,
1275 348 1469 395 demersa
1493 349 1593 394 licet
1616 350 1662 394 ὅ(
1684 348 1963 395 vehementer

578 422 695 480 illisa,
741 423 881 469 statim
922 421 1102 480 resilire3
1146 421 1336 483 denique
1378 419 1687 484 Vespasianum
1728 419 1964 484 precepisse

580 493 716 540 nandi
751 496 928 558 ignaros
963 494 1162 540 revintf‘tis
1188 491 1388 538 manibus
1435 493 1479 538 in
1514 491 1786 555 profundum
1823 491 1965 552 defici,

580 566 774 628 eosque‘1
799 566 916 611 illico
954 562 1258 628 supernatasse.
1296 566 1424 626 Aqua
1456 564 1547 626 ipsa
1573 564 1716 609 sterilis
1750 566 1795 610 ὃς
1819 582 1967 610 amara

580 638 816 700 ceterisque
842 638 964 699 aquis
990 635 1214 682 obscurior
1232 637 1277 681 ὃς
1304 633 1419 698 quasi
1443 634 1589 681 aduste
1618 636 1836 698 preferens
1858 634 1967 680 simi-

580 708 822 755 litudinem.
864 709 1027 773 Vagari
1070 708 1196 770 super
1235 725 1370 769 aquas
1412 705 1634 752 bituminis
1683 704 1831 769 glebas
1872 723 1966 752 atro

580 780 752 842 liquore
777 797 944 827 certum
975 780 1047 839 est,
1074 796 1181 842 quas
1206 778 1373 842 scaphis
1398 779 1815 844 ⁴appropinquantes
1847 779 1968 824 colli-

583 869 709 915 gunt.
739 853 901 898 Herere
934 850 1040 897 sibib
1065 851 1261 897 bitumen
1283 853 1328 896 ὃ(
1363 867 1643 912 nequaquam
1663 849 1776 895 ferro
1806 849 1970 912 precidi

585 923 728 981 fertur,
766 925 974 987 sanguine
1015 939 1185 969 tantum
1226 922 1454 967 mulierum
1479 921 1698 967 menstruo
1739 922 1808 967 vel
1849 922 1970 967 urine

585 993 750 1041 cedere.
780 995 893 1042 Utile
929 995 988 1041 est
1021 1011 1168 1040 autem
1203 993 1257 1039 ad
1285 1009 1555 1057 compagem
1579 993 1757 1039 navium
1780 993 1849 1039 vel
1876 1010 1970 1038 cor-

584 1065 762 1130 poribus
789 1066 1020 1112 hominum
1046 1064 1285 1111 medendis,
1305 1066 1452 1111 Servat
1474 1062 1618 1109 adhuc
1636 1064 1758 1127 regio
1784 1065 1973 1127 speciem

586 1155 709 1201 pene.
754 1138 1000 1184 Nascuntur
1039 1139 1155 1184 enim
1196 1136 1253 1183 ibi
1288 1147 1448 1200 pomaf
1472 1135 1775 1199 pulcherrima,
1812 1154 1898 1198 que
1929 1138 1974 1183 &

586 1208 746 1255 edendi
788 1209 1074 1273 cupiditatem
1116 1207 1408 1271 s'pecffantibus
1444 1223 1679 1272 generant3
1719 1206 1746 1252 si
1789 1207 1978 1271 carpas,d

587 1281 786 1326 fatiscunt
811 1298 862 1326 ac
886 1281 1154 1327 resolvuntur
1180 1282 1225 1326 in
1251 1281 1457 1337 cinerem,
1487 1279 1744 1341 fumumque
1771 1280 1975 1340 excitant,

588 1352 703 1416 quasi
735 1351 878 1398 adhuc
907 1352 1100 1398 ardeant.
1132 1354 1242 1398 Sane
1276 1353 1318 1398 in
1346 1351 1497 1397 diebus
1537 1352 1676 1397 estatis
1711 1351 1976 1397 immodicus

588 1442 665 1488 per
695 1425 826 1487 spatia
862 1425 1008 1487 campi
1043 1424 1231 1470 exestuat
1265 1441 1422 1486 vapor,
1471 1423 1587 1468 unde
1626 1426 1671 1469 ὃς
1708 1424 1979 1469 coalescente

588 1497 694 1543 vitio
738 1496 870 1541 nimie
904 1494 1099 1541 ficcitatis
1142 1513 1269 1558 atque
1315 1495 1436 1540 humi
1477 1494 1595 1541 aride
1637 1511 1864 1559 corruptus
1906 1497 1980 1541 ae'r

589 1566 852 1614 miserandas
877 1567 1032 1613 incolis
1058 1566 1238 1612 conficit
1262 1566 1542 1630 egritudines.

745 1753 848 1799 XIII.
886 1756 952 1797 ‘De
973 1753 1076 1809 loco,
1105 1756 1146 1797 in
1171 1770 1247 1812 quo
1273 1753 1478 1796 Dominus
1502 1753 1727 1813 baptizatus
1750 1755 1816 1811 est.

659 1889 702 1931 In
732 1885 851 1941 loco,
882 1883 926 1928 in
958 1899 1049 1944 quo
1076 1882 1297 1927 Dominus
1322 1879 1569 1943 baptizatus
1595 1881 1667 1938 est,
1704 1897 1808 1926 crux
1834 1880 1982 1945 lignea

592 1959 670 2002 stat
709 1957 842 2018 usque
879 1953 934 2000 ad
971 1954 1136 1999 collum
1171 1953 1272 2012 alta,
1313 1970 1398 2014 que
1424 1952 1654 2015 aliquoties
1690 1969 1805 2014 aqua
1836 1953 1981 1998 ascen-

593 2027 746 2074 dente⁸
770 2024 1067 2073 absconditur:
1096 2043 1122 2070 a
1141 2042 1228 2087 quo
1242 2025 1345 2070 loco
1364 2024 1459 2087 ripa
1478 2024 1654 2070 ulterior
1675 2024 1744 2070 vel
1763 2024 1982 2071 orientalis

591 2101 635 2145 in
658 2101 772 2145 ‘iaetu
798 2097 931 2143 funde
956 2097 1026 2156 est,
1052 2098 1256 2142 citeriorf
1274 2113 1377 2143 vero
1403 2097 1498 2159 ripa
1526 2096 1571 2141 in
1594 2095 1823 2158 supercilio
1850 2113 1981 2141 mon-

591 2171 710 2217 ticuli
745 2169 911 2234 grande
951 2173 1226 2228 monasterium
1262 2168 1400 2232 gestat
1435 2170 1541 2212 beati
1570 2170 1764 2212 Iohannis
1799 2171 1982 2229 Baptzste

596 2240 772 2289 ecclesia
806 2242 986 2300 clarum,
1021 2239 1076 2286 de
1112 2257 1201 2302 quo
1238 2257 1314 2302 per
1340 2256 1525 2302 pontem
1548 2237 1731 2284 arcubus
1763 2237 1984 2284 suffultum

597 2315 737 2360 solent
763 2312 1023 2359 descendere
1047 2311 1103 2357 ad
1126 2311 1248 2356 illam
1269 2327 1441 2356 crucem
1467 2312 1512 2356 ὃς
1536 2320 1695 2356 orareg
1722 2313 1767 2355 ln
1793 2327 1985 2356 extrema

596 2384 786 2431 fluminis
806 2402 927 2448 parte
946 2382 1155 2447 quadrata
1173 2381 1347 2429 ecclefia
1367 2399 1553 2445 quatuor
1574 2381 1754 2445 lapideis
1772 2382 1954 2427 cameris
1966 2381 1983 2410 '¹

646 2571 679 2597 a,
696 2559 747 2591 Pc.
765 2558 847 2590 add.
871 2569 999 2590 ornnes.
1021 2576 1068 2580 ——
1086 2556 1120 2589 b.
1142 2554 1247 2597 Greffi
1333 2564 1428 2589 terra.
1450 2578 1496 2582 —-
1515 2569 1540 2590 e.
1565 2558 1628 2597 Pc.;
1655 2555 1700 2589 al.
1719 2554 1984 2589 transcendente.

596 2611 654 2653 ibi,
673 2613 722 2645 Pc.
751 2612 781 2644 δε
803 2611 954 2644 herentes
973 2609 1041 2643 fibi.
1068 2629 1114 2634 —-
1137 2620 1165 2642 e.
1197 2610 1249 2642 Pc.
1331 2632 1378 2636 -—
1396 2611 1418 2644 f.
1446 2610 1569 2644 Ibidem
1589 2610 1740 2644 exterior.
1774 2630 1819 2633 —
1839 2621 1873 2653 g.
1897 2608 1987 2641 Tan-

598 2666 696 2700 addit
720 2665 872 2710 plurima.
902 2685 948 2689 ——
972 2664 1003 2697 d.
1026 2665 1075 2697 Pc.
1104 2661 1204 2695 addit
1229 2674 1249 2695 a
1333 2667 1400 2693 tum
1415 2660 1470 2693 Pb.
1488 2659 1638 2692 adorare.
1659 2678 1705 2683 —
1724 2658 1754 2690 h.
1774 2656 1827 2690 Al.
1847 2655 1985 2690 cancris.

1270 2788 1295 2800 s*
