2216 3435
370 210 435 242 DE
470 208 607 241 LOCIS
644 205 1031 240 TRANSMARINIS
1070 203 1251 236 SACRIS.
1411 203 1495 251 120

127 356 210 410 ipso
246 355 338 394 loco
374 353 523 392 habent
557 350 783 404 sepulchra,
819 349 857 389 &
891 350 930 388 in
966 362 1044 387 una
1079 362 1221 388 omnes
1254 347 1508 400 requiescunt

126 418 263 464 domo,
295 412 332 451 δε
354 412 587 464 aperiuntur
609 423 749 449 eorum
771 418 1049 457 monumenta,
1077 406 1115 446 δε
1136 407 1324 445 videntur
1345 406 1507 446 illorum

127 473 259 512 {andta
289 469 380 510 offa.
412 471 522 509 Ante
545 469 756 508 Bethleem
785 468 841 507 est
862 466 1147 506 monasterium
1168 478 1283 504 muro
1314 465 1509 516 cinetum,

123 534 161 572 in
197 546 278 585 quo
310 529 529 568 multitudo
561 528 615 567 est
649 528 958 566 monachorum.
993 525 1060 565 De
1082 523 1294 564 Bethleem
1316 523 1438 577 usque
1460 525 1507 563 ad

127 591 262 630 ilicem
285 588 476 628 Mambre
511 587 599 626 sunt
635 586 746 625 milia
780 586 904 639 xxiiij.
940 584 987 624 In
1020 599 1101 637 quo
1134 582 1225 622 loco
1255 582 1511 636 requiescunt

127 648 347 697 Abraham,
382 646 526 696 Ysaac,
560 645 685 685 Iacob
721 645 758 685 &
794 645 886 685 Sara
923 642 1037 682 simul
1073 641 1273 695 &Ioseph
1311 640 1402 681 offa.
1443 641 1512 681 Est

125 706 285 749 basilica
313 705 499 745 edificata
535 706 574 744 in
597 704 922 758 quadriporticus
954 703 1099 742 atrium
1135 702 1174 741 in
1209 702 1344 740 medio
1384 701 1513 740 disco-

128 778 328 821 opertum,
345 765 382 804 δε
400 778 469 818 per
487 765 669 803 medium
686 762 915 803 cancellum
932 777 981 801 ex
999 776 1080 800 uno
1095 761 1219 800 latere
1231 761 1380 800 intrant
1393 761 1514 801 Chri-

130 827 256 876 stiani,
273 840 321 865 ex
333 824 412 863 alio
426 837 520 863 vero
533 822 648 862 Iudei
664 823 823 862 incensa
835 823 1025 861 facientes
1038 820 1176 860 multa.
1194 820 1305 860 Nam
1317 818 1514 873 depositio

130 885 254 926 Iacob
287 884 325 924 &
348 883 484 923 David
516 884 554 922 in
585 892 686 921 terra
716 882 783 921 illa
813 883 876 921 die
906 882 1036 934 primo
1069 879 1157 932 post
1187 879 1318 918 natale
1341 879 1514 918 Domini

133 944 382 985 devotiffime
415 941 462 981 ab
503 941 691 980 omnibus
731 940 966 991 celebratur,
1006 940 1060 979 ita
1095 949 1138 978 ut
1175 953 1224 978 ex
1264 939 1375 978 omni
1417 949 1517 978 terra

134 1004 354 1044 [udeorum
385 1000 603 1040 conveniat
633 999 936 1039 innumerabilis
967 999 1188 1039 multitudo
1220 998 1379 1038 incensa
1409 998 1519 1037 defe-

136 1074 283 1112 rentes,
304 1060 368 1100 vel
391 1059 615 1109 luminaria,
636 1059 674 1098 δε
696 1060 835 1099 dantes
857 1073 1035 1109 munera,
1057 1073 1102 1098 ac
1121 1058 1335 1098 servientes
1354 1057 1518 1096 ibidem.

139 1122 244 1162 Item
274 1131 520 1161 revertentes
553 1133 622 1173 per
643 1118 894 1158 Hierusalem
924 1118 1203 1157 descendimus
1235 1118 1274 1157 in
1304 1118 1411 1156 viam
1441 1129 1519 1169 que

138 1181 249 1220 vadit
264 1181 303 1219 in
323 1179 485 1220 Gazam
504 1178 542 1217 ἃ
559 1176 762 1216 Abscalon
784 1176 896 1215 milia
915 1192 980 1216 xx.
1004 1176 1071 1216 De
1087 1174 1321 1215 Ierosolima
1337 1175 1520 1215 venimus

140 1240 179 1278 in
210 1250 348 1277 monte
371 1237 536 1278 Gelboe
566 1236 633 1275 ubi
664 1236 816 1275 occidit
847 1235 982 1275 David
1015 1235 1186 1276 Goliam
1215 1236 1432 1289 gigantem.
1468 1232 1522 1272 Et

140 1298 191 1337 ibi
224 1297 368 1336 mortui
393 1295 480 1335 sunt
501 1294 594 1335 Saul
616 1294 653 1334 &
681 1293 787 1334 filius
818 1295 902 1334 eius
924 1293 1128 1334 Ionathas.
1158 1293 1269 1334 Iacet
1300 1294 1352 1333 ibi
1376 1292 1522 1334 Golias

139 1358 178 1396 in
210 1356 343 1395 media
373 1356 447 1394 via.
481 1354 661 1407 Ligneus
692 1354 739 1392 ad
762 1365 885 1407 caput
906 1368 1084 1404 acervus,
1116 1353 1154 1393 δε
1176 1353 1289 1406 super
1309 1367 1401 1392 eum
1423 1367 1523 1392 con-

139 1415 268 1468 geries
303 1428 450 1467 magna
484 1424 710 1466 petrarum,
746 1413 798 1452 ita
834 1424 876 1452 ut
913 1414 959 1452 ad
996 1429 1048 1452 xx
1084 1414 1254 1452 miliaria
1288 1428 1369 1452 non
1406 1412 1524 1465 possis

142 1473 321 1512 invenire
347 1472 523 1525 lapidem
560 1487 680 1525 quem
717 1486 881 1511 movere
914 1472 1053 1525 poffis,
1089 1474 1183 1525 quia
1212 1472 1300 1512 usus
1335 1473 1390 1511 est
1425 1471 1524 1511 talis.

144 1530 527 1586 Quotienscumque
559 1532 648 1584 quis
680 1530 814 1571 transit
845 1542 977 1571 ternas
999 1531 1132 1570 secum
1167 1532 1294 1571 defert
1314 1531 1467 1584 lapides
1490 1530 1527 1570 &

143 1591 196 1630 ibi
225 1605 290 1631 eas
321 1591 495 1644 proiicit,
526 1590 582 1630 set
611 1590 649 1630 δε
677 1605 752 1630 nos
782 1589 962 1630 fimiliter
993 1591 1172 1631 fecimus.
1209 1591 1320 1630 Nam
1352 1591 1391 1629 in
1424 1590 1528 1643 ipsos

144 1661 303 1689 montes
333 1664 409 1689 nec
436 1663 501 1690 ros
532 1664 607 1689 nec
639 1649 776 1702 pluvia
806 1649 1024 1700 descendit,
1057 1649 1270 1703 postquam
1295 1649 1430 1690 David
1458 1664 1528 1689 eos

144 1708 366 1748 maledixit.
399 1708 453 1748 Et
484 1709 693 1749 noeturnis
724 1709 832 1749 horis
863 1709 1012 1749 secreto
1036 1710 1087 1748 ibi
1111 1710 1299 1749 videntur
1322 1709 1430 1749 volvi
1455 1710 1531 1748 im-

147 1769 285 1807 mundi
309 1767 480 1820 spiritus,
501 1767 650 1807 vellera
671 1767 760 1807 lane
782 1769 843 1807 vel
867 1769 973 1808 unde
997 1769 1128 1808 maris.

203 1826 366 1866 Deinde
388 1827 595 1866 deviantes
616 1827 664 1865 ad
687 1826 803 1877 latus,
831 1828 1017 1867 venimus
1038 1828 1077 1866 in
1099 1827 1308 1867 civitatem
1330 1843 1409 1881 que
1431 1828 1533 1867 dici-

150 1897 212 1926 tur
243 1885 582 1938 Heliuteropolis,
613 1886 652 1924 in
684 1884 776 1925 loco
808 1886 875 1924 ubi
907 1885 975 1925 ille
996 1886 1145 1926 Samson
1178 1888 1408 1927 fortissimus
1438 1902 1533 1927 cum

150 1944 313 1984 maxilla
333 1942 426 1983 asini
450 1944 560 1983 mille
588 1945 742 1984 occidit
762 1945 883 1985 viros.
915 1944 979 1984 Ex
1000 1959 1079 1998 qua
1100 1945 1264 1985 maxilla
1286 1946 1370 1998 ipso
1393 1958 1532 1986 orante

151 2018 254 2057 aqua
276 2003 477 2056 profluxit.
511 2003 598 2059 Qui
632 2004 720 2044 fons
743 2004 833 2043 loca
855 2004 935 2057 ipsa
957 2004 1078 2057 usque
1100 2005 1138 2044 in
1162 2006 1404 2044 hodiernum
1427 2006 1535 2045 diem

154 2074 300 2116 ungat.

205 2123 314 2163 Nam
338 2122 375 2161 in
399 2121 492 2161 loco
516 2122 581 2161 ubi
606 2121 725 2175 surgit
748 2123 909 2174 fuimus,
932 2124 1078 2162 deinde
1100 2124 1286 2164 venimus
1308 2125 1411 2164 inter
1433 2135 1536 2164 tem-

153 2182 267 2236 plum
288 2181 325 2221 δέ
348 2181 484 2232 altare,
508 2181 574 2220 ubi
598 2182 752 2222 occisus
774 2183 829 2222 est
852 2183 1088 2233 Zacharias,
1111 2182 1149 2222 &
1172 2183 1236 2222 ubi
1260 2184 1484 2236 requiescit.

207 2241 276 2282 Est
306 2242 358 2280 ibi
391 2255 469 2280 una
497 2239 664 2280 ecclesia
693 2253 845 2292 ornata,
881 2242 968 2282 sunt
999 2243 1038 2282 in
1081 2257 1126 2282 ea
1160 2242 1255 2282 servi
1293 2243 1372 2283 Dei
1410 2245 1538 2284 multi.

154 2300 254 2341 Inde
278 2301 462 2340 venimus
493 2301 539 2338 ad
574 2299 711 2339 locum
734 2302 801 2341 ubi
825 2302 965 2343 Ysaias
988 2304 1185 2356 propheta
1206 2305 1255 2344 de
1279 2304 1381 2344 serra
1404 2304 1538 2358 lignea

156 2361 306 2400 secatus
328 2360 396 2408 est,
427 2358 464 2398 &
487 2359 637 2398 ibidem
668 2360 771 2400 iacet
798 2360 864 2400 sub
887 2376 1039 2415 quercu
1064 2362 1195 2416 Rogel
1217 2363 1327 2403 iuxta
1348 2377 1542 2416 aquarum

156 2418 377 2460 decursum.
411 2417 465 2457 Et
486 2417 567 2470 ipsa
588 2417 689 2457 serra
710 2433 781 2472 pro
804 2419 1035 2460 testimonio
1058 2420 1184 2474 posita
1204 2421 1259 2461 est
1281 2424 1327 2462 ad
1362 2423 1543 2463 sanetum

160 2478 418 2518 Zachariam.
453 2475 612 2516 Exinde
636 2478 819 2518 venimus
843 2479 880 2517 in
904 2478 1040 2518 locum
1063 2480 1129 2519 ubi
1153 2480 1322 2520 Abacuc
1346 2482 1544 2534 propheta

160 2538 375 2591 prandium
406 2536 556 2576 ferebat
587 2534 820 2577 messoribus
851 2540 1014 2591 quando
1037 2553 1129 2578 eum
1152 2539 1330 2593 angelus,
1368 2555 1437 2592 per
1458 2555 1546 2580 ver-

159 2597 281 2636 ticem
316 2607 480 2647 tenens,
522 2596 634 2649 super
669 2596 823 2647 lacurn,
860 2599 898 2636 in
934 2613 1015 2651 quo
1054 2597 1233 2637 Danihel
1272 2599 1374 2639 inter
1409 2600 1547 2640 leones

161 2656 311 2706 orabat,
332 2655 515 2708 deposuit
537 2655 574 2695 δε
596 2656 649 2695 ibi
676 2656 796 2710 surgit
813 2658 902 2697 fons
924 2657 962 2696 in
986 2672 1067 2711 quo
1094 2656 1305 2711 Philippus
1326 2659 1548 2712 baptizavit

165 2715 410 2754 eunuchum.
442 2713 487 2754 In
517 2713 606 2766 ipsis
633 2714 732 2756 locis
761 2715 848 2755 sunt
870 2717 977 2769 putei
1002 2731 1103 2769 quos
1128 2717 1317 2756 foderunt
1341 2718 1545 2757 Abraham

165 2773 325 2814 scilicet·
347 2774 385 2814 &
415 2773 552 2824 Iacob,
579 2789 679 2827 quos
702 2775 953 2829 appellarunt
984 2776 1241 2816 calumniam.
1273 2775 1371 2815 lude
1394 2776 1547 2829 ingressi

1383 2861 1419 2889 ¹7
