2216 3435
387 300 478 329 Mons
489 297 633 328 Garizim.

398 342 508 371 Puteus
526 339 624 370 Iacob.
655 361 660 367 .

477 725 619 755 Samaria.

453 1808 613 1840 Nazareth.

392 1873 484 1901 Cana.
501 1869 583 1909 Caph
589 1880 634 1899 ar-

467 1923 569 1942 naum.

393 1956 485 1984 Lacus
497 1953 630 1983 Tiberia-

491 1996 544 2025 dis.

407 2170 500 2199 Mons
518 2169 630 2198 Tabor.

396 2314 545 2343 Hermon.
560 2315 640 2345 Her-

452 2355 592 2386 moniim.

398 2453 530 2482 Torrens
540 2451 642 2481 Cison.

522 2528 623 2558 Naim.

653 132 712 193 38
1141 141 1533 174 PEREGRINATIO

655 290 699 333 ὅ(
725 304 775 333 ex
801 286 930 331 latere
952 290 1098 332 montis
1127 289 1308 345 Gariyisn
1332 286 1587 331 exstrucslam
1608 286 1721 330 circa
1733 303 1896 346 puteum
1917 289 2032 331 Iacob

652 359 824 405 intravit
839 356 1084 403 ecclesiam:
1111 358 1235 420 super
1250 374 1338 419 quo
1354 355 1538 402 residens
1560 357 1792 413 Dominus,
1813 354 2035 418 sitiensque

655 434 699 477 ὃ(
716 431 915 487 esuriens,
936 430 1202 474 Samaritam:
1221 428 1306 474 fide
1330 429 1498 474 satiatus
1520 429 1591 485 est,
1612 446 1709 491 que,
1726 428 1919 490 quinque
1939 444 2034 471 mo-

655 503 868 548 saicorum
890 500 1166 547 voluminum
1185 501 1282 546 viris
1311 500 1531 561 sextoque,
1559 517 1690 561 quem
1710 500 1750 544 se
1775 496 1932 543 habere
1952 499 2037 542 iac-

657 573 788 633 tabat,
807 590 950 619 errore
972 570 1165 617 Dolithei
1192 570 1414 629 derelirsto,
1435 589 1587 617 verum
1609 571 1804 617 mesliam
1824 571 1868 614 ὃς
1888 586 2039 615 verum

656 646 811 708 reperit
834 645 1102 690 salvatorem.
1136 645 1281 704 Atque
1301 642 1403 688 inde
1429 641 1644 689 divertens
1668 640 1776 689 vidit
1801 639 2038 686 duodecim

658 717 999 781 patriarcharum
1021 715 1213 777 sepulcra
1231 717 1275 760 ὃς
1294 713 1524 772 Sebastem‚
1540 713 1583 759 id
1604 714 1674 771 est,
1694 716 1723 757 5
1727 717 1937 769 amariam,
1957 728 2040 773 quc

659 791 699 834 in
725 788 944 834 honorem
970 787 1149 850 Augusti
1173 784 1226 832 ab
1252 785 1432 831 Herode
1466 803 1600 849 greco
1624 786 1823 830 sermone
1849 785 2041 847 Augusta

658 861 715 906 cst
740 860 981 905 nominata.
1038 856 1095 902 lbi
1126 856 1187 903 siti
1222 858 1317 902 sunt
1343 857 1538 902 Heliseus
1563 858 1607 901 ἃ
1635 854 1800 902 Abdias
1825 855 2041 918 prophete

657 934 715 990 ὃς,
742 949 831 993 quo
857 931 996 975 maior
1014 930 1125 975 inter
1150 945 1276 975 natos
1314 929 1545 974 mulierum
1579 945 1671 974 non
1698 928 1791 986 fuit,
1830 927 2039 972 lohannes

659 1003 867 1066 Baptista:
905 1000 977 1047 ubi
1000 1001 1143 1046 multis
1168 1001 1390 1046 intremuit
1417 998 1707 1058 mirabilibus3
1737 1016 1928 1060 namque
1954 1015 2042 1042 cer-

660 1074 790 1121 nebat
813 1074 936 1120 variis
961 1071 1174 1118 demones
1200 1073 1340 1136 rugire
1365 1070 1622 1118 cruciatibus
1657 1073 1701 1117 &
1726 1087 1826 1116 ante
1853 1070 2043 1133 sepulcra

661 1148 907 1193 {mdiorum
938 1145 1100 1190 ululare
1135 1145 1335 1190 homines
1369 1162 1493 1189 more
1523 1143 1744 1206 luporum,
1775 1140 1955 1187 vocibus
1985 1141 2043 1186 la-

661 1236 768 1264 trare
787 1235 962 1273 canum,
984 1217 1166 1262 fremere
1189 1216 1385 1275 leonum,
1403 1214 1567 1262 sibilare
1586 1216 1848 1278 serpentum,
1875 1214 2044 1276 mugire

662 1307 899 1349 taurorum,
925 1289 1030 1335 alios
1056 1305 1197 1334 rotare
1223 1304 1355 1351 caput
1379 1289 1423 1332 &
1447 1287 1545 1350 post
1570 1303 1741 1349 tergum
1767 1301 1925 1330 terram
1949 1302 2043 1331 ver-

664 1363 744 1408 tice
769 1378 946 1426 tangere
971 1359 1259 1423 suspensisque
1284 1359 1397 1422 pede
1428 1360 1597 1405 feminis
1624 1358 1757 1405 vestes
1787 1355 1975 1402 defluere
2001 1357 2042 1401 in

666 1434 833 1480 faciem.
861 1432 1138 1479 Miserebatur
1169 1434 1372 1477 omnium
1398 1434 1456 1490 ὃς,
1487 1430 1658 1495 singulis
1685 1428 1821 1476 effusis
1844 1429 2047 1487 lacrimis,

667 1506 824 1552 Christi
849 1505 1126 1551 clementiam
1161 1503 1486 1567 deprecabatur.
1531 1504 1576 1548 Et
1599 1501 1702 1548 sicut
1727 1517 1817 1547 erat
1840 1499 2046 1557 invalida,

668 1577 859 1624 ascendit
882 1576 1065 1641 pedibus
1089 1592 1304 1633 montem,
1320 1577 1363 1621 in
1384 1576 1499 1620 cuius
1521 1572 1686 1620 duabus
1708 1573 1935 1636 spelunciS,
1954 1589 2048 1634 per-

669 1650 897 1696 secutionis
933 1651 977 1695 ὃς
1008 1649 1131 1695 famis
1166 1665 1379 1711 tempore,
1419 1645 1583 1692 Abdias
1620 1646 1837 1709 propheta
1873 1659 2049 1690 centum

668 1722 905 1786 prophetas
931 1721 1035 1766 aluit
1058 1737 1173 1783 pane
1193 1722 1237 1765 ὃς
1263 1736 1389 1781 aqua.

734 1795 861 1840 XVII.
888 1792 990 1838 Inde
1006 1793 1092 1837 cito
1112 1793 1264 1838 itinere
1288 1790 1498 1854 percurrit
1521 1794 1768 1851 charetlz,
1796 1787 2052 1834 nutriculam

670 1867 869 1925 Domini,
896 1868 1006 1911 Cana
1031 1865 1070 1909 ἃ
1107 1867 1404 1926 Capharnaum,
1431 1860 1654 1925 fignorum
1690 1862 1778 1907 eius
1807 1859 2051 1917 familiares,

670 1940 798 1983 lacum
824 1938 1054 1982 ‘Tiberiadis
1075 1937 1311 1998 navigante
1332 1935 1531 1980 Domino
1552 1933 1867 1981 sanfflficatum
1885 1933 1931 1976 &
1954 1929 2051 1975 soli-

671 2009 884 2067 tudinem,
911 2009 955 2054 in
982 2025 1067 2070 qua
1092 2008 1228 2053 multa
1246 2006 1519 2070 populorum
1538 2006 1674 2051 millia
1698 2005 1846 2068 paucis
1870 2003 2054 2048 saturata

673 2083 767 2128 sunt
790 2079 991 2144 panibuS,
1015 2081 1060 2125 ὅ(
1087 2078 1141 2125 de
1167 2078 1353 2140 reliquiis
1385 2078 1652 2124 vescentium
1676 2076 1827 2139 repleti
1859 2075 1956 2119 sunt
1980 2091 2053 2118 co-

675 2153 795 2216 phini
811 2150 1050 2197 duodecim
1069 2150 1259 2197 tribuum
1280 2149 1413 2195 Israel.
1450 2148 1695 2195 Scandebat
1713 2165 1881 2193 montem
1904 2145 2051 2202 Tabor,

674 2227 718 2270 in
758 2240 848 2286 quo
886 2222 1210 2286 tranffiguratus
1248 2221 1306 2267 est
1341 2221 1584 2279 Dominu53
1630 2217 1865 2283 aspiciebat
1899 2215 2056 2280 procul

675 2311 847 2341 montes
873 2298 1050 2340 Hermon
1077 2295 1116 2339 ὃ
1144 2296 1413 2350 Hermoniim,
1440 2294 1485 2337 ὃς
1508 2309 1690 2356 campos
1715 2291 1934 2336 latissimos
1962 2289 2054 2333 Ga-

674 2369 783 2427 lilee,
812 2368 855 2413 in
892 2364 1045 2428 quibus
1084 2365 1218 2411 Sisara
1252 2366 1296 2409 δε
1322 2364 1465 2409 omnis
1505 2365 1714 2410 exercitus
1754 2362 1856 2419 eius,
1895 2358 2054 2405 Barach

674 2440 890 2495 vincente,
907 2438 1138 2501 prostratus
1152 2436 1225 2494 est,
1244 2451 1483 2481 torrentema
1508 2438 1542 2480 C
1546 2437 1588 2497 zs
1584 2454 1647 2492 on,
1663 2435 1737 2496 qui
1756 2431 1948 2478 mediam
1961 2430 2054 2493 pla—

677 2512 827 2556 nitiem
845 2507 1090 2567 dividebat3
1127 2510 1171 2553 ὃς
1191 2505 1409 2571 oppidum
1427 2507 1542 2553 iuxta
1559 2509 1729 2567 Qaim,
1757 2506 1800 2550 in
1821 2520 1911 2567 quo
1927 2501 2056 2549 vidue

677 2582 893 2628 suscitatus
918 2581 976 2627 est
1000 2580 1124 2640 filius,
1149 2578 1477 2626 monstrabatur.

725 2756 757 2777 a.
788 2743 867 2785 Ms.‚
887 2742 936 2775 ed.
959 2750 1098 2776 torrens·
