2216 3435
4 1726 95 1756 ,Mun
111 1737 138 1765 p.
159 1725 245 1764 1096.

662 286 936 322 OBSIDIONIS
960 285 1224 319 DAMIATE.
1559 285 1623 333 97

252 440 611 496 Christianorum,
647 436 770 499 quod
800 452 888 482 erat
924 451 1023 481 ante
1055 434 1201 479 focem
1226 433 1428 478 Damiate
1465 433 1510 476 ὅς
1549 447 1622 475 co-
1646 455 1722 484 1219

252 512 355 558 tidie
386 509 566 573 quidam
599 509 820 554 Sarraceni
853 505 1024 552 exibant
1059 503 1113 550 de
1144 505 1313 551 civitate
1338 506 1383 548 ὃς
1407 501 1627 566 negabant

253 600 406 629 eorum
431 581 577 644 legem
600 581 645 624 ὃς
671 577 1014 642 baptizabantur.
1042 577 1087 623 Et
1111 575 1166 622 de
1190 575 1311 620 malis
1331 573 1560 637 Spagnolis
1584 574 1629 617 &

254 653 307 700 de
331 653 455 698 malis
473 651 668 715 Anglicis
692 651 908 713 fugientes
932 648 988 694 ad
1009 649 1241 694 exercitum
1260 647 1533 709 paganorum
1557 662 1630 689 ne-

253 724 419 789 gabant
442 723 678 781 Christum,
704 721 842 767 filium
862 722 1016 767 Samste
1040 720 1174 765 Marie
1198 718 1388 780 virginis,

318 795 497 841 XXXV.
530 795 744 840 Postrema
769 793 839 839 die
873 791 1025 838 mensis
1058 791 1144 850 lulij
1164 799 1176 820 ¹
1197 790 1416 835 civitatem
1441 785 1634 849 undique
1654 804 1708 833 101.
1728 813 1773 842 31.

256 884 357 912 cum
375 867 502 930 gattis
519 866 803 928 &manganis
815 867 859 910 ὅ(
873 863 1080 926 prederiis
1098 861 1309 907 machinis
1329 858 1550 905 fortiffime
1564 877 1634 904 ex-

255 954 562 1002 pugnaverunt
594 939 639 982 &
666 946 683 966 2
715 937 887 981 summo
924 952 1051 980 mane
1088 934 1197 978 illius
1228 931 1312 978 diei
1345 931 1638 993 apposuerunt

257 1009 488 1055 Christiani
530 1026 664 1053 unam
691 1017 705 1046 3
734 1007 894 1052 scalam
923 1015 942 1043 4
976 1006 1223 1051 Pisanorum
1267 1020 1428 1067 magne
1465 1001 1636 1046 fortitu-

259 1081 370 1128 dinis
388 1083 434 1127 δε
457 1078 790 1143 magnitudinis3
814 1095 941 1124 muro
967 1076 1189 1122 cuiusdam
1213 1076 1336 1120 turris
1361 1073 1539 1119 civitatis
1559 1071 1640 1116 fuit

259 1150 469 1215 apposita,
494 1151 617 1214 super
641 1168 775 1212 quam
798 1148 874 1213 ipsi
901 1159 915 1189 5
949 1149 1081 1195 Pisani
1113 1145 1392 1193 ascendentes
1417 1147 1462 1190 ὃς
1484 1143 1639 1188 stantes

259 1223 397 1285 ipsam
417 1238 579 1267 turrem
595 1222 612 1251 ⁶
630 1221 796 1266 fortiter
815 1237 917 1265 cum
934 1219 1190 1276 Sarracenis,
1213 1218 1286 1279 qui
1305 1218 1348 1261 in
1374 1233 1423 1261 ea
1447 1213 1640 1269 aderant,

261 1293 562 1356 preliaverunt.
599 1290 804 1338 Tandem
840 1291 1059 1337 Sarraceni
1096 1291 1247 1354 ignem
1277 1286 1594 1350 &sulphurem
1624 1290 1641 1317 7

262 1364 493 1410 accensum
516 1364 643 1426 super
662 1380 760 1408 eam
781 1363 1074 1425 proiiciente8‚
1099 1361 1238 1423 ipsam
1256 1359 1414 1405 scalam
1440 1352 1643 1402 combus-

262 1434 418 1494 serunt,
436 1436 451 1464 3
469 1437 514 1481 &
538 1434 593 1480 s1c
611 1435 743 1480 Pisani
762 1451 828 1494 ea,
850 1451 934 1496 que
953 1433 1290 1496 proposuerunt,
1317 1430 1373 1476 ad
1391 1429 1526 1474 finem
1540 1441 1644 1489 pro-

264 1504 420 1551 ducere
436 1515 453 1544 9
477 1507 657 1552 minime
675 1522 928 1569 potuerunt,
964 1507 1010 1550 &
1038 1503 1092 1550 ab
1117 1502 1243 1566 ipsius
1274 1503 1396 1548 turris
1422 1498 1645 1562 expugna-

264 1578 384 1622 tione
408 1576 648 1624 diviserant.
681 1575 765 1623 Sed
791 1578 892 1638 quia
915 1585 1057 1622 non10
1072 1573 1291 1620 habebant
1322 1572 1566 1619 succursum
1591 1564 1645 1612 ab

264 1648 354 1693 aliis
375 1648 495 1694 scalis
515 1647 619 1695 diffl
640 1649 787 1708 Pisani,
807 1647 881 1694 sed
900 1665 1046 1694 tamen
1067 1647 1227 1692 multos
1242 1647 1497 1692 Sarracenos
1517 1645 1645 1689 inter·

268 1719 462 1766 fecerunt
484 1722 530 1766 ὅ(
563 1720 897 1767 vulneraverunt
925 1721 970 1765 ὃς
995 1716 1338 1776 combusserunt,
1355 1726 1386 1746 ¹1
1415 1716 1646 1762 Christiani

267 1808 370 1837 vero
384 1789 560 1850 flebant,
575 1793 674 1854 quia
689 1809 779 1838 non
788 1807 992 1854 poterant
1006 1808 1080 1836 eos
1089 1789 1295 1836 adiuvare
1307 1787 1381 1834 nisi
1396 1788 1507 1833 solus
1517 1789 1647 1833 Deus.

267 1862 412 1908 Postea
425 1863 534 1908 scale
550 1861 818 1909 Ianuenfium
833 1861 1089 1908 accedentes
1107 1861 1233 1925 ipsius
1253 1863 1374 1907 turris
1390 1878 1516 1906 muro
1532 1876 1601 1905 eas
1615 1868 1650 1888 ¹2

269 1934 562 1996 apposuerunt
580 1935 625 1979 ὅ(
638 1942 672 1972 13
694 1934 850 1981 calavit
868 1934 992 1997 super
1012 1951 1185 1979 murum
1206 1933 1402 1990 civitatis,
1424 1934 1469 1978 ὃς
1485 1931 1651 1994 optime

270 2004 498 2066 preliatum
511 2005 749 2067 est¹4usque
762 2005 816 2051 ad
831 2006 1041 2067 vesperas.
1064 2006 1283 2051 Sarraceni
1296 2021 1457 2062 autem,
1478 2002 1652 2067 egregie

271 2075 312 2120 se
344 2074 641 2135 defendentes,
680 2077 830 2140 ignem
866 2077 911 2122 &
948 2076 1198 2139 sulphurem
1216 2086 1249 2116 15
1272 2078 1317 2122 &
1336 2078 1370 2106 ¹⁶
1392 2075 1599 2138 axungias
1616 2081 1651 2109 ¹7

273 2147 472 2192 accensas
506 2148 630 2210 super
659 2148 770 2210 ipsas
794 2148 926 2193 scalas
950 2149 1240 2211 proiecerunt,
1279 2165 1362 2210 que
1398 2147 1538 2192 statim
1563 2162 1654 2189 cre-

273 2235 390 2263 mare
425 2220 470 2263 &
495 2217 752 2264 comburere
777 2234 995 2281 ceperunt.
1039 2219 1259 2264 Ianuenses
1296 2235 1401 2264 vero
1435 2217 1585 2263 vinum
1610 2217 1654 2260 ὃς

273 2305 462 2347 acetum,
494 2288 617 2351 quod
643 2290 788 2335 secum
816 2306 1109 2352 portaverant,
1134 2290 1257 2352 super
1280 2290 1431 2352 ignem
1454 2288 1653 2350 proiicie-

277 2358 396 2418 bant,
414 2359 448 2389 13
479 2359 551 2406 sed
588 2362 738 2424 ignem
775 2361 1041 2425 exstinguere
1082 2378 1173 2407 non
1208 2359 1423 2407 valebant.
1459 2361 1654 2406 Cernen-

330 2500 340 2520 1
368 2488 399 2520 P.
420 2488 603 2521 Christiani.
622 2509 667 2513 —-
688 2503 706 2522 2
723 2491 754 2522 P.
775 2489 819 2530 Sc,
834 2488 1005 2533 sequentia
1024 2489 1164 2522 omittens
1182 2489 1279 2533 usque
1292 2500 1403 2521 unam.
1424 2508 1466 2513 —-
1489 2501 1503 2531 3
1523 2490 1558 2522 P.
1577 2501 1657 2533 que-

277 2540 368 2574 dam.
388 2560 428 2565 -—
449 2553 470 2581 4
490 2542 522 2575 P.
543 2542 639 2575 scala.
659 2562 701 2567 ——
720 2556 735 2586 5
759 2544 790 2575 P.
804 2554 861 2575 om.
881 2562 922 2566 —
939 2546 956 2575 6
975 2544 1005 2575 P.
1022 2542 1146 2575 turrim.
1168 2562 1209 2567 —
1233 2554 1249 2582 7
1271 2543 1302 2574 P.
1323 2542 1486 2575 sulfurem.
1509 2563 1553 2566 ἢ
1574 2546 1590 2574 8
1607 2543 1655 2575 M.

278 2596 529 2628 comburerunt.
551 2614 592 2619 -—
615 2608 632 2638 9
653 2597 685 2628 P.
707 2596 748 2628 ad
768 2595 867 2628 finem
886 2596 1018 2629 ducere.
1045 2615 1085 2619 —
1122 2608 1161 2629 10
1181 2597 1216 2629 P.
1236 2607 1293 2629 om.
1312 2597 1354 2628 ab
1372 2607 1436 2628 non
1462 2595 1559 2639 usque
1579 2595 1658 2627 Pos-

279 2656 345 2681 tea.
368 2667 411 2672 -
433 2659 467 2680 11
490 2649 539 2681 M.
560 2647 653 2692 legit.-
671 2650 909 2682 comburerunt
935 2661 952 2682 v
972 2648 1083 2693 passus
1107 2648 1294 2690 Christiani,
1321 2650 1384 2682 διο.
1410 2669 1454 2672 —
1483 2661 1521 2682 12
1549 2650 1580 2681 P.
1599 2659 1658 2680 om.

280 2721 323 2725 —-
338 2713 349 2733 1
361 2712 376 2743 3
390 2702 422 2734 P.
435 2700 710 2743 om.sententiam:
724 2702 844 2735 valavit
855 2728 879 2735 ..
894 2729 900 2735 .
914 2703 955 2735 ad
967 2703 1129 2747 vesperaS‚
1147 2702 1269 2746 legens.-
1282 2702 1413 2735 fortiter
1423 2702 1525 2746 ipsam
1537 2710 1658 2734 turrem

284 2755 533 2798 expugnabant.
553 2775 596 2779 —
628 2768 668 2796 14
701 2757 750 2789 M.
775 2756 934 2800 preliavit.
961 2775 1002 2780 ——
1033 2768 1069 2798 15
1093 2757 1140 2789 M.
1169 2756 1332 2789 sulfurem.
1361 2775 1404 2780 -
1429 2759 1466 2789 16
1488 2758 1520 2790 P.
1541 2769 1597 2789 om.
1615 2776 1660 2780 —

290 2819 328 2848 17
352 2808 386 2840 P.
407 2819 445 2840 ac
464 2807 604 2852 songias.
621 2828 665 2832 —
691 2812 726 2841 ¹8
750 2810 782 2841 P.
803 2808 1041 2852 prohiciebant.

1403 2872 1441 2904 Ῑ3
