2216 3435
679 283 745 315 DE
781 284 916 317 LOC1s
946 284 1166 317 SANCTIS.
1528 277 1614 336 187

239 456 422 501 XXVIII.
450 461 515 502 ‘De
535 457 792 502 <Alexandria
819 457 858 501 δ’
873 459 1004 517 Nilo
1022 460 1189 516 flumine
1214 458 1252 502 δ’
1272 462 1491 504 crocodilis
1513 465 1610 505 eius.

303 566 493 611 Grandis
517 567 588 612 illa
614 568 774 625 civitas,
802 585 885 629 que
922 566 1147 629 quondam
1180 569 1435 630 metropolis
1460 569 1613 632 Egypti

239 638 387 694 fuerat,
401 636 601 683 hebraice
621 638 726 682 olim
741 639 811 683 No
828 637 1116 684 vocitabatur:
1131 637 1227 683 urbs
1243 638 1368 684 valde
1385 641 1612 702 populosa,

238 725 321 769 que
354 707 408 753 ab
437 708 684 753 Alexandro
716 727 815 772 rege
853 708 1112 767 Macedone,
1150 709 1340 754 eiusdem
1368 711 1612 770 conditore,

237 779 400 823 famosa
427 778 684 824 Alexandria
708 796 816 824 noto
843 797 918 842 per
945 780 1158 826 universas
1184 796 1335 843 gentes
1364 782 1614 828 nominatur

236 848 468 907 vocabulo,
503 851 547 894 ὃς
584 850 935 913 magnitudinem
975 850 1087 897 urbis
1117 852 1161 895 ὃς
1194 868 1357 896 nomen
1396 853 1613 914 accipiens

235 918 290 965 ab
314 919 473 965 codem
494 918 755 966 edificatore.
784 923 850 966 De
871 923 988 966 cuius
1015 920 1088 966 situ
1115 922 1246 966 etiam
1267 923 1466 968 Arculfus
1491 942 1611 969 enar-

235 1008 346 1049 ranS,
371 990 425 1036 ab
450 991 527 1050 his,
562 1008 644 1053 que
670 992 784 1053 prius
813 991 1000 1037 Iecstione
1031 991 1274 1051 didicimus,
1306 993 1425 1038 nullo
1459 993 1612 1041 discre-

237 1078 311 1124 pat
334 1061 486 1107 modo.

301 1133 391 1195 Qu
415 1131 469 1178 ab
490 1133 802 1193 Hierosolymis
825 1132 1088 1178 descendens
1111 1136 1155 1179 ὅς
1178 1133 1231 1179 ab
1255 1138 1387 1197 Ioppe
1408 1138 1613 1199 navigare

235 1205 460 1265 incipiens,
487 1204 777 1267 quadraginta
796 1204 962 1250 dierum
985 1206 1061 1250 iter
1080 1206 1211 1267 usque
1231 1205 1285 1251 ad
1305 1207 1612 1253 Alexandriam

236 1272 397 1333 habuit,
424 1274 477 1320 de
502 1293 588 1337 qua
614 1274 796 1321 breviter
821 1276 995 1320 Nahum
1018 1276 1233 1338 prophete
1256 1278 1393 1322 sermo
1420 1278 1613 1337 habetur,

234 1347 291 1390 ita
314 1345 513 1392 dicentis:
540 1351 662 1406 chua
690 1352 729 1391 in
755 1351 923 1392 circuitu
945 1351 1044 1405 eius,
1065 1352 1177 1392 cuius
1200 1351 1344 1393 divitie
1368 1368 1489 1406 mare,
1517 1371 1614 1411 aque

235 1420 337 1461 muri
366 1422 463 1462 eius.
499 1416 566 1462 Ab
598 1417 766 1463 australi
799 1435 990 1480 namque
1026 1434 1146 1481 parte
1172 1420 1284 1464 ostiis
1310 1420 1395 1465 Nili
1424 1420 1613 1468 fluminis

235 1488 433 1551 cingitur,
460 1487 515 1533 ab
539 1489 777 1550 aquilonali
801 1506 903 1534 vero
929 1490 1101 1552 plagast
1125 1488 1179 1534 sic
1208 1491 1354 1552 itaque
1379 1490 1612 1555 descriptus

234 1575 378 1622 aperte
399 1558 492 1604 situs
519 1560 777 1605 monstratur
802 1561 903 1619 eius,
925 1560 1059 1622 quod,
1087 1560 1235 1623 superb
1259 1562 1408 1608 Nilum
1428 1565 1472 1609 ὃς
1492 1583 1609 1612 mare

234 1629 385 1692 posita,
411 1629 510 1674 hinc
529 1632 573 1675 ὃς
593 1629 694 1676 inde
715 1631 837 1693 aquis
859 1630 1086 1677 ambiatur.
1119 1633 1220 1696 OQ&
1247 1632 1362 1694 quasi
1384 1634 1611 1680 claustrum

233 1702 342 1746 inter
361 1701 574 1764 Egyptum
594 1704 638 1747 &
656 1720 773 1748 mare
793 1703 1004 1766 Magnum
1022 1704 1246 1750 interiacet
1264 1707 1427 1764 civitas,
1447 1706 1611 1768 impor-

235 1772 370 1831 tuosa,
403 1771 456 1818 ab
488 1789 665 1818 externo
696 1771 880 1818 difficilis
913 1773 1093 1820 accessu.
1126 1775 1262 1821 Cuius
1288 1794 1436 1838 portus
1463 1777 1612 1822 ceteris

235 1842 467 1901 difficilior,
501 1843 614 1905 quasi
644 1843 698 1889 ad
730 1844 916 1890 formam
947 1845 1127 1891 humani
1158 1848 1368 1910 corporis,
1401 1849 1443 1893 in
1470 1850 1610 1911 capite

234 1914 327 1975 ipso
353 1916 397 1959 ὅς
422 1915 602 1960 statione
630 1915 848 1977 capacior,
875 1916 917 1960 in
944 1915 1138 1961 faucibus
1172 1935 1276 1963 vero
1305 1920 1537 1981 angustior,
1570 1920 1611 1963 in

235 2002 321 2046 qua
354 2000 520 2029 meatus
553 1985 678 2029 maris
710 2002 761 2029 ac
796 1985 974 2030 navium
1011 1986 1195 2048 suscipit,
1229 1987 1382 2048 quibus
1422 1989 1612 2050 quedam

234 2054 421 2117 spirandi
446 2053 625 2100 subfidia
650 2056 796 2118 portui
822 2055 1203 2103 subministrantur.
1230 2057 1315 2105 Ubi
1338 2061 1430 2120 quis
1456 2062 1610 2124 angus—

234 2127 311 2171 tias
336 2142 467 2187 atque
495 2143 571 2170 ora
595 2142 746 2188 portus
773 2127 964 2185 evaserit,
985 2144 1211 2189 tamquam
1231 2130 1394 2191 reliqua
1415 2132 1609 2193 corporis

235 2197 392 2256 forma,
419 2198 477 2242 ita
496 2195 662 2242 diffusio
683 2199 810 2242 maris
829 2198 965 2261 longe
983 2199 1157 2260 lateque
1175 2201 1431 2247 extenditur.
1461 2205 1503 2247 In
1524 2203 1612 2247 eius

235 2267 383 2314 dextra
414 2283 563 2330 portus
595 2285 727 2330 parva
756 2269 891 2314 insula
920 2268 1120 2328 habetur,
1151 2272 1194 2316 in
1220 2289 1305 2333 qua
1339 2274 1530 2318 maxima
1554 2274 1612 2319 cst

235 2340 371 2397 turris,
402 2355 536 2400 quarn
569 2340 612 2384 in
638 2356 876 2385 commune
907 2342 1039 2386 Greci
1078 2359 1128 2386 ac
1152 2343 1287 2388 Latini
1323 2361 1372 2389 ex
1403 2342 1528 2407 ipfius
1553 2346 1612 2390 rei

236 2411 309 2456 usu
333 2414 509 2455 Pharum
532 2410 848 2468 vocitaverunt,
877 2429 930 2457 eo
958 2412 1078 2474 quod
1103 2413 1237 2477 longe
1263 2432 1287 2459 a
1308 2414 1613 2479 navigantibus

235 2480 445 2539 videatur,
480 2497 539 2538 ut,
564 2481 815 2544 priusquam
840 2483 882 2527 in
908 2500 1086 2545 portum
1111 2484 1482 2548 adpropinquent,
1508 2504 1612 2532 noc-

236 2568 365 2597 turno
390 2553 604 2598 maximec
629 2569 826 2616 tempore
851 2570 1005 2601 terram
1032 2554 1263 2601 finitimam
1288 2555 1361 2602 sibi
1385 2556 1470 2603 effe
1490 2555 1611 2603 flam-

236 2639 405 2667 marum
451 2623 657 2669 incendio
703 2625 988 2688 cognoscant,
1033 2644 1086 2672 ne
1129 2625 1313 2672 tenebris
1356 2627 1529 2691 decepti
1568 2631 1611 2674 in

283 2746 312 2766 a.
332 2734 382 2766 Sic
403 2746 476 2777 ego,
500 2734 547 2768 al.
575 2736 646 2768 lacu
676 2737 880 2770 Mareotico.
969 2740 1013 2780 [ἐς
1039 2739 1145 2782 Grets
1177 2741 1263 2772 noel.
1293 2741 1322 2773 in
1343 2741 1408 2774 smu
1429 2750 1541 2786 temp„
1566 2741 1611 2774 al.

238 2806 279 2812 ——
302 2788 334 2820 b.
355 2787 443 2821 Forte
461 2788 553 2822 inter.
574 2809 616 2814 —
635 2801 663 2822 c.
683 2791 736 2832 B„
756 2793 809 2830 G„
835 2792 882 2833 V„
966 2793 1054 2824 noel.
1073 2801 1173 2838 temp.
