2216 3435
637 271 689 304 IN
715 270 979 304 OBSIDIONE
1004 271 1267 304 DAMIATE.
1556 273 1644 323 147

268 415 450 477 quidam
473 415 746 478 Paganorum
774 415 899 477 super
926 430 1080 459 omnes
1105 431 1306 477 magnus,
1346 416 1419 477 qui
1444 414 1642 478 probiffi-
1669 433 1743 462 1218

268 504 391 531 mum
406 485 631 532 hominem
653 487 698 531 &
716 485 897 530 militem
913 486 1178 541 Romanum,
1200 487 1381 531 nomine
1406 486 1642 532 Nicolaum

268 556 322 601 de
347 557 554 614 Antonia,
581 555 754 601 occidit.
795 553 936 618 Qod
960 553 1110 601 videns
1140 572 1211 600 rex
1237 555 1461 616 Iohannes,
1487 556 1642 603 dolore

265 628 385 691 gravi
418 626 669 686 stimulatus,
704 627 779 673 ivit
808 643 996 688 eumque
1033 643 1135 671 cum
1172 626 1294 673 clava
1328 626 1575 689 percussum
1598 630 1643 673 in

265 714 422 743 terram
455 699 640 760 proiecit
677 697 996 759 deied‘tumque,
1044 699 1304 744 consociatis
1342 697 1412 744 fibi
1449 699 1643 761 plurimis

263 769 526 828 Christianis,
550 768 724 815 occidit.

33 882 34 894 2
77 857 128 888 foi.
147 868 202 896 177
218 869 243 888 a.
328 840 382 886 X.
413 839 578 886 Videns
609 856 754 885 autem
780 857 851 885 rex
875 840 1028 903 Egipti,
1065 839 1189 902 quod
1219 840 1393 886 fortuna
1418 841 1455 885 ei
1488 858 1643 887 nover-

32 908 34 910 ’
262 927 433 958 caverat
458 911 587 970 mala,
613 913 658 956 ὃς
683 912 801 956 Deus
825 909 1054 973 pugnabat
1076 928 1158 973 pro
1186 909 1327 969 nobis,
1351 912 1493 957 statuit
1516 912 1643 975 super

261 1000 342 1028 nos
380 999 471 1028 non
497 982 682 1044 amplius
709 983 753 1026 in
784 980 962 1044 publico
988 983 1131 1028 venire
1161 980 1290 1028 bello
1327 983 1511 1028 Munivit
1535 1001 1641 1047 ergo

260 1056 400 1117 ripam
425 1052 613 1098 fluminis
638 1070 662 1098 a
682 1069 802 1115 parte
827 1053 971 1098 nostra
991 1054 1221 1114 posuitque
1248 1052 1308 1098 ibi
1334 1052 1578 1099 trabucetos
1598 1057 1642 1100 ὃς

259 1141 446 1188 mangos
471 1125 516 1168 ὃς
537 1123 671 1168 multa
696 1124 843 1183 castra,
868 1122 923 1168 de
946 1123 1074 1187 lignis
1100 1123 1227 1181 facia,
1265 1123 1418 1184 quibus
1444 1125 1538 1187 spes
1563 1143 1641 1170 no-

259 1192 322 1239 bis
358 1193 548 1239 intrandi
594 1210 751 1239 terram
785 1194 925 1256 Egipti
964 1194 1051 1238 iam
1089 1194 1168 1239 fuit
1201 1193 1377 1240 sublata.
1421 1196 1546 1240 Tunc
1586 1195 1641 1241 ad

258 1265 384 1310 instar
417 1265 607 1311 Iraelitici
637 1264 789 1327 populi
821 1264 1066 1309 christianus
1113 1266 1320 1311 exercitus
1358 1268 1641 1313 murmuravit

257 1353 410 1382 contra
436 1337 683 1381 Dominum
706 1336 958 1399 legatum&
974 1337 1189 1399 principes
1212 1335 1378 1382 dicens:
1394 1338 1505 1383 CUR
1519 1350 1640 1384 EDU-

257 1420 413 1452 XISTIS
446 1419 536 1452 NOS
572 1420 696 1465 HUC,
733 1419 804 1452 UT
842 1419 1172 1453 MOREREMUR
1208 1420 1259 1452 IN
1299 1421 1405 1454 HAC
1440 1422 1639 1455 SOLITU-

255 1481 409 1524 DINE?
444 1480 517 1523 ΑΝ
543 1490 646 1523 NON
672 1490 853 1523 ERANT
877 1490 1136 1524 SEPULCRA
1168 1491 1218 1524 IN
1244 1491 1502 1525 PARTIBUS
1530 1492 1640 1525 Nos-

256 1552 398 1595 TRIS?
432 1548 598 1611 (Exod.‚
626 1562 726 1608 XIV,
772 1550 950 1608 11-12.)
985 1553 1083 1594 Ecce
1111 1555 1177 1596 lzic
1190 1556 1277 1613 fine
1307 1553 1411 1596 bello
1445 1557 1639 1599 morimur

256 1622 295 1667 ἃ
316 1627 420 1683 ficut
452 1639 568 1665 canes
594 1625 633 1665 in
653 1621 802 1682 sabulo
814 1621 1072 1682 sepelimur!

318 1692 386 1737 XI.
411 1689 483 1736 Ad
505 1691 587 1737 hec
610 1693 804 1754 precepit
828 1690 1034 1737 dominus
1058 1692 1239 1756 legatus,
1273 1692 1522 1740 triduanum
1547 1695 1638 1742 fieri

254 1766 465 1811 ieiunium
489 1765 617 1809 &ire
642 1763 910 1810 discalciatos
948 1763 1005 1810 ad
1040 1783 1186 1811 veram
1217 1768 1261 1812 ὃς
1297 1766 1514 1812 vivificam
1546 1786 1638 1814 cru-

254 1854 365 1895 cem,
392 1853 437 1882 ut
462 1835 546 1895 ille,
579 1836 652 1897 qui
679 1836 723 1880 in
750 1853 801 1881 ea
823 1835 1048 1899 pependit,
1080 1836 1326 1884 ostenderet
1351 1837 1478 1884 nobis
1503 1839 1637 1897 viam,

253 1925 330 1971 per
369 1924 503 1969 quam
537 1923 668 1953 naves
702 1908 1041 1969 imponeremus.
1080 1909 1301 1970 Inspiravit
1334 1926 1480 1955 autem
1518 1911 1636 1954 Deus

254 1978 476 2041 quendam
500 1977 742 2035 hominem,
781 1980 854 2040 qui
884 1978 1053 2024 acceffit
1084 1978 1139 2024 ad
1177 1979 1408 2026 dominum
1442 1981 1636 2043 legatum

252 2053 297 2097 &
321 2049 425 2096 dixit
456 2050 514 2094 ei:
551 2052 741 2105 Domine,
773 2054 874 2095 milti
918 2053 1153 2112 inspiratum
1185 2056 1248 2110 est,
1279 2055 1474 2111 quomodo
1491 2056 1635 2113 facia-

251 2140 351 2178 mus,
377 2139 419 2166 ut
441 2138 559 2165 naves
585 2125 834 2180 imponantur
859 2122 984 2181 illese.
1019 2120 1301 2184 Respondens
1334 2139 1479 2168 autem
1515 2124 1635 2187 lega-

251 2209 316 2238 tus
341 2191 447 2237 dixit
470 2192 552 2236 eis:
581 2193 701 2252 Qod
732 2194 810 2236 tibi
838 2194 1049 2237 revelatum
1075 2198 1139 2252 est,
1152 2197 1230 2253 fac
1242 2200 1329 2257 fine
1360 2199 1504 2240 mora!
1542 2197 1633 2259 Qui

251 2264 390 2309 statim
415 2279 572 2308 terram
592 2262 851 2309 mensuravit
869 2264 914 2308 ὃς
939 2281 1015 2325 per
1040 2263 1235 2309 medium
1260 2267 1466 2311 exercitus
1493 2267 1634 2314 statuit

250 2332 418 2398 grande
436 2333 527 2379 fieri
553 2331 772 2393 foffatum,
796 2333 853 2379 ad
874 2333 995 2396 quod
1022 2335 1274 2381 faciendum
1298 2336 1467 2400 legatus
1492 2340 1537 2384 &
1562 2358 1633 2385 rex

250 2408 295 2451 δε
319 2423 471 2451 omnes
512 2405 589 2465 alij.
620 2406 835 2469 principes
873 2407 1105 2469 cunciique
1147 2407 1289 2452 clerici
1326 2409 1370 2453 δε
1403 2408 1499 2454 laici
1529 2427 1630 2456 cum

250 2475 435 2522 fossoriis
460 2478 504 2522 in
527 2475 792 2522 adiutorium
819 2494 1114 2533 cucurrerunt,
1131 2479 1176 2522 ὅ(
1201 2479 1287 2523 cito
1313 2479 1476 2525 fatqum
1501 2481 1571 2526 est.

314 2548 401 2593 ΧΗ.
438 2548 558 2594 Cum
589 2565 734 2594 autem
760 2547 900 2594 fuiffet
926 2547 1129 2595 fossatum
1155 2550 1409 2612 perfeeffum,
1450 2552 1631 2614 qualiter

250 2637 325 2682 per
348 2619 487 2680 ipsum
510 2619 609 2666 vasa
645 2619 786 2665 nostra
810 2621 1150 2683 imponeremus,
1184 2638 1275 2665 non
1302 2621 1630 2669 inveniebamus

251 2688 491 2749 confilium-13
518 2707 651 2751 quam
679 2707 864 2754 magnus
885 2707 973 2736 erat
997 2689 1120 2736 labor
1144 2691 1231 2738 ille!
1258 2693 1296 2736 Α
1320 2690 1500 2740 flumine
1512 2695 1629 2740 enim

252 2761 385 2825 usque
410 2779 460 2807 ac
486 2759 647 2807 flumen
674 2760 1016 2825 protendebatur
1043 2760 1259 2811 foffatum.
