2216 3435
598 221 688 270 286
1117 233 1404 267 ANoNYMth

593 380 881 427 solertiffimus
912 380 1101 444 prelatus
1131 383 1284 443 petstus
1325 379 1447 424 suum
1480 378 1800 442 hagiographie
1836 397 1975 426 arma·

592 453 704 498 rium
729 452 845 511 fecit,
869 454 914 498 &
934 468 980 498 ut
1000 452 1222 498 Christum
1246 452 1290 496 in
1317 449 1524 496 omnibus
1549 451 1822 513 exprimeret,
1851 450 1976 513 quid-

594 522 699 586 quid
724 522 872 583 divini,
908 522 1122 586 quidquid
1155 524 1263 587 legis
1299 520 1580 568 ecclefiastice
1611 521 1804 585 legendo
1829 539 1976 585 perce-

593 596 670 659 pit,
694 594 782 640 hoc
806 595 1002 641 moribus
1021 598 1066 642 &
1086 594 1235 641 habitu
1261 592 1446 639 fideliter
1469 591 1740 655 assequendo
1759 593 1972 657 implevit.

593 670 636 713 ln
661 665 836 731 singulis
869 684 976 731 ergo
1010 665 1238 714 virtutibus
1272 666 1361 710 iam
1392 664 1739 711 excellentissime
1764 666 1975 726 eminens,

590 739 649 784 ita
673 739 825 785 enituit
849 738 1172 801 perfetstiffimus
1198 739 1242 783 in
1267 736 1457 795 Christo,
1493 752 1539 781 ut
1564 735 1623 781 nil
1646 736 1875 800 cogitaret,
1899 736 1974 783 nisi

593 808 678 856 esse
703 827 805 856 cum
829 810 1018 856 Christo.

661 884 718 928 [ΙΙ.
769 884 964 944 Qamvis
999 899 1096 942 ergo
1131 884 1213 925 iam
1248 883 1445 941 abnegato
1476 880 1633 941 seipso,
1672 880 1856 924 mundum
1893 897 1974 926 tarn

591 970 732 1011 mente,
758 972 874 1014 quam
899 956 1033 998 habitu
1052 952 1251 1012 calcaffet,
1278 955 1417 996 timere
1440 967 1570 995 tamen
1597 951 1699 1009 deest
1711 952 1972 1010 perfec‘lioni,

589 1027 695 1084 quod
719 1029 759 1070 in
783 1026 916 1069 natali
928 1025 1025 1086 solo
1048 1024 1254 1086 parentele
1273 1025 1459 1083 dignitas
1483 1021 1777 1081 aliquantulum
1791 1024 1912 1082 fame
1935 1024 1975 1068 ἃ

590 1100 757 1142 honoris
794 1099 879 1158 fibi,
923 1098 1017 1142 licet
1052 1096 1224 1152 nolenti,
1269 1095 1459 1145 addidit;
1499 1091 1749 1139 decreverat
1787 1094 1976 1157 patriam

590 1165 754 1230 egredi,
787 1169 833 1213 δε
870 1183 962 1213 tam
992 1168 1170 1231 ignotus
1205 1183 1339 1228 quam
1370 1182 1502 1229 egens
1542 1182 1624 1228 pro
1656 1165 1830 1211 Christo
1854 1181 1976 1228 pere-

589 1239 763 1302 grinari.
801 1238 846 1284 Et
870 1256 924 1284 ne
948 1239 1061 1284 solus
1089 1255 1139 1284 ex
1177 1238 1257 1283 suis
1282 1237 1441 1283 Christi
1466 1236 1616 1282 militie
1651 1234 1976 1298 adscriberetur,

582 1328 741 1371 patrem
773 1314 930 1356 nomine
956 1313 1220 1372 chzardum,
1259 1326 1402 1371 genere
1435 1309 1475 1354 δ’
1506 1311 1621 1354 rebus
1650 1309 1818 1366 clarum,
1855 1307 1976 1370 adiit,

590 1383 718 1445 eique
763 1381 919 1428 mundi
963 1398 1241 1428 contemtum
1276 1383 1321 1427 &
1355 1380 1758 1444 peregrinationem
1800 1380 1978 1429 suadere

588 1455 716 1517 cepit.
755 1455 861 1517 Qui,
899 1472 1001 1500 cum
1026 1453 1217 1500 obiceret
1251 1452 1340 1499 filio
1370 1451 1443 1498 sibi
1475 1450 1613 1499 videri
1636 1451 1979 1501 crudeliffimum

587 1528 633 1572 ὃς
648 1527 835 1571 omnino
856 1525 910 1572 ab
926 1527 1197 1572 humanitate
1213 1526 1403 1571 alienum
1428 1523 1541 1569 filios
1556 1522 1726 1583 orbare,
1741 1526 1979 1590 coniugem

590 1597 784 1658 viduare,
805 1597 990 1644 domum
1009 1614 1150 1644 totam
1164 1597 1372 1657 desolare,
1391 1596 1608 1644 instillavit
1626 1597 1665 1643 ei
1682 1597 1852 1643 sanetus
1866 1597 1978 1645 Wil-

589 1668 776 1716 libaldus
793 1670 855 1715 nil
871 1669 1020 1717 divino
1043 1671 1183 1715 amori
1197 1666 1554 1732 preponendum,
1574 1668 1688 1714 hanc
1706 1686 1788 1732 pro
1803 1669 1977 1716 Christo

588 1740 888 1787 crudelitatem
922 1743 1045 1787 omni
1070 1742 1232 1804 pietate
1255 1741 1564 1786 humaniorem
1589 1740 1792 1803 solosque
1815 1741 1973 1789 mundi

588 1829 887 1860 contemtores
918 1813 1077 1860 Christi
1119 1813 1287 1859 futuros
1321 1810 1574 1858 coheredes
1608 1812 1759 1858 Viclus
1796 1811 1978 1861 demum

587 1885 766 1933 veridici
794 1884 867 1945 filij
911 1886 1176 1945 narratione,
1206 1885 1248 1931 se
1273 1883 1680 1948 obtemperaturum
1707 1887 1754 1932 ὃς
1778 1901 1976 1948 quocun-

589 1975 674 2020 que
703 1976 729 2003 a
755 1974 858 2003 caro
884 1956 1113 2003 duceretur
1141 1958 1332 2021 pignore
1361 1956 1610 2002 secuturum
1633 1958 1866 2020 promittit.
1908 1961 1977 2004 In-

589 2032 774 2076 cenderat
788 2029 828 2074 ὃ*
843 2032 946 2074 idem
951 2031 1065 2089 felix
1078 2032 1200 2075 ardor
1206 2031 1345 2090 sanc‘li
1364 2033 1426 2072 W
1426 2030 1612 2074 illibaldi
1619 2032 1799 2089 fratrem
1824 2034 1888 2073 W
1884 2049 1979 2076 une-

589 2103 766 2158 baldum,
792 2104 1159 2164 Heidenlzeimenfis
1197 2103 1354 2158 cenobij
1389 2102 1688 2160 construc‘lorem
1725 2100 1766 2145 ὁ)
1800 2102 1977 2147 abbatem

577 2178 782 2234 futurum,
801 2192 948 2220 necnon
973 2174 1014 2219 δ’
1038 2176 1241 2218 amborum
1253 2175 1457 2235 sororem,
1479 2176 1678 2234 virginum
1698 2174 1833 2229 decus,
1854 2177 1919 2217 W
1914 2174 1978 2218 al-

577 2264 755 2307 purgam
786 2247 1005 2310 multosque
1040 2247 1215 2306 eiusdem
1246 2263 1322 2290 non
1345 2245 1483 2307 solum
1515 2247 1788 2306 cognationis,
1819 2246 1903 2306 sed
1934 2244 1975 2290 ὅ·

574 2322 727 2381 patrie,
755 2335 809 2375 ut,
831 2335 944 2379 capto
964 2321 1095 2364 crucis
1113 2318 1278 2374 vexillo,
1305 2319 1404 2362 nudi
1425 2317 1629 2362 evolarent
1637 2318 1823 2378 secuturi
1838 2334 1974 2379 regem

585 2391 735 2453 glorie.

656 2461 725 2507 IV.
750 2461 884 2506 Anno
908 2462 954 2505 in
975 2460 1151 2507 estatem
1176 2476 1399 2520 vernante,
1425 2477 1527 2506 cum
1550 2462 1689 2507 ventis
1707 2458 1973 2524 patientibus

591 2534 734 2597 prima
757 2531 864 2578 fides
883 2532 1090 2578 arrideret
1108 2532 1284 2596 pelago,
1310 2532 1445 2578 sancti
1464 2532 1611 2578 fratres
1633 2530 1915 2579 Willibaldus
1933 2533 1979 2577 ὃς

591 2603 900 2651 Wunebaldus
920 2621 1021 2649 cum
1033 2620 1156 2667 patre
1175 2606 1385 2666 Richardo
1405 2605 1445 2649 6·-
1452 2606 1600 2664 sorore
1620 2609 1682 2648 W
1681 2605 1855 2665 alpurga
1870 2602 1978 2649 aliis·

594 2694 679 2739 que
704 2693 796 2722 non
815 2677 979 2739 paucis,
999 2681 1040 2721 in
1055 2694 1220 2736 quorum
1236 2678 1472 2738 pec‘ioribus
1499 2678 1604 2721 idem
1620 2678 1811 2736 fervebat
1837 2676 1973 2731 ardor,

593 2749 695 2794 navi
717 2747 966 2807 conscensa,
988 2748 1068 2793 iter
1091 2763 1294 2810 optatum
1316 2748 1539 2810 arripiunt,
1557 2749 1617 2807 &,
1636 2747 1774 2794 ventis
1797 2745 1977 2792 feliciter
