2216 3435
571 199 660 260 248
776 206 1212 241 SANCTIMONIALIS
1245 203 1722 238 HEYDENHEIMENSIS

618 422 677 465 lll.
717 420 971 465 Cenobialem
996 422 1119 463 vitam
1139 419 1284 478 degere
1296 417 1397 475 filio
1415 432 1603 477 parentes
1619 418 1901 478 promittunt.‘²

633 567 718 615 Sed
746 566 801 614 ad
826 567 1049 630 pristinam
1085 582 1205 612 nunc
1240 562 1468 610 redeamus
1499 564 1655 610 iterum
1682 563 1840 626 prefati
1869 563 1949 611 viri

568 641 809 686 infantiam.
837 640 1044 700 Cumque
1063 654 1262 700 parentes
1297 637 1386 683 eius
1411 654 1578 701 magno
1597 638 1754 683 mentis
1778 633 1946 683 excelsu

572 712 754 777 suspensi
774 714 817 758 ὃς
837 711 891 757 de
915 712 1079 755 incerta
1102 709 1175 768 filij
1202 710 1262 754 sui
1281 707 1480 755 evasione
1498 707 1707 773 ambigui,
1734 709 1948 754 sumentes

569 784 705 830 filium
730 785 867 841 suum,
894 781 1144 828 obtulerunt
1168 781 1289 826 illum
1313 797 1464 845 coram
1489 780 1559 825 illa
1578 780 1802 827 dominica
1828 781 1948 826 sanc-

572 873 701 919 taque
719 872 846 901 cruce
865 854 1111 912 salvatoris,
1136 853 1238 914 quia
1257 850 1361 897 ficut
1375 851 1391 880 ¹²
1409 869 1506 898 mos
1533 853 1591 898 est
1611 853 1822 899 Saxonice
1841 869 1949 916 gen-

572 929 638 987 tis,
663 926 786 990 quod
810 928 853 972 in
879 924 1125 971 nonnulliss
1149 922 1365 969 nobilium
1383 921 1694 986 bonorumque
1719 923 1952 969 hominum

572 998 730 1062 prediis
754 1016 846 1044 non
867 995 1106 1055 ecclesiam,
1128 994 1201 1041 sed
1226 996 1369 1040 sancste
1386 995 1540 1041 Crucis
1564 993 1734 1059 signum
1753 995 1952 1041 Domino

573 1071 780 1130 dicatum,
805 1087 907 1115 cum
924 1085 1091 1132 magno
1116 1067 1286 1112 honore
1306 1067 1486 1126 almum,
1511 1068 1553 1112 in
1572 1067 1662 1112 alto
1687 1070 1878 1113 eretstum
1897 1065 1953 1112 ad

573 1141 864 1189 commodam
883 1140 1035 1186 diurne
1050 1138 1071 1168 d
1091 1139 1299 1185 orationis
1321 1138 1594 1184 sedulitatem
1618 1137 1774 1185 habere
1799 1138 1951 1184 solent.

575 1215 662 1261 Illic
685 1230 900 1277 ponentes
924 1212 1047 1257 illum
1073 1228 1223 1256 coram
1243 1228 1383 1270 cruce,
1407 1212 1654 1256 Dominum
1672 1212 1833 1268 Deum,
1859 1227 1955 1257 om-

576 1288 698 1333 nium
717 1286 1043 1348 plasmatorem,
1070 1283 1165 1328 illos
1184 1282 1401 1328 consolari
1420 1283 1711 1345 sospitemque
1730 1283 1854 1328 suum
1873 1283 1953 1328 ser-

576 1376 677 1406 vare
706 1373 858 1403 natum
886 1356 964 1401 suis
990 1353 1217 1401 virtutibus
1241 1353 1402 1402 obnixe
1424 1353 1695 1419 flagitabant,
1727 1353 1870 1416 licque
1893 1354 1956 1398 in-

576 1428 813 1477 tentiffimis
831 1427 1006 1472 illorum
1020 1424 1220 1489 precibus
1238 1427 1279 1472 se
1297 1428 1440 1473 vicem
1453 1426 1633 1473 reddere
1651 1425 1931 1490 spondebant
1941 1435 1954 1452 ε

578 1503 796 1559 Domino,
823 1517 883 1559 ut,
915 1498 940 1545 fi
967 1499 1141 1562 pristina
1165 1498 1274 1544 illius
1299 1500 1475 1544 infantis
1503 1499 1690 1544 restituta
1715 1499 1828 1544 foret
1852 1499 1958 1544 sani-

577 1590 654 1632 taS,
690 1572 914 1635 extemplo
952 1571 1074 1616 illum
1111 1568 1185 1615 sub
1217 1570 1320 1615 sacri
1350 1569 1512 1615 ordinis
1539 1569 1784 1632 primordio
1811 1570 1958 1617 tonsu-

576 1662 670 1690 ram
701 1645 911 1706 accipere,
952 1640 1027 1687 sub
1058 1640 1295 1687 cenobialis
1326 1642 1412 1688 vite
1438 1641 1678 1704 disciplina,
1715 1640 1789 1687 sub
1814 1640 1960 1687 divine

577 1716 685 1780 legis
704 1714 1008 1761 moderamine
1032 1711 1278 1771 militando,
1304 1712 1461 1758 Christi
1482 1713 1707 1759 famulatui
1727 1711 1968 1759 subiiceref

582 1788 705 1833 illum
739 1787 1041 1850 promiserunt.
1079 1785 1318 1847 Statimque
1343 1785 1575 1847 postquam
1605 1784 1666 1830 illi
1688 1800 1793 1831 vota
1827 1801 1961 1832 vove-

580 1876 693 1916 runt,
714 1857 847 1905 verba
865 1857 1280 1903 consummaverunt
1297 1855 1522 1918 filiumque
1542 1857 1665 1902 suum
1683 1855 1824 1902 celesti
1842 1872 1963 1902 com-

581 1929 900 1977 mendaverunt
938 1928 1030 1991 regi
1062 1927 1260 1986 militare,
1290 1928 1517 1974 confestim
1547 1944 1721 1991 gratum
1753 1927 1903 1991 postea
1938 1945 1962 1974 a

583 2004 784 2049 Domino
819 2002 1083 2066 petitionum
1111 1999 1493 2062 consequebantur
1516 1999 1736 2060 effessum‚
1767 2000 1963 2064 pristina-

585 2091 670 2136 que
694 2091 830 2137 puero
858 2073 1005 2136 postea
1031 2072 1217 2118 restituta
1241 2072 1299 2118 est
1326 2072 1493 2118 sanitas.

633 2224 704 2271 lV.
732 2228 799 2270 De
814 2228 996 2288 pueritia
1026 2224 1296 2275 Willibaldi;
1321 2225 1374 2268 αᾱ
1394 2227 1668 2283 monasterium
1700 2223 1935 2267 Waldlzeim

1177 2297 1349 2340 ducitur.
1366 2305 1387 2333 ἕ

653 2436 861 2498 Cumque
890 2434 1046 2480 illuster
1079 2433 1150 2479 ille
1179 2450 1286 2496 puer
1309 2433 1326 2460 ἢ
1361 2430 1417 2478 ad
1453 2432 1803 2494 quinquennium
1837 2431 1971 2494 usque

589 2505 862 2571 pervenisset,
897 2507 942 2552 in
982 2523 1036 2552 eo
1074 2505 1163 2550 iam
1206 2520 1311 2550 tunc
1346 2503 1570 2566 spiritualis
1605 2501 1879 2567 germinabat
1910 2503 1971 2548 sa-

634 2637 662 2658 a.
685 2624 812 2658 ‘Titulus
833 2626 865 2657 d.
888 2623 921 2656 in
939 2624 973 2656 C.
1002 2642 1048 2646 —
1074 2623 1107 2655 b.
1132 2623 1166 2655 F.
1191 2630 1236 2654 ut.
1324 2620 1504 2654 subieciffe.
1531 2641 1574 2645 —
1602 2633 1637 2665 g,
1665 2621 1707 2653 ad
1738 2619 1970 2652 monasterium

594 2698 635 2703 —
655 2690 685 2712 c.
711 2681 744 2711 C.
768 2677 873 2710 nullis.
891 2697 937 2701 —
962 2676 996 2709 d.
1021 2677 1057 2709 C.
1080 2675 1239 2707 diuturni.
1387 2674 1519 2707 ducitur
1538 2676 1570 2708 d.
1591 2674 1624 2708 in
1642 2676 1676 2708 C.
1703 2694 1745 2699 —
1764 2674 1798 2706 h.
1820 2673 1855 2706 C.
1877 2672 1976 2707 addit

594 2752 636 2756 —
663 2744 694 2766 e.
723 2733 759 2765 C.
783 2730 1052 2776 spopondebant.
1084 2748 1129 2752 —
1157 2727 1181 2760 f.
1203 2728 1239 2761 C.
1324 2726 1472 2760 infantia.
