2216 3435
76 941 96 971 f.
117 950 172 980 179
187 951 212 970 a.

595 291 645 323 IN
678 290 940 323 OBSIDIONE
966 289 1227 321 DAMIATE.
1513 287 1593 337 153

230 438 287 484 ad
311 439 504 484 Badianis
534 439 578 482 ὃ(
602 436 722 495 iuffit,
759 453 897 482 totam
921 436 1072 482 Siriam
1109 435 1250 480 venire
1285 436 1330 479 ὃ(
1360 451 1498 479 totam
1522 451 1603 480 ter-

232 528 325 555 ram
338 508 638 571 promiffionis.
659 508 713 552 Ex
726 508 807 552 alia
823 524 967 552 autem
986 521 1107 568 parte
1127 504 1348 560 soldanus,
1365 522 1436 550 rex
1450 505 1604 568 Egipffl,

233 580 478 625 commovit
503 578 810 625 Alexandriam
835 580 879 623 δε
907 576 1175 623 Babiloniam
1205 577 1250 620 ἅ
1285 591 1424 619 tOtam
1452 592 1607 621 terram

233 650 371 714 Egipti
408 651 453 694 ὃς
487 651 617 695 etiam
641 649 885 695 Affricanos
920 649 1051 710 usque
1076 646 1130 692 ad
1156 646 1348 705 Maroch‚
1384 662 1430 690 ut
1454 664 1607 693 omnes

235 722 272 766 ei
296 719 570 766 subvenirent
596 720 766 766 dicens:
806 723 935 781 Qum
955 726 993 782 fi
1018 724 1163 765 civitas
1187 723 1382 763 ‘Dumium
1419 738 1441 763 a
1468 721 1609 779 Chris-

233 797 359 837 ticinis
384 797 520 853 fuerit
542 797 751 854 superata,
794 809 876 836 tota
910 798 1027 837 terra'
1056 795 1311 852 Paganorum
1340 792 1606 850 superabitur.

235 863 549 909 Verumtamen
577 880 730 908 omnes
754 863 853 907 istos
871 861 1076 908 iusserunt
1094 863 1136 907 in
1163 861 1308 906 mense
1325 861 1425 917 Maij
1451 862 1607 906 venire.

235 933 427 979 Audiens
455 951 601 980 autem
633 934 719 979 hoc
743 934 906 990 califus,
943 933 1115 978 illorum
1145 934 1451 995 Agarenorum
1478 948 1608 994 papa,

235 1023 335 1051 cum
367 1007 558 1052 maxima
594 1006 780 1050 militum
814 1006 943 1067 copia
980 1022 1003 1049 a
1041 1004 1235 1048 ssacffanis
1278 1003 1409 1060 venit,
1446 1002 1610 1047 habens

235 1095 285 1122 ex
317 1076 487 1123 diverfis
512 1076 705 1139 partibus
738 1075 852 1122 Orbis
879 1075 1033 1120 milites
1058 1076 1218 1133 secum,
1249 1092 1437 1137 quorum
1468 1073 1609 1117 multi-

237 1147 435 1194 tudinem
462 1148 734 1194 dinumerare
760 1165 892 1193 nemo
918 1146 1139 1192 sufficeret.

628 1294 694 1335 ‘De
717 1294 854 1349 quinta
880 1309 926 1335 ac
937 1292 1053 1351 sexta
1070 1307 1220 1350 pugna.

300 1432 453 1478 XXVI.
493 1435 533 1478 In
583 1431 651 1477 die
690 1448 796 1494 ergo
837 1431 1103 1477 pentecostes
1140 1449 1190 1476 ex
1226 1433 1350 1477 omni
1392 1447 1512 1493 parte
1537 1448 1613 1493 per

237 1520 396 1564 aquam
421 1505 466 1548 ὃς
491 1519 648 1548 terram
667 1518 878 1549 venerunt
902 1502 958 1548 ad
977 1520 1057 1547 nos
1075 1503 1439 1564 proieceruntque
1464 1504 1613 1565 ignem

238 1574 361 1636 super
396 1573 664 1620 bertenescas
700 1575 861 1619 nostras
886 1576 931 1618 ὃ(
955 1590 1163 1635 ceperunt
1195 1572 1399 1619 fossatum
1433 1574 1614 1636 implere

239 1646 403 1707 nosque
423 1646 534 1690 inter
559 1646 598 1690 se
619 1646 815 1708 captivos
836 1644 1034 1690 dixerunt
1053 1644 1272 1690 divisuros.
1298 1645 1613 1691 Verumtamen

238 1733 327 1761 non
352 1717 412 1761 ita
438 1717 639 1779 contigit,
664 1715 735 1760 sed
762 1715 937 1760 illorum
967 1716 1090 1760 multi
1114 1716 1214 1776 equi
1238 1717 1282 1760 ἅ
1307 1717 1470 1777 equites
1496 1734 1615 1761 ama-

239 1787 336 1831 riter
362 1787 457 1831 sunt
481 1789 622 1832 necati
647 1787 862 1847 tristesque
888 1786 956 1844 alij
984 1787 1267 1832 retroversum
1293 1787 1385 1832 sunt
1407 1785 1614 1844 comrerfi,

239 1859 284 1902 &
308 1858 451 1916 nostri,
479 1858 677 1918 quamvis
698 1857 907 1903 vulnerati
933 1857 1055 1902 multi
1079 1859 1123 1902 ὃς
1149 1856 1274 1902 occifi
1295 1859 1441 1919 pauci,
1470 1859 1615 1903 trium-

239 1927 377 1989 phum
403 1928 498 1972 sunt
524 1927 685 1990 adepti.

305 1999 476 2045 XXVII.
502 1999 628 2044 Tunc
652 1999 996 2045 machinavimus
1017 2015 1155 2045 cattos
1180 2001 1224 2044 ὃς
1250 1999 1378 2044 scalas
1403 2001 1447 2044 ὅ(
1472 1998 1615 2045 trabu-

241 2085 359 2115 cetos
383 2071 428 2115 &
458 2070 592 2115 multa
628 2070 709 2115 alia
747 2071 921 2133 ingenia
956 2088 1036 2133 pro
1073 2071 1245 2116 civitate
1281 2069 1617 2133 constringenda

240 2141 285 2184 ὃ(
310 2140 354 2184 in
380 2140 452 2185 tali
472 2157 605 2202 opere
633 2141 790 2187 fuimus
818 2142 860 2185 in
882 2141 1027 2204 vigilia
1047 2142 1189 2187 Sancffi
1217 2140 1416 2186 Iohannis
1434 2141 1618 2203 Baptiste

242 2210 405 2256 civibus
430 2212 474 2256 ὅ(
499 2210 681 2256 soldano
703 2228 804 2257 cum
832 2212 911 2257 suis
933 2228 1012 2257 nos
1038 2211 1107 2257 die
1132 2228 1182 2257 ac
1202 2215 1331 2257 noete
1355 2213 1616 2275 impugnan-

243 2279 366 2327 tibus.

308 2352 493 2398 XXVIII.
523 2356 566 2398 In
595 2352 789 2415 predicffa
816 2354 960 2417 vigilia
1000 2353 1096 2415 post
1131 2353 1325 2415 vesperas
1361 2351 1475 2414 quafi
1515 2356 1617 2398 0610

244 2423 362 2468 milia
389 2424 659 2487 Paganorum
684 2441 895 2470 venerunt
925 2423 979 2469 ad
1005 2424 1184 2482 nostros,
1224 2426 1264 2469 in
1295 2422 1448 2485 quibus
1475 2424 1553 2469 fuit
1576 2426 1619 2469 ὃς

244 2511 397 2538 eorum
438 2511 566 2556 papa,
607 2494 770 2550 califus,
815 2496 889 2556 qui
926 2512 1064 2558 nuper
1098 2497 1140 2539 in
1179 2496 1362 2540 exercitu
1401 2512 1573 2541 venerat
1597 2513 1619 2540 a

244 2565 454 2623 Baelanis,
476 2565 676 2626 faffaque
694 2564 975 2611 absolucione
995 2564 1199 2611 omnibus
1219 2566 1411 2629 Paganis,
1433 2568 1621 2611 nostrum

245 2635 382 2681 voluit
418 2633 563 2681 videre
587 2637 821 2682 exercitum
845 2638 889 2681 ὃ(
915 2635 1040 2682 nobis
1078 2636 1302 2682 ostendere
1334 2638 1468 2682 suum.
1509 2637 1620 2699 Qui-

247 2704 325 2750 bus
351 2704 458 2765 vifis,
500 2707 708 2753 Iohannes
748 2707 802 2752 de
839 2706 1027 2752 Arficcio
1063 2724 1163 2752 cum
1188 2723 1392 2768 quattuor
1419 2706 1622 2752 militibus

246 2777 370 2822 sociis
395 2778 538 2836 exivit,
562 2780 606 2822 &
629 2779 749 2824 multi
769 2779 944 2824 clientes
970 2780 1099 2824 secuti
1126 2780 1219 2823 sunt
1243 2796 1357 2824 eum.
1385 2779 1503 2824 Cum
1530 2780 1620 2839 qui-

1440 2877 1483 2899 20

1627 450 1703 479 1219

1632 1441 1703 1478 Maj.
1721 1440 1769 1468 26.

1638 2157 1691 2185 Iun
1723 2165 1770 2192 23.
