2216 3435
677 112 765 176 164
1236 126 1496 160 ARCULFUS

668 272 805 337 posite
831 272 1018 320 similiter
1055 273 1211 320 eadem
1247 275 1513 321 illuminetur
1538 276 1745 322 claritate.
1772 276 1870 322 l-lec
1895 275 2062 340 fulgida

668 347 712 390 ὅ(
747 344 1022 407 predicabilis
1061 349 1324 392 oe‘tonarum
1366 364 1630 410 magnarum
1655 348 1897 393 coruscatio
1923 347 2060 394 lucer-

671 434 825 462 narum
851 415 905 462 de
926 434 1077 462 monte
1099 418 1248 462 samio
1273 419 1318 462 ὃς
1343 416 1397 462 de
1422 417 1525 462 loco
1547 419 1783 464 Dominice
1803 417 2060 464 ascensionis

671 494 805 536 nocht
833 491 1096 554 fulgentium
1123 492 1351 550 maiorem,
1387 508 1432 536 ut
1462 492 1662 538 Arculfus
1687 494 1890 551 narravit,
1927 492 2062 539 divini

670 563 831 607 amoris
864 562 1159 608 alacritatem«
1184 561 1462 609 credulorum
1498 564 1821 626 respicientium
1857 562 2061 610 cordibus

672 632 882 692 infundit,
925 633 1257 696 quemdamque
1310 652 1522 697 pavorem
1569 637 1704 681 menti
1746 652 1849 680 cum
1894 636 2063 699 ingenti

672 706 841 750 interna
868 707 1199 768 conpuncffione
1224 707 1389 752 incutit.

739 776 836 821 Hec
871 777 1003 822 etiarn
1044 776 1150 822 mihi
1192 778 1392 823 Arculfus
1428 778 1569 824 retulit
1606 778 1660 824 de
1693 777 1850 824 eadem
1878 777 2065 824 rotunda

674 846 868 905 eccles1a‚
896 847 1017 910 quod
1044 850 1085 894 in
1111 849 1402 894 anniversario
1429 849 1498 895 die
1539 850 1778 895 Dominice
1803 848 2061 896 ascensionis

675 918 945 965 solemnitate
978 937 1054 982 per
1084 937 1239 966 omnes
1274 938 1414 966 annos
1452 919 1695 968 validiffimi
1720 919 1933 967 flaminisb
1963 938 2066 984 pro-

675 991 782 1036 cella
814 990 1065 1036 meridianis
1096 991 1226 1051 horis,
1256 994 1442 1055 peratflis
1474 994 1519 1038 in
1545 992 1702 1038 eadem
1727 991 1898 1038 basilica
1923 991 2066 1038 miffa-

675 1080 772 1107 rum
805 1061 1084 1121 solemnibus,
1114 1064 1280 1109 inruere
1319 1064 1438 1123 solet,
1472 1081 1517 1110 ut
1542 1064 1682 1110 nullus
1715 1065 1757 1109 in
1782 1064 1856 1110 illa
1889 1062 2068 1110 ecclesia

676 1133 744 1180 vel
772 1134 817 1178 in
841 1133 949 1179 locis
975 1135 1013 1179 ei
1038 1135 1188 1180 vicinis
1220 1135 1326 1182 stare
1355 1136 1423 1182 vel
1448 1135 1593 1181 sedere
1619 1135 1761 1199 possit,
1784 1134 1868 1186 ‚sed
1894 1151 2067 1180 orantes

677 1223 847 1262 omnes,
875 1207 919 1250 in
945 1222 1054 1251 terra
1080 1207 1298 1269 prostratis
1322 1206 1524 1266 vultibus,
1550 1207 1718 1253 tamdiu
1738 1208 1895 1265 iacent,
1924 1205 2069 1252 donec

677 1277 748 1322 illa
773 1275 967 1322 terribilis
994 1278 1186 1340 procella
1211 1280 1489 1341 pertranseat.

747 1349 887 1394 Huius
912 1349 1083 1395 terrifici
1123 1349 1247 1395 flatus
1283 1352 1409 1397 causa
1448 1351 1565 1409 facit,
1603 1367 1649 1396 ut
1684 1350 1755 1396 illa
1787 1367 1884 1413 pars
1910 1349 2069 1395 domus

680 1438 901 1466 cameram
933 1419 1091 1467 habere
1117 1439 1207 1467 non
1234 1423 1376 1485 possit,
1409 1422 1531 1485 quod
1556 1424 1681 1485 supra
1717 1422 1868 1467 locum
1892 1421 2069 1485 impres-

681 1493 826 1537 sorum
855 1493 1038 1537 Domini
1076 1494 1371 1557 vestigiorum,
1407 1512 1490 1556 que
1525 1495 1661 1540 intras
1687 1494 1813 1555 supra
1837 1493 1951 1538 dic'le
1976 1509 2070 1538 rote

680 1563 877 1609 medium
903 1564 1101 1610 foramen
1133 1582 1281 1627 aperte
1311 1566 1616 1623 monstrantur,
1651 1564 1707 1610 ad
1733 1565 1877 1610 celum
1903 1565 2073 1627 semper

683 1635 899 1699 patefacla
931 1653 1151 1698 appareat.
1184 1636 1300 1682 Nam
1326 1638 1625 1699 quascumque
1666 1637 1866 1681 materias
1892 1634 2073 1698 desuper

682 1708 738 1755 acl
765 1725 987 1752 cameram
1017 1707 1278 1770 parandam,
1315 1707 1342 1753 si
1368 1707 1475 1770 quid
1507 1708 1700 1753 humana
1725 1725 1790 1752 ars
1817 1705 2073 1765 conabatur,

684 1781 809 1843 supra
835 1780 1067 1824 memorati
1091 1781 1209 1826 venti
1235 1779 1439 1826 divinitus
1464 1778 1589 1824 flatus
1614 1778 1921 1824 destruxerunt.

749 1853 818 1896 De
858 1851 939 1895 hac
968 1851 1115 1912 itaque
1152 1850 1418 1897 formidabili
1453 1851 1648 1914 procella
1681 1851 1847 1896 sancius
1874 1849 2073 1895 Arculfus

685 1923 822 1969 taliter
844 1921 970 1968 nobis
992 1924 1221 1981 enarravit,
1244 1924 1317 1985 qui
1342 1922 1497 1969 eadem
1523 1922 1630 1967 hora
1652 1940 1737 1984 qua
1762 1923 1805 1967 in
1825 1921 1895 1967 die
1917 1923 2073 1967 Domi-

686 1996 781 2040 nice
807 1992 1064 2039 ascenlionis
1082 1993 1153 2039 ille
1179 1993 1456 2039 validiffimus
1480 1994 1599 2038 irruit
1623 1991 1763 2051 flatus,
1787 1992 1875 2055 ipse
1901 1991 2074 2055 presens

685 2068 730 2112 in
756 2065 911 2112 eadem
936 2064 1112 2111 ecclesia
1137 2065 1303 2111 Oliveti
1328 2065 1519 2111 interfuit
1545 2066 1720 2110 montis.

753 2139 889 2183 Cuius
925 2136 1128 2183 videlicet
1163 2136 1351 2183 rotunde
1381 2135 1555 2182 ecclesie
1585 2136 1740 2200 figura,
1777 2137 1972 2198 quamvis
2002 2134 2075 2181 vili

686 2211 868 2273 pic‘lura‚
884 2207 936 2254 s1c
952 2208 1126 2272 depicla
1142 2209 1407 2255 declaratur:
1433 2226 1528 2254 eree
1546 2225 1722 2253 necnon
1742 2209 1786 2252 in
1811 2209 1900 2253 eius
1913 2207 2075 2253 medie-

688 2297 774 2327 tate
799 2281 1016 2326 collocate
1046 2297 1140 2326 rote
1166 2280 1351 2325 formula
1378 2279 1459 2325 hac
1483 2279 1846 2342 descriptiuncula
1873 2278 2074 2325 demons-

690 2369 823 2398 tratur
847 2350 1049 2398 subiec‘ta.

737 2508 766 2529 a.
782 2497 831 2539 V.,
854 2498 902 2538 R„
920 2496 1047 2530 addunt
1068 2496 1117 2529 vel
1143 2493 1396 2529 claritatem.‘—
1417 2495 1449 2527 b.
1467 2494 1503 2527 V.
1523 2494 1679 2528 fulminis,
1700 2514 1743 2518 ——
1758 2506 1786 2528 e.
1808 2494 1860 2528 Al.
1879 2494 1910 2527 in
1931 2503 2027 2528 terra.
