2216 3435
137 566 162 593 p.
180 554 249 592 480.

167 1206 190 1223 t.
205 1204 251 1233 29.

648 252 712 284 DE
749 250 960 284 ITINERE
995 247 1260 282 FRlsoNUM.
1576 230 1632 295 63

270 402 519 465 alleganteS,
569 398 674 444 illud
710 398 927 460 precipue,
965 394 1085 458 quod
1131 393 1320 439 domnus
1365 395 1637 439 Innocentius
1658 409 1734 438 1217

273 475 318 518 in
353 471 541 517 concilio
580 485 815 534 negaverat
850 467 923 531 ips1
961 468 1170 530 episcopo
1195 466 1373 527 petenti,
1409 464 1535 510 licere
1564 482 1638 527 pe-

271 545 464 607 regrinos
519 543 564 586 in
626 542 836 603 Hispania
881 539 1074 596 detineri,
1126 537 1179 582 de
1234 535 1425 582 vindissa
1469 533 1640 580 ecclesie

273 614 435 659 docens
478 611 773 659 inchoandum
816 629 839 656 a
878 611 1030 672 capite.
1079 609 1227 654 Diviso
1271 608 1399 670 igitur
1441 607 1640 663 exercitu,

271 687 421 748 quinta
462 685 562 729 feria
605 683 697 745 post
749 681 859 727 beati
905 680 1046 726 iacobi
1088 680 1237 725 festum
1285 677 1405 723 fimul
1448 696 1471 723 a
1512 693 1641 739 portu
1663 690 1714 718 lul.
1730 699 1777 726 27.

270 758 492 813 exivimus,
536 754 679 799 media
712 770 834 816 parte
867 753 1043 798 navium
1081 751 1221 797 versus
1260 767 1416 795 terram
1452 749 1642 794 sanciam

270 827 489 882 tendente,
522 827 671 871 ceteris
704 824 759 870 ad
783 822 1125 887 expugnandam
1150 821 1299 867 urbem
1325 821 1458 866 Alcaz
1486 837 1642 882 prope-

271 899 474 944 rantibus.
513 899 606 943 Nos
632 915 779 944 autem
803 895 907 941 urbe
935 913 959 940 a
984 893 1147 940 finistris
1172 894 1330 950 relic‘ta,
1357 908 1487 953 caput
1510 891 1644 936 saneti

270 969 487 1028 Vincentij
510 971 554 1014 ὅ(
573 985 705 1031 caput
726 966 779 1012 de
798 968 924 1022 Sacis,
953 965 1089 1011 Alvor
1116 981 1293 1026 quoque
1311 965 1355 1008 ὃς
1374 963 1495 1009 Silvis
1520 961 1643 1007 urbes

271 1056 418 1102 captas
445 1039 673 1102 quondam
697 1057 721 1084 a
749 1038 912 1095 nostris,
942 1035 1150 1081 Almadra
1177 1052 1352 1096 quoque
1378 1036 1422 1079 ὃ(
1440 1032 1644 1078 Albufere

271 1112 403 1156 castra
430 1112 556 1156 fortia
585 1111 940 1173 pertranseunteS‚
973 1107 1028 1152 ad
1053 1107 1196 1152 levam
1217 1122 1316 1151 ante
1342 1121 1519 1168 portum
1543 1105 1644 1150 civi-

273 1184 367 1227 tatis
392 1201 476 1245 que
504 1181 733 1244 quondam
759 1182 913 1226 Sancf'ta
937 1179 1087 1234 Maria,
1120 1195 1235 1222 nunc
1262 1186 1271 1205 ¹
1294 1178 1447 1222 Hairin
1473 1176 1641 1232 dicitur,

271 1256 407 1300 ventis
444 1252 689 1299 fallentibus
723 1251 934 1297 anchoras
965 1250 1225 1312 proiecimus
1262 1247 1317 1293 de
1353 1246 1533 1293 navibus
1560 1260 1643 1310 353

270 1324 417 1387 ibique
452 1328 629 1370 nossem
664 1340 855 1386 agenteS,
893 1338 1020 1366 mane
1056 1321 1193 1364 socios
1229 1323 1359 1364 nocfte
1384 1318 1592 1381 dispulsos
1621 1337 1644 1365 a

271 1396 396 1442 nobis
423 1397 640 1442 venientes
658 1405 676 1424 2
693 1394 766 1439 leti
790 1394 1065 1454 suscepimus,
1081 1390 1288 1452 fimulque
1312 1408 1413 1435 cum
1436 1389 1532 1453 ipsis
1551 1390 1646 1435 vela

269 1468 477 1525 levantes,
514 1466 620 1511 dum
654 1463 892 1527 procedere
934 1479 1258 1525 temptaremus‚
1301 1460 1440 1506 subito
1466 1477 1574 1507 voto
1601 1463 1646 1506 ὃς

270 1554 402 1584 vento
424 1536 609 1583 fraudati
633 1537 768 1582 rursus
788 1552 922 1580 uncos
948 1535 1105 1579 harene
1131 1532 1338 1578 mandate
1364 1532 1643 1596 cogebamur.

270 1610 362 1655 Nec
383 1627 506 1655 mora
526 1607 764 1654 minoribus
790 1606 843 1652 ad
865 1624 1020 1652 terram
1039 1606 1221 1668 navigiis
1242 1604 1425 1660 advetsti,
1448 1603 1517 1649 die
1537 1604 1645 1650 obfi-

270 1680 414 1726 denda
431 1681 601 1725 civitate
616 1677 790 1724 consilia
802 1678 1116 1724 ventilavimus.
1131 1675 1316 1722 Diversis
1328 1677 1470 1737 itaque
1484 1675 1646 1722 diversa

270 1750 561 1808 sentientibus,
581 1750 731 1797 divino
752 1751 896 1812 spiritu
915 1766 996 1794 nec
1017 1749 1104 1793 scio
1124 1765 1178 1792 an
1198 1748 1274 1792 suo
1292 1748 1457 1809 impetu
1478 1745 1646 1792 inflam-

272 1824 377 1869 mati
401 1823 512 1867 circa
536 1823 763 1884 vesperum
788 1821 974 1865 Frisones
997 1818 1115 1882 figna
1138 1819 1329 1865 levantes
1355 1817 1411 1864 ad
1436 1818 1578 1863 celum
1602 1821 1647 1864 ὃ(

269 1892 442 1939 beatam
456 1893 683 1955 Virginem
702 1893 745 1936 in
768 1890 998 1937 subsidium
1011 1891 1133 1935 suum
1152 1907 1253 1934 cum
1273 1891 1444 1934 cantico
1463 1891 1647 1936 invitan—

271 1982 346 2022 tes,
366 1973 379 2002 3
397 1964 536 2009 hostes
563 1961 787 2025 dispositos
813 1964 855 2008 in
886 1963 1052 2024 campis
1077 1963 1122 2006 ὃ(
1147 1959 1297 2005 urbem
1321 1959 1524 2006 audacter
1552 1960 1648 2006 insi-

269 2035 391 2092 liunt,
415 2035 643 2095 statimque
669 2031 857 2078 hostibus
881 2034 923 2077 in
953 2033 1101 2095 fugam
1127 2030 1354 2089 converfis,
1381 2031 1487 2076 dum
1513 2033 1648 2095 portis

275 2106 575 2168 appropriant,
595 2106 877 2150 Sarracenum
895 2121 972 2166 per
991 2120 1164 2148 murum
1178 2100 1514 2148 descendentem
1543 2121 1648 2149 con-

271 2177 464 2238 spiciunt.
507 2176 614 2238 Qo
652 2175 793 2220 statim
830 2175 1058 2220 interfecsto
1101 2172 1278 2235 quidam
1303 2174 1410 2218 Friso
1448 2175 1648 2238 sagittam

271 2248 430 2303 iniecit,
461 2249 504 2292 ἃ
530 2245 688 2292 eodem
717 2247 819 2291 fune
840 2244 1142 2291 transcendens
1162 2263 1350 2304 murum,
1376 2246 1579 2291 vexillum
1606 2245 1648 2289 in

272 2319 373 2363 turri
388 2316 555 2363 sublimi
570 2317 780 2379 deposuit,
801 2318 1021 2380 portisque
1041 2317 1197 2379 apertis
1212 2317 1350 2361 socios
1366 2318 1537 2378 recepit.
1557 2317 1649 2379 Qui

270 2405 363 2434 tota
384 2390 512 2433 nocie
542 2388 683 2450 spoliis
713 2387 1001 2446 intendenteS,
1027 2405 1154 2433 mane
1174 2386 1482 2432 succendentes
1502 2388 1648 2434 civita-

271 2476 373 2517 tem,
394 2459 577 2505 multam
591 2457 771 2505 navibus
786 2457 967 2521 predam
986 2460 1249 2505 invexerunt.
1265 2459 1378 2503 Licet
1397 2475 1541 2504 autem
1561 2475 1648 2505 nox

269 2530 339 2575 illa
366 2529 549 2576 nubibus
580 2532 679 2576 atris
706 2529 867 2576 texisset
892 2530 1050 2589 celum,
1081 2530 1204 2574 multi
1230 2546 1375 2574 tamen
1395 2531 1647 2593 ymaginem

301 2714 306 2730 ι
325 2701 371 2732 Bis
391 2701 459 2733 inA
479 2721 522 2724 —
535 2713 553 2732 2
569 2701 619 2733 Sic
633 2702 733 2742 H.;A.
751 2701 913 2732 veniente.
989 2701 1059 2744 fine
1076 2700 1165 2733 linea’
1179 2700 1385 2744 p›·aeceder1ti.=
1407 2700 1503 2745 erafis
1525 2699 1556 2731 in
1580 2703 1614 2731 A.

274 2774 308 2777 —-
333 2766 347 2795 3
362 2754 492 2786 'santes
501 2753 607 2796 solum
626 2755 739 2797 exstat,
757 2754 866 2786 scleris
882 2753 914 2786 in
