2216 3435
16 1275 40 1304 Β
57 1274 76 1304 f.
94 1285 151 1315 2¹3
170 1276 197 1312 b,
215 1287 239 1304 c.
256 1286 285 1305 2.

31 1987 60 2015 A
78 1985 97 2015 f.
114 1987 192 2024 602,
211 1996 234 2014 c.
252 1995 277 2015 1.

1025 221 1035 243 1

594 272 659 304 DE
695 269 1074 303 PREDICACIONE
1109 270 1139 300 S.
1177 269 1362 301 CRUCIS.
1625 273 1669 301 11

299 424 338 464 in
360 423 542 463 ‘Domino-
556 420 775 462 moriuntur
794 418 960 475 »(X1X,
985 418 1074 477 13).
1098 414 1215 459 Cato
1237 430 1383 459 autem
1404 413 1560 459 Christi
1585 431 1675 459 non

302 490 360 535 est
377 487 494 534 cibus
512 488 684 541 ventris,
705 486 777 532 sed
797 485 914 531 cibus
934 487 1100 531 mentis.
1123 486 1241 530 Dicit
1265 486 1382 529 enim
1398 487 1675 548 Augustinus,

301 559 501 605 Crede&
519 557 799 615 manducasti,
819 560 863 602 ὃς
881 557 1099 602 Dominus
1115 556 1232 613 dicit,
1251 577 1273 596 <c
1294 559 1453 612 Omnis,
1476 562 1544 615 qui
1564 560 1674 602 vider

289 633 427 688 filium
443 631 481 675 ὅ*
495 632 621 675 credit
634 634 672 674 in
686 648 785 685 eum,
797 632 912 673 habet
924 633 1044 673 vitam
1058 645 1229 672 eternam
1251 647 1273 666 >2
1293 626 1480 689 (loann,
1494 640 1560 685 VI,
1573 630 1677 688 40),

301 701 416 746 unde
432 699 624 757 Abacuc,
647 722 668 739 c<
692 703 816 758 Iustus
831 701 969 757 exfide
982 703 1083 743 vivit
1103 719 1126 738 n
1148 699 1222 756 (ΙΙ,
1238 696 1309 759 4),
1329 699 1373 741 ὃς
1393 697 1504 742 infra
1519 697 1678 743 eodem

301 773 456 833 capite,
486 792 508 810 α
534 773 618 832 Qi
636 773 845 815 manducat
864 789 1018 814 carnem
1041 788 1165 814 meam
1186 769 1225 813 ὃ)
1244 771 1344 812 bibit
1363 787 1486 812 meum
1496 771 1677 828 sangui-

299 862 403 899 nem,
433 845 548 887 habet
570 848 691 887 vitam
716 859 885 886 eternam
914 862 937 881 υ
969 842 1158 898 (loann.‚
1186 853 1250 897 VI,
1283 845 1375 902 54).
1404 837 1474 883 Ad
1505 838 1678 884 credere

299 913 430 975 igitur
450 914 636 975 sequitur
661 929 892 974 utrumque
917 912 1093 956 istorum
1112 913 1156 956 ὃς
1176 909 1438 956 manducare
1458 911 1502 954 ὃς
1521 909 1679 955 habere

300 984 435 1029 vitam
454 1000 660 1040 eternam,
688 982 758 1029 sed
789 1005 811 1024 α
836 987 905 1042 qui
923 985 1243 1044 indignesumit,
1267 985 1457 1026 iudicium
1477 984 1549 1040 fibi
1567 1000 1678 1025 man-

301 1058 419 1100 ducat
433 1056 472 1099 ὃ»
485 1058 585 1100 bibit
603 1077 624 1095 1>
647 1057 689 1115 (1
712 1054 833 1111 Con,
851 1067 921 1112 XI,
939 1056 1034 1116 29),
1049 1052 1164 1098 unde
1181 1051 1393 1108 sacerdos,
1417 1053 1678 1113 impenitens

302 1127 493 1181 existens,
521 1127 564 1170 in
590 1125 761 1170 mortali
785 1125 911 1170 sumit
939 1141 1096 1186 corpus
1118 1123 1273 1169 Christi
1299 1121 1353 1168 ad
1377 1123 1437 1167 sui
1463 1122 1678 1185 dampna-

305 1197 479 1241 cionem
504 1198 548 1242 &
572 1196 628 1241 ad
651 1197 827 1241 suorum
858 1195 1225 1257 parochianorum
1255 1193 1451 1239 fidelium
1482 1194 1677 1252 salutem,

304 1269 377 1329 qui
402 1285 493 1312 non
517 1268 613 1312 sunt
635 1268 679 1311 in
706 1266 905 1324 mortali3
930 1265 998 1310 ille
1023 1266 1161 1310 eciam
1186 1265 1312 1310 sumit
1336 1282 1493 1327 corpus
1519 1265 1677 1309 Christi

303 1354 472 1382 tantum
499 1337 861 1382 sacramentaliter
884 1338 927 1381 ὃς
953 1336 1009 1380 illi
1036 1336 1313 1397 spiritualiter.
1350 1337 1391 1381 Si
1415 1352 1519 1381 vero
1546 1335 1678 1380 sacer-

300 1408 380 1453 dos
401 1425 492 1453 non
519 1406 621 1453 effet
639 1409 682 1452 in
702 1407 888 1464 mortali,
907 1407 996 1469 ipse
1016 1422 1120 1452 tunc
1139 1407 1322 1452 sumeret
1342 1423 1501 1468 corpus
1521 1406 1677 1451 Christi

298 1481 343 1524 ὃς
363 1479 722 1525 sacramentaliter
739 1480 784 1523 ὃς
802 1478 1082 1541 spiritualiter.
1109 1478 1356 1524 Confeccio
1380 1494 1526 1523 autem
1545 1478 1678 1522 sacra-

297 1551 433 1595 menti
457 1551 513 1595 est
545 1550 669 1612 supra
700 1549 937 1594 humanam
961 1549 1317 1612 intelligendam,
1354 1548 1594 1594 declaretur
1619 1565 1678 1594 ta-

297 1638 414 1678 men,
435 1621 745 1682 qualicumque
765 1619 904 1665 modo
929 1619 987 1666 fit.
1014 1621 1168 1665 Homo
1189 1620 1343 1681 aliquis
1371 1621 1455 1665 exit
1477 1618 1678 1681 quando-

298 1709 382 1753 que
395 1710 419 1736 a
438 1691 576 1736 domo
598 1692 669 1736 sua
688 1698 864 1737 contra1
887 1690 1126 1736 adventum
1141 1691 1327 1736 Domini
1342 1692 1400 1735 sui
1414 1692 1458 1735 ὃς
1471 1691 1680 1752 permittit

298 1764 542 1808 Dominum
573 1763 696 1807 suum
718 1764 874 1808 intrare
898 1764 941 1807 in
966 1762 1116 1807 locum
1143 1763 1279 1817 suum,
1319 1761 1372 1807 sic
1398 1762 1455 1806 est
1481 1761 1536 1806 de
1565 1779 1678 1823 pane

299 1832 652 1893 quodammodo,
680 1834 781 1894 quia
805 1832 878 1890 ibi,
903 1831 975 1878 ubi
1000 1833 1076 1877 fuit
1103 1834 1225 1894 panis
1250 1833 1293 1877 in
1319 1831 1554 1877 substancia
1584 1850 1678 1894 per—

298 1920 441 1960 eunte,
485 1903 719 1948 substancia
744 1904 865 1965 panis
892 1920 966 1965 per
990 1904 1078 1949 vim
1106 1904 1324 1947 sacrorum
1356 1902 1589 1949 verborum
1621 1904 1678 1947 est

299 1992 419 2019 verus
446 1976 562 2020 Deus
586 1976 630 2019 ὅ(
654 1991 777 2020 verus
806 1974 959 2030 homo,
1003 1975 1047 2018 ὃς
1077 1990 1305 2019 remanent
1336 1972 1394 2018 ibi
1425 1973 1677 2018 accidencia

296 2046 435 2107 panis,
461 2062 545 2106 que
565 2046 719 2089 fuerint
743 2043 858 2106 quasi
879 2045 1123 2107 hospicium
1143 2047 1187 2090 ὃς
1206 2045 1343 2102 locus,
1371 2046 1493 2106 panis
1516 2045 1676 2089 scilicet

295 2115 469 2173 albedo,
497 2115 749 2173 rotunditas,
771 2116 911 2178 sapor,
937 2117 1166 2177 quantitaS,
1188 2115 1385 2171 duricies,
1408 2118 1452 2161 ὅ(
1472 2116 1541 2160 illa
1564 2117 1675 2160 acci-

297 2185 450 2232 dencia
485 2203 674 2232 teruntur
715 2185 929 2241 dentibus,
974 2188 1018 2231 ὃς
1049 2203 1206 2247 corpus
1238 2186 1408 2241 Christi,
1452 2185 1573 2247 quod
1618 2185 1676 2231 ibi

296 2258 367 2314 est,
394 2257 470 2303 sub
489 2257 566 2302 illis
591 2256 885 2303 accidentibus
905 2257 963 2302 est
982 2255 1102 2302 cibus
1123 2258 1268 2302 anime
1287 2259 1331 2302 ὃς
1351 2274 1441 2302 non
1465 2258 1673 2319 corporis.

297 2327 559 2373 Accidencia
568 2345 712 2373 autem
721 2327 790 2372 illa
801 2328 1055 2372 miraculose
1065 2345 1288 2373 remanent
1297 2327 1457 2389 absque
1469 2327 1673 2373 subiecit).

296 2399 640 2460 Competentem
653 2399 783 2461 igitur
798 2398 1062 2444 medicinam
1076 2398 1260 2461 previdit
1275 2401 1391 2445 Deus
1409 2415 1560 2444 contra
1576 2416 1674 2444 cau-

296 2468 385 2514 sam
410 2470 579 2528 mortis‚
604 2470 762 2514 scilicet
786 2468 933 2514 cibum
957 2470 1134 2527 mentis,
1154 2486 1308 2515 contra
1333 2469 1478 2515 cibum
1504 2471 1674 2516 ventris.

687 2578 753 2618 ‘De
773 2578 1084 2634 circumstanciis
1111 2576 1270 2619 Crucis.

363 2678 560 2740 Quando
588 2679 741 2724 milites
767 2679 861 2725 sunt
891 2681 935 2725 in
968 2678 1098 2737 bello,
1139 2678 1212 2741 ipsi
1245 2679 1405 2725 habent
1439 2698 1558 2725 arma
1590 2681 1672 2737 sua,

300 2753 489 2797 forciora
503 2750 700 2808 exterius,
722 2767 766 2796 ut
778 2751 975 2810 loricam,
995 2753 1039 2796 ὅ(
1054 2749 1265 2796 debiliora
1278 2752 1470 2810 interius;
1484 2752 1674 2797 Christus

312 2850 314 2852 ’
352 2852 361 2871 ι
386 2840 414 2872 A
434 2838 526 2872 citra.
