2216 3435
593 206 659 239 DE
694 203 831 236 LOCIS
866 199 1084 233 SANCTIS.
1463 196 1521 246 93

154 355 322 400 mulieri
346 353 415 400 vel
439 353 697 413 cuicumque
721 348 912 407 animali,
945 349 1106 392 iacffum
1134 361 1362 406 nunquam
1387 343 1526 387 faciet.

154 425 225 472 Ad
250 425 383 470 millia
410 424 478 469 sex
501 439 576 469 aut
598 422 764 484 septem
788 421 936 467 civitas
963 421 1229 480 Porphyrion.

580 581 648 627 lV.
674 582 937 641 Diocesarea,
968 581 1095 624 Cana.

219 709 288 753 De
312 704 581 751 Ptolemaida
605 703 794 749 misimus
826 705 1041 749 maritima
1065 704 1109 748 δε
1136 702 1332 747 venimus
1356 701 1400 746 in
1426 699 1531 745 fines

156 781 334 836 Galilee,
375 779 420 822 in
456 776 675 823 civitatem
711 779 1013 837 ‘Diocesaream‚
1050 776 1094 820 in
1133 791 1218 836 qua
1254 771 1531 818 adoravimus

151 850 345 897 amulam
369 850 414 893 ὅ(
433 847 700 892 canistellum
724 847 867 892 sancte
891 847 1035 892 Mar-ie.
1064 849 1105 891 In
1131 846 1224 907 ipso
1250 844 1351 889 loco
1379 860 1467 889 erat
1487 845 1532 888 &

153 919 371 978 cathedra,
396 920 440 964 in
466 936 553 980 qua
571 916 761 976 sedebat,
787 917 967 979 quando
994 916 1049 962 ad
1075 934 1173 962 eam
1198 916 1376 979 angelus
1401 916 1529 961 venit.

152 991 324 1040 Deinde
348 990 549 1036 milliario
571 990 696 1034 tertio
715 990 912 1035 venimus
937 989 980 1033 in
1001 991 1035 1033 C
1038 1007 1166 1045 anam,
1189 986 1262 1032 ubi
1286 986 1341 1032 ad
1361 988 1531 1049 nuptias

153 1064 232 1108 fuit
256 1062 490 1119 Dominus,
526 1062 570 1105 ὃς
596 1059 874 1105 accubuimus
903 1061 947 1103 in
972 1059 1065 1121 ipso
1097 1057 1316 1116 accubitu,
1349 1055 1421 1101 ubi
1446 1074 1531 1120 ego

150 1133 356 1197 indignus
383 1147 613 1194 parentum
640 1148 841 1176 meorum
868 1131 1051 1175 nomina
1075 1127 1229 1192 scripsi.
1257 1128 1424 1188 Hydrie
1450 1128 1534 1174 due

151 1206 210 1252 ibi
235 1206 345 1262 sunt,
383 1220 434 1248 ex
459 1201 613 1264 quibus
639 1220 772 1247 unam
796 1202 975 1264 implevi
1008 1218 1123 1263 aqua
1147 1203 1191 1246 &
1215 1200 1377 1262 protuli
1407 1217 1457 1245 ex
1483 1217 1534 1245 ea

151 1281 318 1337 vinum,
341 1279 386 1322 ὃς
409 1277 454 1321 in
472 1276 703 1321 humerum
720 1276 896 1338 plenam
914 1276 1055 1322 levavi
1078 1277 1122 1320 ἃ
1141 1272 1279 1319 obtuli
1304 1273 1358 1319 ad
1383 1273 1533 1319 altare:

152 1356 197 1399 ὃς
219 1354 263 1398 in
288 1351 382 1414 ipso
409 1349 531 1394 fonte
557 1366 636 1411 pro
660 1347 968 1394 &mediolane
991 1349 1189 1394 lavimus.

674 1510 728 1554 V.
765 1513 1013 1570 ι7Χ<ἶαῖαν611μ

217 1632 391 1679 Deinde
425 1634 623 1680 venimus
648 1634 692 1678 in
729 1634 950 1680 civitatem
974 1632 1203 1691 Nazareth,
1239 1634 1283 1677 in
1319 1650 1404 1694 qua
1440 1633 1536 1678 sunt

151 1705 286 1750 multe
311 1705 496 1751 virtutes
539 1703 597 1750 lbi
631 1705 763 1749 etiam
794 1702 958 1766 pendet
990 1705 1031 1748 in
1056 1706 1274 1765 synagoga
1305 1720 1464 1761 tomus,
1491 1705 1533 1749 in

153 1793 242 1837 quo
286 1776 506 1820 Dominus
546 1775 661 1820 ΑΒΕ
702 1773 852 1820 habuit
888 1773 1163 1837 impolitum:
1200 1776 1242 1820 in
1286 1793 1371 1836 qua
1405 1776 1535 1820 etiam

158 1848 384 1909 synagoga
408 1844 546 1908 pofita
565 1847 622 1891 est
643 1846 771 1905 trabs,
793 1845 866 1892 ubi
882 1848 1101 1892 Dominus
1121 1864 1222 1891 cum
1243 1846 1332 1892 aliis
1361 1846 1536 1893 sedebat

153 1915 402 1975 infantibus,
430 1934 513 1979 que
539 1916 652 1963 trabs
677 1935 701 1962 a
725 1918 958 1963 christianis
985 1919 1171 1980 agitatur
1201 1920 1244 1962 ὅ(
1267 1916 1534 1977 sublevatur3

157 1987 270 2034 ludei
295 2005 400 2034 vero
422 1988 542 2033 nullo
567 1987 707 2033 modo
727 2006 825 2034 eam
851 1990 1014 2053 agitare
1034 1987 1226 2050 possunt,
1247 1988 1318 2033 sed
1337 2007 1418 2034 nec
1443 2007 1536 2052 per-

154 2060 284 2105 mittit
317 2060 358 2104 se
390 2059 504 2103 foras
537 2059 641 2105 tolli.
668 2063 826 2105 ‘Domus
847 2063 990 2121 sant‘le
1015 2062 1172 2105 marie
1196 2062 1355 2122 bafilica
1387 2061 1459 2118 est,
1491 2063 1536 2106 ὃ(

153 2130 289 2175 multa
319 2129 378 2176 ibi
402 2131 498 2175 sunt
525 2130 737 2177 beneficia
769 2131 822 2177 de
859 2132 1120 2178 vestimentis
1145 2132 1245 2177 eius
1286 2135 1329 2177 In
1364 2133 1536 2178 civitate

153 2218 255 2248 vero
283 2202 354 2247 illa
378 2218 498 2246 tanta
522 2202 579 2246 est
602 2204 741 2266 gratia
760 2204 989 2248 mulierum
1009 2201 1279 2261 hebrearum,
1300 2218 1345 2247 ut
1363 2204 1406 2248 in
1428 2221 1536 2250 terra

154 2272 224 2317 illa
247 2273 358 2318 inter
379 2270 573 2318 l-lebreas
596 2274 861 2335 pulchriores
888 2291 978 2319 non
1011 2275 1300 2332 inveniantur,
1329 2277 1373 2319 ὃ(
1407 2275 1492 2320 hoc
1512 2293 1536 2320 a

154 2346 298 2389 lancia
327 2344 463 2388 Maria
501 2342 574 2389 fibi
608 2344 861 2390 conceffum
899 2345 1069 2401 dicunt3
1102 2363 1204 2390 nam
1234 2347 1279 2390 ὃς
1310 2362 1536 2407 parentem

154 2415 273 2460 suam
299 2432 396 2460 eam
429 2412 579 2460 dicunt
605 2414 736 2462 fuisse.
764 2417 807 2462 Et
837 2416 944 2462 dum
974 2417 1090 2462 nulla
1114 2416 1160 2463 fit
1185 2419 1335 2463 caritas
1357 2417 1537 2463 Hebreis

153 2503 259 2550 erga
282 2486 565 2545 Christianos,
590 2487 660 2532 ille
685 2505 840 2533 omnes
865 2490 960 2534 sunt
983 2490 1158 2534 caritate
1182 2489 1322 2551 plene.

218 2558 441 2603 Provincia
484 2558 684 2620 paradiso
725 2558 880 2619 similis,
918 2561 959 2605 in
1003 2561 1144 2606 tritico
1182 2564 1225 2606 ὃς
1260 2561 1302 2605 in
1343 2559 1536 2621 frugibus

154 2627 295 2673 fimilis
320 2627 502 2690 Egypto.
533 2627 710 2674 Modica
736 2629 914 2690 quidem
940 2631 997 2676 est
1025 2648 1147 2686 terra,
1174 2631 1245 2677 sed
1276 2632 1468 2693 precellit
1492 2632 1534 2676 in

154 2699 257 2743 vino
278 2701 322 2743 ὅ(
343 2699 459 2757 olen,
487 2701 628 2761 pomis
653 2717 704 2745 ac
730 2701 868 2746 melle.
896 2701 978 2746 Sed
1003 2704 1046 2746 δε
1068 2702 1234 2746 milium
1261 2703 1317 2747 est
1342 2701 1399 2747 ibi
1420 2720 1536 2748 extra

156 2786 354 2816 naturam
379 2770 515 2815 altum
540 2771 679 2830 nimis,
705 2772 829 2833 super
856 2772 1009 2817 statum
1036 2773 1223 2818 hominis
1243 2773 1350 2818 talea
1381 2771 1534 2820 ‹rross'zr

1377 2810 1404 2837 ὓ
