2216 3435
682 130 765 180 130
1063 129 1362 163 ANTONINUS
1388 129 1623 162 MARTYR

668 270 802 310 sumus
837 269 1054 310 Abscalon.
1094 268 1154 309 Ibi
1197 271 1252 309 est
1294 282 1438 323 puteus
1482 271 1591 323 pacis
1628 271 1666 310 in
1704 270 1873 309 modum
1913 270 2056 309 theatri

669 330 810 381 factus,
841 330 878 369 in
910 346 992 383 quo
1024 330 1146 383 usque
1176 331 1223 369 ad
1257 344 1404 383 aquam
1437 344 1503 383 per
1534 331 1679 385 gradus
1702 330 1968 380 descenditur,
1991 330 2055 369 ubi

668 390 922 444 requiescunt
956 402 1033 430 tres
1075 392 1211 430 fratres
1252 401 1459 444 martyres,
1499 391 1663 444 proprio
1703 390 1870 443 quidem
1910 390 2059 429 habent

668 451 836 490 nomina
858 449 911 489 set
940 449 1157 503 vulgariter
1186 448 1350 503 Egyptij
1383 461 1591 490 vocantur.
1629 449 1813 490 Miliario
1845 464 1867 488 a
1895 450 2059 489 civitate

668 509 813 550 Sarafia
851 509 906 549 est
944 510 1086 549 civitas
1128 508 1303 548 Mazom
1339 508 1604 549 Ascalonites.
1655 507 1755 548 Inde
1795 509 1980 549 venimus
2019 509 2058 548 in

667 569 873 609 civitatem
919 568 1204 618 Mazomazes,
1250 568 1288 607 in
1333 582 1413 621 qua
1456 568 1669 622 requiescit
1715 568 1872 608 saneffus
1912 567 2059 608 Victor

667 640 825 682 martyr.
850 627 917 668 De
940 627 1142 668 Mazoma
1164 627 1286 680 usque
1306 627 1428 669 Gaza
1449 628 1504 667 est
1526 628 1761 668 miliarium.
1786 627 1907 669 Gaza
1923 638 2058 667 autem

665 688 722 727 est
755 689 896 728 civitas
932 687 1152 740 splendida,
1185 686 1380 738 delitiosa,
1410 688 1597 728 homines
1631 686 1914 738 honestiffimi,
1944 687 2056 727 omni

664 747 903 787 liberalitate
943 747 1095 797 decori,
1135 757 1336 786 amatores
1373 748 1690 801 peregrinorum.
1741 745 1842 786 Inde
1882 746 2055 786 miliario

664 806 839 847 secundo
869 806 1082 860 requielcit
1111 805 1268 846 sanetus
1301 817 1412 859 pater
1433 806 1647 861 Hylarion,
1677 806 1715 847 &
1748 807 1840 846 inde
1869 807 2056 847 venimus

663 867 704 906 in
721 867 783 906 civ
789 867 884 907 itate
896 866 1080 906 Eluaha
1073 881 1111 905 ln
1129 867 1261 919 capite
1278 866 1431 905 heremi
1449 881 1528 920 que
1545 867 1655 906 vadit
1672 867 1719 905 ad
1735 865 1841 920 Syna
1858 877 2056 905 montem.

663 924 710 965 In
741 940 821 980 qua
852 927 974 966 etiam
1004 941 1052 965 ex
1082 939 1149 965 rev
1155 925 1331 966 elatione
1362 925 1539 979 episcopi
1573 923 1693 979 ipfius
1723 926 1898 966 civitatis
1928 939 2056 965 unum

664 986 892 1026 audivimus
910 986 1019 1039 quod
1040 983 1152 1025 illere
1166 1001 1247 1025 non
1271 996 1434 1039 oportet
1451 985 1704 1025 miraculum.
1725 984 1864 1025 Puella
1881 986 2057 1038 quedam

663 1045 904 1085 nobiliffima
920 1046 1089 1084 nomine
1104 1044 1253 1096 Maria,
1271 1060 1365 1085 cum
1380 1056 1508 1099 nupta
1520 1043 1664 1095 fuiffet,
1678 1043 1759 1097 ipsa
1769 1044 1892 1084 nocte
1904 1055 2056 1097 nuptus

663 1104 717 1144 sui
741 1115 924 1145 mortuus
956 1105 1012 1144 est
1034 1104 1196 1158 sponsus
1215 1106 1314 1156 eius,
1340 1105 1422 1158 ipsa
1442 1119 1607 1158 quoque
1624 1105 1728 1144 hanc
1751 1119 1837 1144 rem
1860 1104 2058 1157 patienter

664 1166 852 1218 portavit,
874 1164 911 1204 δε
934 1165 1036 1204 infra
1059 1164 1324 1218 septimanam
1342 1166 1479 1205 omnia
1495 1164 1562 1204 sua
1579 1164 1823 1218 pauperibus
1841 1163 2056 1204 distribuit.

663 1224 882 1265 Celebrato
915 1224 978 1263 die
1010 1223 1193 1278 septimo,
1226 1225 1349 1264 nocte
1379 1224 1460 1278 ipsa
1494 1223 1600 1264 veste
1632 1222 1761 1277 sponsi
1797 1223 1960 1274 sublata,
1994 1224 2056 1263 in-

661 1295 782 1323 venta
802 1298 885 1322 non
908 1283 974 1322 est.
999 1283 1066 1323 De
1089 1298 1169 1337 qua
1190 1284 1346 1324 dicstum
1367 1283 1423 1323 est
1442 1284 1573 1334 nobis,
1595 1285 1690 1337 quia
1710 1282 1805 1323 esset
1826 1284 1865 1323 in
1883 1283 2052 1323 heremo

661 1354 766 1383 trans
780 1341 1000 1382 Iordanem
1018 1344 1121 1383 inter
1138 1343 1344 1383 calamora
1360 1343 1424 1382 vel
1442 1343 1626 1396 palmora
1643 1354 1733 1383 ante
1752 1358 1826 1383 nos
1845 1343 1885 1382 in
1902 1341 2052 1383 finibus

660 1403 786 1456 Segor
816 1403 924 1443 circa
954 1417 1063 1443 mare
1087 1403 1326 1443 Salinarum.
1348 1402 1394 1442 In
1418 1404 1565 1457 quibus
1587 1403 1688 1443 locis
1711 1403 1941 1442 invenimus
1963 1417 2054 1442 mo-

660 1463 830 1503 nasteria
855 1461 958 1502 ultra
992 1463 1229 1516 quindecim
1253 1463 1315 1503 vel
1336 1463 1430 1517 xviij
1458 1462 1700 1516 puellarum,
1729 1477 1808 1516 que
1831 1461 2051 1503 Christiani

659 1521 922 1575 populabant.
943 1520 1041 1578 Que
1059 1523 1252 1563 habentes
1270 1537 1398 1562 unum
1416 1522 1586 1562 asellum
1604 1522 1759 1562 cibario
1773 1522 2055 1575 deportabant,

659 1581 697 1620 &
725 1581 960 1621 nutriebant
990 1581 1153 1622 leonem
1184 1582 1406 1622 terribilem
1429 1583 1475 1621 ad
1499 1582 1734 1621 videndum.
1769 1581 1962 1635 Cumque
1983 1595 2055 1635 ap-

660 1639 1040 1694 propinquassemus
1061 1641 1221 1693 cellule,
1243 1643 1383 1682 omnia
1399 1642 1591 1681 animalia
1608 1656 1686 1696 que
1709 1652 1821 1681 erant
1841 1641 2053 1681 nobiscum

659 1713 681 1738 a
711 1700 843 1754 rugitu
865 1700 972 1741 illius
1004 1701 1228 1741 minserunt
1249 1703 1286 1743 δε
1310 1703 1347 1741 in
1370 1713 1474 1742 terra
1495 1712 1751 1741 corruerunt.
1783 1700 1837 1740 Et
1864 1701 2054 1740 dicebant

658 1759 776 1800 nobis
807 1761 916 1814 quod
954 1760 1084 1813 ipsum
1120 1761 1285 1801 asellum
1317 1762 1380 1802 leo
1416 1761 1497 1815 ipse
1534 1761 1776 1815 gubernaret
1809 1761 1849 1799 in
1886 1759 2050 1813 pascuis.

660 1817 802 1874 Quem
824 1819 862 1859 δε
884 1819 1110 1859 offerebant
1130 1820 1248 1860 nobis
1271 1834 1342 1873 pro
1365 1832 1531 1860 centum
1553 1819 1701 1860 solidis.
1733 1819 1800 1860 Set
1827 1830 1941 1873 pater
1961 1820 2052 1862 An-

658 1879 794 1918 tonius
830 1877 1026 1932 suscipere
1065 1879 1210 1920 noluit.
1246 1880 1321 1920 Sed
1364 1879 1466 1920 misit
1507 1881 1545 1920 in
1583 1878 1835 1919 Hierusalem
1875 1879 1972 1930 cito,
2013 1879 2051 1920 &

656 1938 825 1978 adduxit
845 1939 901 1979 eis
924 1950 1057 1979 ternas
1080 1941 1250 1990 tunicas,
1273 1940 1311 1980 ἃ*
1333 1939 1470 1979 oleum
1493 1943 1540 1979 ad
1560 1939 1773 1979 luminaria
1789 1938 2051 1992 &legumina

655 1997 794 2038 multa.
831 1997 886 2038 Et
920 1997 1001 2051 ipse
1036 1998 1154 2039 nobis
1190 2000 1381 2039 dixerunt
1412 2000 1460 2039 de
1496 1999 1712 2039 virtutibus
1749 1998 1899 2049 Marie,
1933 1999 2048 2041 cuius

653 2057 830 2111 superius
864 2058 1117 2098 mentionem
1154 2058 1339 2108 fecimus,
1374 2073 1452 2111 que
1491 2057 1768 2097 ambulaverat
1802 2059 1842 2096 in
1877 2058 2046 2098 heremo

655 2117 735 2156 sola
764 2128 929 2170 portans
956 2116 1163 2170 legumine
1185 2116 1391 2170 sportellas
1426 2116 1578 2169 plenas,
1608 2116 1671 2156 vel
1694 2117 1850 2157 tunicas
1881 2132 1979 2170 quas
2011 2118 2048 2157 ei

652 2179 873 2232 cupiebant
894 2177 1076 2229 aufferre,
1098 2177 1160 2218 sed
1185 2178 1321 2220 nullus
1344 2193 1433 2218 eam
1454 2179 1634 2218 invenire
1657 2178 1801 2231 potuit.
1824 2178 1883 2218 At
1904 2190 2039 2219 tamen

654 2240 703 2278 de
733 2239 788 2278 eis
824 2253 902 2292 que
938 2238 1071 2278 secum
1107 2240 1275 2279 duxerat
1303 2238 1430 2278 nichil
1465 2249 1673 2291 reportant
1706 2248 1955 2279 revertentes
1993 2240 2043 2279 de

653 2299 831 2337 heremo.
856 2298 987 2338 Cuius
1019 2297 1282 2338 afflictionem
1313 2297 1376 2337 vel
1408 2297 1612 2350 ploratum
1636 2296 1749 2336 nulla
1768 2298 1925 2338 ratione
1947 2314 2047 2340 con—

654 2358 766 2398 solari
798 2359 1020 2413 potuimus,
1053 2358 1109 2399 set
1141 2370 1299 2399 tantum
1331 2359 1461 2412 sepius
1493 2358 1655 2397 dicebat
1688 2357 1808 2398 flens:
1846 2359 1910 2398 Ve
1945 2361 2044 2399 mihi

654 2418 808 2469 misera,
838 2419 952 2458 cuius
983 2418 1098 2458 causa
1128 2433 1192 2458 me
1228 2417 1484 2458 christianam
1517 2418 1622 2456 dico.
1664 2416 1966 2458 Proficiscentes
1996 2418 2046 2457 de

653 2478 817 2518 civitate
835 2477 1040 2528 Heulatia,
1061 2478 1299 2518 intravimus
1321 2478 1532 2517 heremum
1554 2476 1726 2516 miliario
1748 2482 1831 2516 xx0.

706 2534 752 2576 In
783 2552 865 2591 quo
896 2536 951 2576 est
971 2537 1144 2577 castrum
1174 2537 1241 2577 ubi
1275 2536 1331 2576 est
1360 2536 1654 2590 synodochium
1685 2536 1820 2576 Sancti
1855 2535 2044 2589 Georgij,

652 2595 691 2635 in
709 2611 791 2650 quo
808 2596 960 2637 habent
976 2596 1222 2637 transeuntes
1243 2596 1307 2636 vel
1319 2596 1516 2636 heremite
1526 2595 1816 2649 refugiumfive
1829 2594 2039 2648 stipendia.

703 2653 804 2695 Inde
836 2657 1030 2696 intrantes
1052 2657 1091 2695 in
1110 2656 1342 2696 interiorem
1374 2656 1600 2705 heremum,
1629 2655 1816 2695 venimus
1833 2655 1881 2693 ad
1899 2653 2041 2693 locum

651 2716 700 2754 de
717 2730 799 2769 quo
817 2716 966 2755 dicitur
983 2717 1023 2755 in
1042 2715 1214 2768 psalmo:
1240 2712 1373 2755 Terra
1389 2715 1593 2754 fructifera
1610 2715 1648 2754 in
1668 2714 1872 2767 salsugine,
1889 2714 1968 2753 hoe
1987 2713 2042 2753 est
