2216 3435
607 127 649 182 lij
1140 139 1433 173 PRAEFATIO.

1248 357 1347 403 XVI

760 479 1019 517 QUALITER
1048 481 1166 514 SITA
1192 482 1284 514 EST
1310 482 1506 516 CIVITAS
1533 484 1828 518 IERUSALEM.

660 588 844 628 Libellum
874 604 990 641 quem,
1010 590 1152 630 meliori
1174 590 1356 645 deficiente
1384 593 1499 644 titulo,
1534 592 1729 649 Qualiter
1753 593 1823 634 fita
1845 594 1900 634 est
1931 595 1991 635 ci-

606 653 707 694 vitas
738 652 953 694 Ierusalem
982 655 1249 713 inscrzpstmus,
1279 657 1378 698 nobis
1407 658 1670 713 suppeditavit
1697 660 1804 699 codex
1838 660 1990 712 quidam

606 718 881 774 manuscriptus
932 719 1164 760 Bibliothecae
1212 720 1513 775 Armamentarij
1553 723 1734 778 Parifini,
1787 729 1828 763 n⁰
1893 724 1988 765 1161

608 784 664 834 (ol.
686 794 787 835 102),
809 784 942 824 Xllmv
963 786 1303 843 incipientesaeculo
1323 797 1516 839 exaratus,
1534 789 1571 827 in
1589 803 1656 840 quo
1678 804 1754 829 una
1781 804 1862 829 cum
1883 787 1993 845 opus-

606 848 697 899 culo,
716 850 757 888 de
774 864 840 901 quo
856 850 1011 903 agimus,
1032 851 1234 891 continetur
1251 851 1430 891 Historia
1448 852 1832 906 Hierosolymitana,
1853 870 1877 894 α
1894 854 1992 894 Bal-

606 914 707 954 drico
740 916 982 971 Bur-guliensi
1013 917 1232 974 conscripta.
1268 918 1534 973 Breviffimum
1570 919 1728 971 quidem,
1768 935 1830 959 nec
1871 929 1992 960 tamen

605 981 898 1021 contemnendum
933 982 1144 1037 opusculum
1177 983 1287 1036 istud,
1318 992 1358 1022 ut
1386 985 1432 1023 ab
1464 983 1603 1023 oculato
1635 985 1716 1034 teste
1736 985 1994 1039 conscriptum,

606 1045 669 1097 qui
699 1060 810 1098 neque
840 1046 953 1086 Bedae
983 1047 1113 1098 libello,
1147 1063 1258 1100 neque
1286 1049 1535 1100 innominatis,
1572 1065 1596 1089 a
1630 1048 1713 1089 Tito
1738 1047 1875 1089 Tobler
1908 1050 1992 1090 olim

607 1111 719 1161 editis,
735 1111 1046 1167 descriptionibus,
1058 1114 1112 1153 ad
1116 1113 1235 1170 suam
1252 1115 1507 1154 contexendam
1525 1114 1784 1155 narrationem
1803 1115 1890 1170 usus
1899 1117 1991 1168 fuit.

608 1176 721 1216 Cuius
737 1186 844 1228 aetas,
856 1192 1071 1230 quanquam
1089 1189 1173 1218 ante
1183 1179 1350 1231 primam
1353 1180 1518 1236 sacram
1534 1180 1790 1234 expeditionem
1808 1187 1993 1222 auHorem

607 1256 825 1295 anonymum
858 1242 996 1297 vixiffe
1030 1244 1223 1295 credimus,
1257 1259 1325 1283 non
1341 1245 1441 1300 satis
1467 1255 1562 1285 certe
1591 1246 1829 1304 cognoscitur.
1865 1244 1997 1285 Multi

594 1308 765 1362 fortaffe
786 1323 864 1346 eum
885 1309 1074 1363 incipiente
1094 1309 1143 1348 X
1143 1308 1569 1367 Hmsaeculofloruiffe
1591 1312 1857 1365 opinabuntur.
1896 1310 1994 1350 Utile

607 1387 691 1425 ergo
712 1373 808 1411 nohis
824 1373 919 1427 fore
938 1371 1065 1428 visum
1087 1376 1148 1429 est,
1185 1384 1423 1428 argumenta,
1443 1391 1526 1428 quae
1552 1377 1732 1416 adunam
1763 1376 1994 1428 alteramque

602 1438 842 1492 probandam
865 1439 1061 1492 opinionem
1083 1439 1224 1494 afferri
1238 1439 1394 1495 poſjent,
1416 1441 1583 1481 breviter
1604 1451 1790 1494 exponere.

658 1502 792 1557 Quum
813 1504 855 1542 de
885 1503 1051 1557 reliquiis
1074 1504 1238 1545 Iudaicis
1258 1505 1438 1558 loquatur
1458 1521 1671 1560 anonymus,
1696 1506 1829 1562 easque
1859 1515 1996 1546 narret

606 1569 642 1608 in
668 1568 818 1622 Templo
837 1568 996 1608 Domini
1015 1569 1230 1624 aſjervari,
1253 1586 1345 1623 quas
1365 1571 1541 1624 reliquias
1561 1571 1686 1611 multis
1714 1580 1798 1611 ante
1824 1571 1994 1625 primam

601 1634 758 1689 sacram
778 1634 1032 1687 expeditionem
1050 1636 1156 1675 annis
1173 1635 1514 1691 Coiylantinopolim
1535 1637 1809 1691 trarssulerant
1821 1639 1989 1690 impera-

605 1709 697 1740 tores
738 1699 879 1751 Gra-ci,
898 1710 910 1730 1
945 1711 1016 1754 pro
1054 1710 1149 1740 certo
1183 1700 1404 1754 habendum,
1437 1710 1619 1743 aqurem
1655 1703 1814 1756 nestrum
1844 1702 1989 1757 expedi-

606 1766 733 1806 tionem
751 1766 857 1820 ssam
879 1766 1110 1822 anteceffiffi.

658 1831 854 1871 Auctorem
876 1847 966 1872 vero
996 1847 1213 1885 anonymum
1236 1831 1460 1889 Ierusalem,
1495 1834 1562 1874 hac
1579 1835 1731 1874 civitate
1749 1834 1826 1873 iam
1848 1849 1872 1874 a
1899 1833 1994 1873 Sar·-

603 1897 747 1936 racenis
753 1895 791 1952 s
784 1898 931 1948 ubatta,
948 1897 1028 1936 adii
1027 1896 1080 1951 ffe
1096 1898 1305 1949 videretur,
1321 1898 1452 1953 quippe
1468 1899 1532 1951 qui
1553 1898 1785 1952 Templum
1804 1897 1994 1950 Domini,

605 1963 647 2002 id
662 1963 712 2016 est
718 1962 951 2018 synagogam
973 1963 1020 2002 ab
1043 1962 1204 2014 Omaro,
1231 1972 1273 2002 ut
1290 1963 1406 2017 vulgo
1426 1965 1606 2015 creditur,
1636 1965 1873 2019 exstrm‘tam,
1909 1962 1995 2020 des—

603 2028 736 2067 cribat.
759 2027 843 2067 Iam
870 2028 943 2068 eius
962 2028 1299 2081 peregrinationem
1325 2028 1387 2067 diu
1407 2029 1485 2083 post
1509 2028 1780 2084 Arculfianam
1809 2028 1994 2083 contigiffi

604 2109 645 2133 ex
672 2108 708 2133 eo
735 2093 900 2132 concludi
921 2093 1053 2148 peffet,
1087 2093 1185 2146 quod
1206 2092 1319 2148 ipsius
1350 2093 1392 2133 de
1429 2092 1580 2148 Templo
1610 2095 1733 2134 verba
1765 2094 1883 2147 magis
1912 2109 1994 2134 cum

602 2159 688 2210 illis,
708 2174 790 2212 quae
805 2159 904 2198 nobis
919 2159 961 2198 de
977 2158 1038 2198 hoc
1057 2159 1302 2199 tradiderunt
1314 2159 1529 2199 recentiores
1536 2159 1755 2216 scriptores,
1776 2173 1887 2211 quam
1912 2174 1993 2199 cum

604 2224 760 2279 Arculfi
776 2224 951 2264 relatione
972 2224 1193 2264 concordent.
1207 2235 1225 2255 2
1249 2223 1529 2264 Subnotandum
1545 2224 1653 2264 etiam
1674 2224 1780 2276 quod,
1795 2239 1877 2264 cum
1901 2224 1993 2280 nus-

605 2305 717 2342 quam
743 2290 784 2329 de
804 2289 1038 2340 Sarracenis,
1059 2289 1121 2342 qui
1139 2289 1316 2342 quamdiu
1338 2288 1545 2347 Ierusalem
1566 2298 1776 2340 tenuerunt,
1800 2287 1994 2344 Templum

601 2365 672 2409 pro
702 2355 892 2411 synagoga
932 2354 1155 2406 habuerunt,
1188 2355 1393 2394 meminerit
1429 2355 1651 2409 peregrinus
1695 2355 1829 2408 noster,
1858 2354 1995 2410 neceffl

657 2523 670 2543 1
696 2511 803 2544 Anno
816 2509 902 2543 enim
921 2513 1001 2551 627,
1014 2510 1110 2543 Arca
1129 2510 1252 2543 Foede-
1382 2522 1399 2541 2
1422 2509 1478 2543 Cf.
1510 2508 1607 2550 infra,
1626 2520 1659 2554 p.
1688 2520 1763 2552 145,
1789 2509 1820 2542 δι
1846 2508 1991 2553 Mudgir

607 2566 648 2598 ris
668 2564 699 2597 in
725 2564 985 2598 Blachernarum
1003 2563 1128 2607 palatio
1153 2561 1252 2596 affer·
1333 2562 1458 2604 Eddin,
1477 2562 1555 2607 Hist.
1571 2564 1611 2594 de
1631 2561 1822 2605 Jerusalem
1838 2562 1989 2596 &d’He-

607 2615 1252 2660 vabatur.Cf.ChroniconPasclzale,ed.
1333 2617 1424 2658 bron,
1445 2616 1528 2649 trad.
1547 2615 1714 2657 Sauvaire,
1734 2627 1766 2660 p.
1790 2627 1870 2660 51-5
1878 2627 1906 2660 5.

608 2673 730 2714 Bonn.,
743 2672 771 2713 1,
787 2674 862 2712 726.
