2216 3435
640 174 705 206 DE
730 173 866 206 LOCIS
890 174 1110 206 SANCTIS.
1468 178 1482 207 1
1501 172 1551 225 13

180 324 329 367 Horeb.
362 320 407 365 Et
447 319 598 364 dicunt
628 318 712 365 effe
738 318 887 364 Horeb
919 336 1077 365 terram
1109 317 1334 364 mundam.
1368 323 1411 365 ln
1437 337 1559 382 parte

182 391 306 455 ipsius
327 392 489 436 montis
509 389 669 435 habent
687 393 903 436 sarraceni
924 392 1076 435 idolum
1098 390 1219 434 suum
1238 388 1426 451 pofitum
1447 408 1557 435 mar-

184 479 397 520 moreum,
417 460 656 508 candidum
678 477 905 522 tamquam
926 462 1082 507 nivem.
1105 459 1163 505 lbi
1184 461 1315 505 etiam
1334 477 1559 522 permanet

184 531 383 578 sacerdos
403 549 555 577 eorum
574 529 747 575 indutus
769 531 999 577 dalmatica
1015 531 1201 594 &pallio
1220 530 1348 576 lineo.
1363 532 1558 594 Qando

179 605 297 649 venit
321 620 493 665 tempus
521 603 752 648 festivitatis
785 602 975 660 illorum,
1002 619 1244 647 recurrente
1257 612 1275 628 ‘¹
1297 601 1414 661 luna,
1440 620 1559 648 ante-

182 692 316 736 quam
344 691 449 738 ergo
471 673 625 719 dicitur
647 673 751 717 luna
776 672 832 718 ad
858 673 975 718 diem
1002 673 1155 718 festum
1178 673 1387 735 ipsorum,
1408 675 1563 737 incipit

181 763 374 790 marmor
408 743 513 790 illud
548 760 714 788 mutare
755 744 952 789 colorem
966 743 1005 803 3²³
1048 761 1153 788 mox
1187 744 1290 789 luna
1334 745 1561 804 introierit,

187 815 365 878 quando
381 817 574 878 ceperint
592 813 775 859 adorare
788 814 974 871 idolum,
992 815 1037 859 fit
1054 832 1246 860 marmor
1264 815 1370 860 illud
1390 817 1563 879 nigrum

187 886 291 931 ficut
313 888 398 948 pix.
425 885 757 948 Completoque
780 901 978 947 tempore
1005 885 1250 943 festivitatis,
1275 888 1497 932 revertitur
1520 888 1564 931 in

187 958 414 1020 pristinum
451 957 663 1014 colorem,
700 955 815 1002 unde
843 958 1027 1002 omnino
1065 974 1218 1002 omnes
1244 958 1384 1003 mirati
1407 959 1563 1003 sumus.

598 1117 793 1164 XXXIX.
820 1121 1009 1174 manna,
1027 1121 1138 1177 fere.

256 1246 365 1287 Inter
385 1243 483 1288 Sina
509 1243 553 1287 ὃς
578 1240 731 1286 Horeb
752 1242 809 1286 est
828 1241 963 1300 vallis3
983 1241 1026 1286 in
1048 1259 1131 1303 qua
1151 1242 1273 1286 certis
1299 1240 1567 1304 temporibus

191 1312 412 1359 descendit
431 1330 499 1358 ros
520 1312 574 1358 cle
595 1313 704 1371 celo,
726 1329 858 1373 quem
884 1331 1061 1357 mannam
1083 1313 1318 1374 appellant,
1342 1316 1386 1358 ὃς
1404 1330 1568 1376 coagu-

187 1385 309 1444 latur,
345 1387 389 1430 ὃς
413 1385 460 1429 fit
485 1400 711 1446 tamquam
742 1401 929 1447 granum
961 1384 1168 1429 masticis:
1200 1386 1244 1429 ὃς
1269 1384 1502 1447 colligitur,
1526 1387 1571 1429 ὃς

190 1455 308 1501 dolia
328 1455 429 1502 inde
448 1457 579 1520 plena
599 1454 761 1501 habent
780 1456 823 1500 in
843 1471 1007 1513 monte,
1029 1454 1144 1500 unde
1164 1472 1244 1518 pro
1265 1454 1571 1502 benedictione

190 1526 295 1573 dant
322 1528 580 1590 ampullulas
614 1526 835 1585 modicas3
873 1544 976 1572 nam
1012 1528 1056 1571 ὃς
1092 1525 1217 1571 nobis
1246 1525 1459 1572 dederunt
1483 1527 1570 1572 sex-

196 1600 323 1644 tarios
350 1600 556 1661 quinque.
597 1600 648 1644 Ex
686 1616 775 1661 quo
812 1600 944 1644 etiam
979 1599 1157 1662 prodito
1184 1598 1352 1658 bibunt,
1377 1602 1421 1644 ὃς
1446 1597 1572 1644 nobis

194 1669 407 1716 dederunt
433 1673 477 1716 ὃς
505 1669 709 1716 bibimus.
741 1671 785 1715 Et
809 1671 851 1716 in
879 1669 976 1732 ipsis
1004 1670 1227 1717 montibus
1254 1674 1315 1717 leo
1340 1673 1384 1716 ἅ
1401 1673 1572 1731 pardus,

193 1761 331 1802 capree
367 1744 411 1787 ὃς
453 1745 644 1787 burdones
679 1744 723 1787 ὃς
763 1748 910 1803 onagri
952 1741 1074 1788 fimul
1113 1744 1309 1805 pascunt,
1351 1742 1574 1804 nullusque

194 1823 372 1857 corun-1⁶
395 1810 551 1857 leditur
580 1829 759 1874 propter
789 1813 923 1857 eremi
946 1813 1203 1859 vastitatem.
1235 1814 1280 1858 Et
1305 1814 1404 1874 quia
1427 1814 1515 1858 iam
1535 1813 1575 1858 se

195 1881 478 1945 complebant
519 1882 608 1928 dies
654 1883 743 1928 festi
779 1884 1161 1943 Sar1·acenorum‚¹i
1195 1901 1327 1946 preco
1369 1885 1487 1940 exiit,
1531 1901 1576 1929 ut

197 1954 336 1999 nullus
361 1952 593 1999 subsisteret
616 1972 694 2017 per
718 1972 926 2012 eremum,
958 1972 1035 2017 per
1059 1973 1192 2016 quam
1216 1955 1385 2017 ingreffi
1411 1956 1570 2000 sumus.

197 2025 280 2082 Alij
300 2041 375 2086 per
388 2024 617 2087 Egyptum,
638 2025 705 2084 alij
727 2042 803 2087 per
824 2023 1031 2069 Arabiam
1051 2023 1198 2071 reversi
1212 2026 1305 2070 sunt
1323 2026 1367 2070 in
1386 2025 1577 2071 santqam

198 2111 434 2141 civitatem.

660 2255 743 2301 XL.
782 2257 930 2313 ssbila,
964 2260 1119 2300 Phara.

267 2384 335 2428 De
361 2400 512 2429 monte
531 2385 629 2430 Sina
655 2385 784 2446 usque
805 2386 848 2430 in
876 2383 1031 2430 Arabie
1051 2385 1286 2441 civitatem,
1315 2400 1399 2444 que
1426 2381 1581 2428 dicitur

200 2462 346 2517 abila,
376 2460 469 2506 sunt
506 2459 745 2506 manfiones
772 2464 890 2506 ocio.
933 2464 976 2506 ln
1002 2460 1128 2506 Abila
1164 2459 1432 2506 descendunt
1453 2476 1582 2506 naves

201 2530 255 2576 dc
283 2530 400 2577 lndia
427 2549 530 2577 cum
555 2530 724 2578 diverfis
750 2531 1031 2578 aromatibus.

267 2601 407 2648 Nobis
433 2619 579 2648 autem
604 2603 743 2649 visum
774 2603 831 2648 est
855 2621 933 2666 per
958 2603 1173 2666 Egyptum
1200 2604 1366 2661 reverti,
1398 2604 1442 2647 ὃς
1466 2602 1583 2648 veni-

247 2723 275 2741 a.
298 2710 398 2750 7ucl1,
415 2710 458 2742 al.
480 2718 700 2754 precurrente,
715 2722 843 2755 ρει-ειη·-
982 2722 1008 2743 c.
1027 2709 1142 2743 Omitto
1157 2723 1174 2742 a
1189 2710 1293 2743 leone.
1310 2729 1353 2734 -—
1367 2709 1399 2742 d.
1418 2709 1466 2742 Al.
1486 2711 1582 2742 lima-

203 2769 303 2795 rente.
329 2783 370 2787 —
394 2764 425 2796 bi
448 2764 523 2806 Ed„
548 2764 580 2796 V.
603 2775 731 2796 vocem.
934 2764 1120 2797 helimrum.

1416 2841 1452 2871 ¹5
