2216 3435
713 128 797 187 170
1261 141 1520 174 ARCULFUS

703 288 821 332 cuius
848 304 962 333 nunc
988 286 1193 350 quedam,
1221 304 1266 332 ut
1285 288 1486 333 Arculfus
1511 288 1651 347 refert,
1672 290 1889 335 ruinarum
1913 290 2088 354 vestigia

704 359 1007 405 monstrantur.
1044 361 1201 405 Mirum
1229 359 1361 419 dielu,
1395 360 1483 405 sola
1514 359 1671 405 domus
1698 360 1813 407 Raab
1841 363 2088 421 meretricis,

702 429 833 476 tribus
857 432 900 476 in
923 431 1083 477 codem
1109 431 1210 476 loco
1236 431 1455 477 destruftis
1481 431 1739 491 civitatibus,
1761 431 1976 491 remanfit,
2003 450 2088 495 que

704 500 814 547 duos
847 503 1166 565 exploratores,
1199 520 1309 565 quos
1349 503 1465 548 {osne
1505 504 1737 550 Ben-Nun
1774 504 2012 564 tranlmilit,
2043 506 2086 550 in

704 574 859 619 solario
897 574 1088 620 eiusdem
1121 574 1279 619 domus
1314 575 1383 620 sue
1408 575 1482 620 lini
1509 575 1659 638 stipula
1686 575 1940 621 abscondit:
1968 577 2087 622 cuius

700 645 863 709 lapidei
883 648 1064 709 parietes
1086 646 1170 691 fine
1190 647 1379 692 culmine
1400 663 1669 708 permanent.
1692 648 1828 692 Locus
1848 665 1951 693 vero
1974 664 2088 694 totus

704 716 832 777 urbis,
869 718 923 763 ab
955 719 1144 763 humana
1180 717 1367 763 desertus
1393 717 1675 777 habitatione,
1708 719 1873 764 nullam
1903 718 2088 765 domum

702 788 866 835 habens
903 790 1280 847 commorationis,
1318 791 1479 853 segetes
1515 792 1559 835 ὃς
1599 790 1743 836 vineta
1773 792 1936 853 recipit.
1980 794 2090 838 Inter

701 861 852 906 locum
888 861 1080 907 eiusdem
1120 861 1330 907 destrucle
1359 862 1541 907 civitatis
1572 861 1872 915 &Iordanem
1906 861 2089 909 fluvium

701 933 885 997 grandia
904 934 1046 978 insunt
1072 934 1278 996 palmeta,
1303 934 1346 978 in
1373 951 1562 995 quorum
1583 933 1731 978 medio
1752 934 1943 996 campuli
1961 936 2090 981 inter-

703 1003 829 1068 pofiti
855 1004 1081 1065 habentur,
1113 1006 1156 1050 in
1186 1003 1339 1067 quibus
1374 1004 1673 1067 quorumdam
1699 1006 1971 1052 Channanee
2002 1007 2088 1052 stir—

704 1078 767 1139 pis
804 1077 1157 1123 homuncionum
1199 1094 1340 1141 prope
1385 1076 1716 1123 innumerabiles
1753 1078 1848 1122 sunt
1883 1077 2090 1126 fabricate

703 1147 1039 1194 inhabitantium
1065 1148 1235 1196 domus

703 1330 804 1375 XIII.
852 1333 918 1374 De
956 1331 1154 1391 Galgalis
1193 1331 1230 1374 ὃ
1274 1333 1320 1374 de
1357 1332 1564 1375 duodecim
1604 1332 1833 1391 lapidibus,
1877 1348 1974 1390 quos
1999 1331 2093 1389 filij

910 1403 1051 1464 Israel,
1081 1405 1341 1463 transvadato
1366 1404 1554 1447 Iordanis
1569 1405 1714 1461 fluvio,
1731 1407 1881 1464 ficcato

1162 1474 1388 1518 detulerunt
1403 1475 1627 1534 profundo.

769 1586 971 1632 Arculfus
1011 1602 1278 1632 memoratus
1314 1584 1556 1648 quamdam
1584 1584 1799 1648 grandem
1825 1587 2025 1648 ecclesiam
2053 1589 2093 1629 in

707 1661 905 1720 Galgczlis
938 1657 1166 1703 fundatam
1190 1657 1298 1703 vidit
1324 1675 1377 1702 eo
1412 1658 1456 1702 in
1481 1657 1584 1702 loco
1611 1657 1916 1716 constructam,
1940 1657 1985 1702 in
2006 1673 2095 1719 quo

704 1730 777 1790 filij
806 1730 939 1788 Israel,
968 1729 1148 1775 Iordane
1175 1728 1447 1792 transgreffO,
1477 1730 1609 1774 castra
1636 1730 1800 1787 metati,
1839 1729 2026 1791 primam
2051 1729 2096 1774 in

705 1818 814 1848 terra
856 1802 1072 1848 Chanaan
1113 1799 1386 1846 mansionem
1430 1799 1630 1846 habuere.
1681 1803 1725 1845 ln
1768 1817 1854 1862 qua
1894 1799 2097 1847 videlicet

705 1873 878 1920 ecclefia
904 1873 1023 1919 idem
1046 1874 1214 1918 lanelus
1240 1873 1440 1918 Arculfus
1465 1872 1562 1917 illos
1583 1871 1872 1919 confideravit
1894 1874 2095 1917 duodenos

705 1948 879 2007 Iapides,
927 1945 981 1990 de
1025 1943 1179 2006 quibus
1220 1943 1274 1989 ad
1312 1944 1430 1989 losue
1469 1945 1703 2003 Dominus,
1739 1945 1837 2007 post
1873 1940 2095 1988 transitum

706 2017 912 2075 Iordanis,
938 2017 1108 2062 locutus
1141 2017 1210 2072 est,
1237 2015 1402 2061 dicens:
1430 2017 1550 2077 Elige
1573 2018 1781 2060 duodecim
1814 2020 1936 2071 viros,
1952 2021 2094 2078 fingu-

708 2091 770 2134 los
797 2109 873 2150 per
903 2091 1090 2151 fingulcis
1125 2091 1265 2143 tribus,
1306 2089 1345 2132 ὃ·
1363 2093 1529 2148 precipe
1550 2092 1623 2143 eis,
1651 2105 1692 2131 ut
1718 2089 1865 2132 tollant
1888 2089 1937 2131 de
1963 2088 2095 2130 medio

705 2163 894 2206 Iordanis
930 2163 1060 2217 alveo,
1099 2163 1164 2205 ubi
1192 2164 1384 2219 steterunt
1411 2160 1670 2220 sacerdotum
1701 2161 1842 2218 pedes,
1883 2160 2094 2203 duodecim

706 2233 930 2291 duriffimos
963 2235 1136 2294 lapides,
1171 2250 1268 2292 quos
1290 2235 1453 2292 ponetis
1481 2235 1519 2274 in
1542 2231 1628 2275 loco
1654 2234 1881 2290 castrorum,
1917 2232 2095 2288 ubifixe-

705 2308 800 2349 ritis
835 2309 909 2349 lzac
940 2308 1053 2350 nodie
1079 2309 1264 2349 tentoria.
1302 2303 1411 2359 Hos,
1443 2302 1641 2362 inquam,
1675 2301 1874 2346 Arculfus
1915 2299 2096 2357 viderat,

707 2392 730 2419 e
767 2373 922 2436 quibus
963 2376 1088 2421 senos
1115 2376 1158 2420 in
1195 2373 1343 2419 dextra
1388 2389 1510 2435 parte
1536 2370 1710 2417 ecclesie
1751 2374 1795 2417 in
1839 2373 2096 2435 pavimento

706 2447 894 2492 iacentes
937 2448 982 2492 ὅ(
1016 2447 1122 2492 alios
1162 2444 1354 2491 eiusdem
1395 2444 1563 2489 numeri
1605 2444 1648 2488 in
1689 2443 1929 2505 aquilonali
1972 2458 2096 2506 parte

709 2518 949 2579 omnesque
987 2517 1213 2581 impolitos
1240 2518 1284 2562 &
1319 2516 1423 2562 viles
1450 2515 1695 2577 conspexit:
1722 2523 1913 2577 quorum
1940 2531 2096 2560 unum-

712 2606 948 2652 quemque,
976 2607 1021 2634 ut
1055 2589 1145 2652 ipse
1182 2588 1309 2633 refert
1340 2586 1557 2645 Arculfus,
1595 2586 1718 2631 huius
1759 2586 1966 2648 temporis
2009 2584 2099 2630 duo

709 2661 887 2708 iuvenes
929 2662 1007 2708 viri
1045 2661 1178 2706 fortes
1213 2659 1281 2706 vix
1322 2656 1497 2725 possunt
1539 2656 1593 2702 de
1631 2674 1741 2703 terra
1777 2655 2011 2703 sublevare.
2047 2655 2102 2701 Ex
