2216 3435
640 116 724 167 132
1027 114 1325 149 ANTONINUS
1362 115 1596 148 MARTYR

632 260 728 300 illud
761 271 916 300 mutare
945 260 1140 300 colorem.
1171 260 1225 300 Et
1246 260 1410 314 quando
1443 261 1628 313 ceperint
1648 261 1815 301 adorare
1836 261 2019 315 ydolum,

630 319 673 360 fit
695 334 875 360 marmor
897 320 994 360 illud
1018 321 1177 373 nigrum
1200 321 1310 359 velut
1333 320 1411 373 pix.

685 379 908 432 Completo
929 390 1114 432 tempore
1138 379 1361 419 festivitatis
1382 380 1597 419 revertitur
1620 381 1764 420 iterum
1788 381 1827 420 in
1854 381 2019 433 pristino

631 439 781 489 colore,
813 440 918 478 unde
951 438 1066 478 valde
1097 439 1315 478 admiratus
1347 438 1442 478 sum.
1474 437 1585 479 luter
1608 439 1713 492 Syna
1748 440 1786 480 &r
1808 441 1945 480 Coreb
1967 440 2022 480 est

631 498 759 549 vallis,
782 499 819 537 in
843 513 922 552 qua
943 498 1060 538 certis
1084 498 1337 551 temporibus
1359 497 1565 538 descendit
1597 513 1662 538 ros
1684 500 1734 538 de
1764 499 1868 550 celo,
1899 514 2021 553 quem

632 573 780 598 manna
797 557 1016 611 appellant,
1039 557 1076 597 ἃ
1097 556 1336 610 coagulatur
1358 557 1395 597 &
1414 556 1459 598 fit
1476 568 1685 612 tamquam
1702 559 1964 611 gramasticis,
1985 560 2023 600 ἃ

631 619 781 657 habent
803 619 895 657 inde
921 617 1062 670 plenos
1084 615 1230 666 dolios,
1252 616 1291 656 &
1312 618 1409 656 dant
1431 616 1517 657 aliis
1547 631 1618 670 pro
1640 617 1939 658 benedictione.
1971 619 2025 659 Et

632 678 749 717 nobis
781 678 979 716 dederuut
1010 676 1199 715 sextarios
1231 676 1424 729 quinque.
1460 675 1521 715 Ex
1549 691 1630 730 quo
1654 677 1776 716 etiam
1799 677 1835 717 δὲ
1860 679 2023 731 prodito

632 738 787 787 bibunt,
818 737 855 777 ἃ
886 736 1003 776 nobis
1026 736 1227 775 dederunt
1248 735 1395 775 bibere.
1418 735 1529 775 Nam
1552 736 1590 774 in
1621 735 1709 788 ipsis
1731 738 1938 778 montibus
1960 738 2024 778 leo

633 798 671 838 ἃ
693 799 852 851 pardus,
869 811 1013 850 capree
1039 796 1075 836 &
1097 796 1304 835 burdones
1326 794 1441 834 simul
1465 795 1642 848 pascunt,
1665 796 1703 836 δι
1724 797 1858 838 nullus
1881 814 2024 839 eorum

632 873 654 897 a
683 858 799 897 leone
831 857 980 896 leditur
1013 867 1179 909 propter
1208 856 1364 895 heremi
1391 855 1628 895 vastitatem.
1664 855 1717 895 Et
1747 858 1842 910 quia
1874 858 1953 898 iam
1989 859 2025 899 se

632 916 896 970 complebant
928 916 1012 955 dies
1043 914 1127 954 festi
1158 913 1501 964 Hifinaelitarum,
1534 929 1657 966 preco
1689 916 1787 954 exiit
1817 927 1860 956 ut
1890 917 2025 959 nullus

632 975 852 1016 subsisteret
883 990 953 1028 per
984 976 1195 1014 heremum
1227 989 1297 1027 per
1329 988 1450 1028 quam
1483 973 1637 1027 ingressi
1659 973 1804 1015 sumus.
1837 976 1919 1030 Alij
1956 993 2027 1031 per

634 1036 858 1091 Egyptum,
889 1034 952 1089 alij
988 1048 1057 1087 per
1088 1034 1287 1073 Arabiam
1319 1044 1619 1073 reverterentur
1650 1034 1689 1073 in
1721 1033 1899 1075 sanctam
1928 1038 2028 1077 civi-

632 1108 769 1136 tatem.
813 1095 878 1134 De
919 1106 1058 1133 monte
1091 1094 1196 1147 Syna
1234 1093 1355 1146 usque
1393 1094 1432 1132 in
1470 1093 1668 1132 Arabiam
1705 1094 1912 1134 civitatem
1949 1112 2028 1150 que

634 1165 804 1193 vocatur
826 1154 973 1204 Ahela,
996 1153 1083 1193 sunt
1105 1151 1331 1192 mansiones
1353 1152 1462 1191 0810.
1484 1151 1530 1191 In
1551 1152 1685 1192 Ahela
1706 1163 1842 1192 autem
1866 1154 2029 1195 descen-

633 1216 774 1254 dentes
807 1228 929 1253 naves
960 1215 1009 1252 de
1044 1211 1162 1252 India
1193 1227 1287 1252 cum
1324 1213 1484 1253 diveriis
1516 1214 1786 1265 aromatibus,
1816 1214 1944 1254 visum
1974 1214 2031 1254 est

633 1274 750 1313 nobis
774 1287 843 1326 pel·
865 1272 1075 1327 Egyptum
1100 1272 1257 1312 reverti.

687 1332 741 1372 Et
771 1333 956 1372 venimus
996 1333 1034 1371 in
1071 1332 1279 1371 civitatem
1316 1332 1354 1371 in
1391 1346 1471 1385 qua
1506 1333 1702 1386 pugnavit
1733 1332 1901 1387 lVonses
1935 1348 2030 1373 cum

634 1392 848 1433 Amalech.
882 1392 962 1432 Ubi
995 1392 1050 1431 est
1080 1392 1304 1432 oratorium
1334 1392 1448 1431 cuius
1478 1391 1603 1431 altare
1635 1390 1810 1444 positum
1837 1392 1894 1432 est
1915 1392 2031 1446 super

634 1453 787 1506 lapides
820 1451 908 1492 illos
941 1466 1043 1504 quos
1074 1450 1364 1503 subposuerunt
1396 1449 1532 1504 Moysi
1567 1452 1709 1492 oranti.
1742 1450 1788 1491 In
1822 1452 1904 1505 ipso
1936 1453 2030 1491 loco

635 1512 689 1552 est
720 1513 861 1551 civitas
892 1511 1047 1550 munita
1077 1512 1126 1549 de
1157 1510 1363 1560 lateribus,
1394 1510 1508 1550 locus
1540 1510 1680 1551 sterilis
1711 1511 1828 1550 valde
1863 1523 2031 1565 propter

636 1587 770 1626 aquas.
793 1570 853 1610 Ibi
873 1581 1138 1610 occurrerunt
1158 1570 1277 1609 nobis
1300 1569 1491 1609 mulieres
1513 1584 1607 1609 cum
1630 1570 1851 1610 infantibus
1875 1571 2030 1624 palmas

636 1635 675 1673 in
706 1632 892 1671 manibus
924 1641 1131 1683 portantes
1162 1629 1200 1669 &
1231 1629 1430 1682 ampullas
1460 1644 1553 1669 cum
1581 1630 1762 1669 rafanino
1797 1630 1903 1681 oleo,
1936 1644 2032 1683 pro-

635 1694 752 1733 strate
793 1691 962 1745 pedibus
1002 1689 1143 1729 nostris
1184 1690 1390 1742 ungebant
1430 1689 1586 1742 plantas
1615 1688 1776 1730 'nostras
1813 1690 1851 1730 &
1886 1691 2032 1746 capita,

637 1754 774 1805 lingua
808 1750 1021 1804 egyptiaca
1058 1748 1269 1802 psallentes
1309 1749 1597 1801 antiphonam:
1640 1748 1853 1789 Benedicti
1900 1764 1972 1791 vos
2013 1765 2035 1790 a

638 1812 839 1860 Domino,
861 1810 898 1849 δέ
918 1808 1157 1849 benedictus
1179 1810 1375 1848 adventus
1399 1808 1536 1858 vester,
1558 1807 1706 1847 osanna
1728 1808 1767 1847 in
1790 1807 1966 1849 excelsis.

689 1870 777 1924 Ipsa
811 1871 866 1909 est
901 1881 1008 1909 terra
1032 1869 1217 1918 Madian,
1253 1868 1291 1908 δε
1327 1866 1395 1921 ipfi
1430 1868 1659 1907 habitantes
1695 1868 1735 1906 in
1770 1882 1817 1907 ea
1855 1869 2031 1909 civitate.

638 1932 803 1971 Dicitur
833 1941 968 1970 autem
1001 1929 1095 1982 quia
1125 1944 1173 1967 ex
1205 1927 1357 1967 familia
1382 1925 1518 1966 Iethro
1537 1926 1675 1965 socero
1705 1925 1844 1980 Moysi
1869 1927 2033 1967 descen-

637 1993 751 2042 dunt,
786 1992 879 2030 lxxx
916 1990 1140 2029 condomas
1176 1988 1396 2027 militantes
1433 1988 1471 2026 in
1509 1986 1674 2039 publico
1706 2001 1800 2026 cum
1837 1988 2032 2028 uxoribus

638 2051 728 2102 suis,
751 2063 955 2090 annonam
978 2049 1013 2088 δί
1037 2048 1163 2088 vestes
1186 2048 1433 2100 accipientes
1456 2062 1504 2085 ex
1527 2045 1704 2099 Egypto.

693 2110 760 2151 De
791 2110 937 2163 quibus
967 2108 1068 2147 locis
1100 2108 1286 2146 venimus
1309 2105 1522 2159 Magdam,
1544 2105 1582 2144 δε
1604 2105 1796 2155 Soccoth,
1829 2104 1866 2144 ἃ*
1889 2104 1935 2143 ad
1964 2103 2033 2142 lxx

639 2172 736 2210 duas
773 2170 939 2222 palmas,
983 2167 1019 2207 ὅ(
1055 2167 1107 2221 xij
1146 2167 1292 2216 fontes,
1328 2166 1364 2205 ἃ
1401 2165 1674 2218 applicuimus
1710 2164 1763 2204 ibi
1799 2164 1883 2203 dies
1919 2163 2035 2210 duos,

639 2230 790 2284 fatigati
824 2228 912 2282 post
942 2238 1097 2267 tanturn
1130 2227 1313 2265 laborem
1342 2225 1378 2265 Sc
1409 2225 1563 2264 heremi
1596 2224 1832 2264 vastitatem.
1870 2222 1916 2263 In
1951 2237 2033 2276 quo

640 2292 732 2331 loco
751 2289 806 2329 est
818 2287 1026 2328 castellum
1045 2286 1255 2326 modicum
1273 2287 1382 2339 quod
1397 2296 1566 2325 vocatur
1580 2284 1810 2325 Surandala.
1829 2284 1900 2324 Est
1912 2283 2033 2323 etiam

641 2351 742 2390 infra
764 2349 890 2402 ipsum
911 2347 1120 2387 castellum
1141 2344 1309 2386 ecclefia
1331 2360 1423 2384 cum
1446 2344 1696 2398 synodochio
1720 2355 1887 2397 propter
1910 2341 2035 2382 trans—

640 2421 793 2450 euntes.
825 2407 926 2447 Inde
956 2408 1141 2447 venimus
1174 2407 1220 2445 ad
1252 2406 1391 2445 locum
1423 2405 1489 2443 ubi
1521 2403 1590 2458 filij
1625 2402 1745 2443 Israel
1781 2402 2032 2443 transeuntes

642 2485 752 2510 mare
783 2469 969 2509 Rubrum
1000 2467 1123 2506 castra
1152 2467 1292 2505 metati
1324 2463 1424 2514 sunt,
1454 2463 1492 2504 ἃ
1526 2464 1576 2503 ibi
1609 2462 1789 2503 similiter
1823 2460 2033 2502 castellum

642 2545 736 2572 cum
758 2528 1019 2582 synodochio.
1047 2525 1101 2565 Et
1131 2526 1170 2565 in
1201 2524 1294 2564 loco
1326 2539 1407 2577 quo
1439 2524 1623 2563 exierunt
1645 2523 1693 2562 de
1716 2523 1830 2572 mari,
1863 2520 1919 2561 est
1942 2533 2032 2560 ora-

643 2590 794 2630 torium
816 2586 959 2633 Helve.
988 2585 1042 2625 Et
1063 2583 1308 2625 transeuntes
1329 2584 1514 2621 venimus
1536 2582 1574 2621 in
1594 2582 1732 2621 locum
1749 2581 1816 2621 ubi
1835 2581 2035 2620 intrarunt

643 2650 683 2688 in
705 2663 829 2698 mare,
851 2637 916 2686 ubi
944 2646 999 2685 est
1029 2645 1253 2685 oratorium
1275 2641 1422 2696 Moyfi.
1454 2639 1514 2680 Ibi
1546 2640 1602 2680 est
1632 2640 1773 2680 civitas
1805 2653 1928 2692 parva
1954 2652 2033 2691 que

644 2708 870 2763 appellatur
893 2706 1067 2763 Clysma,
1086 2705 1151 2744 ubi
1183 2704 1231 2743 de
1253 2700 1368 2743 India
1398 2714 1519 2741 naves
1542 2700 1721 2740 veniunt.
1752 2697 1799 2739 In
1821 2698 1914 2739 loco
1936 2711 2031 2738 vero
