2216 3435
514 368 591 398 1219

466 577 548 606 febr.
562 586 590 606 2.

618 197 707 250 150
950 199 1100 233 LIBER
1128 200 1330 233 DUELLII
1357 199 1659 233 CHRISTIANI

611 345 767 405 modo,
792 363 1066 393 remanentes
1091 349 1135 392 in
1162 345 1328 405 sabulo,
1358 344 1522 393 civibus
1544 364 1704 393 nocere
1728 364 1997 410 poteramus,

611 435 862 465 convocato
882 420 1084 475 exercitu,
1107 418 1230 464 dixit:
1251 421 1361 480 Qid
1368 422 1566 478 facimus,
1588 421 1806 478 cartffimi?
1824 423 1997 468 Melius

610 495 662 550 cst
686 493 802 536 nobis
834 495 937 537 mori
974 495 1013 536 in
1040 492 1160 547 bello,
1191 509 1306 550 quam
1345 495 1385 535 in
1405 508 1525 551 parte
1551 495 1608 536 ita
1643 496 1775 536 vivere
1800 497 1994 555 captivos,

611 563 894 626 precepitque
929 561 1150 619 omnibus,
1191 577 1236 607 ut
1269 560 1405 607 essent
1442 562 1580 625 parati
1615 563 1659 607 in
1699 562 1997 612 Purificatione

610 635 766 681 Sancte
791 635 936 680 Marie.
977 635 1068 696 Qui
1104 650 1258 679 omnes
1288 633 1460 678 summo
1492 632 1685 679 diluculo
1717 636 1862 680 coccis
1884 638 1996 682 &in

608 706 771 770 galeis¹
821 705 1106 752 ascenderunt
1141 708 1186 751 ὃς
1226 723 1302 768 per
1335 703 1498 751 flumen
1524 707 1729 770 navigare
1767 724 1991 770 ceperunt.

608 778 712 823 Mox
742 794 860 824 tanta
897 795 992 824 orta
1029 778 1086 823 est
1116 778 1345 840 tempestas
1378 779 1422 824 in
1450 782 1548 824 aere
1573 795 1673 824 cum
1698 796 1829 840 aqua,
1864 797 1995 843 gran-

607 848 710 895 dine
734 851 779 895 &
805 849 983 912 frigore,
1020 848 1143 911 quod
1181 849 1314 895 nulla·
1334 847 1388 895 de
1420 849 1602 896 navibus
1636 851 1788 896 nostris
1819 849 1997 897 videbat

607 921 755 979 aliam,
797 923 842 966 ὃς
878 921 1012 966 multe
1050 938 1100 966 ex
1131 923 1189 967 eis
1216 922 1450 968 retroverse
1488 922 1596 968 sunt.
1644 922 1703 967 llli
1726 938 1887 981 autem,
1922 924 1996 984 qui

606 990 771 1039 flumen
809 992 1077 1052 transierunt,
1116 992 1332 1057 grandem
1371 993 1671 1055 tempestatem
1704 1011 1780 1056 per
1805 993 1995 1040 triduum

606 1063 712 1127 paffi
736 1066 843 1111 sunt.

671 1136 783 1183 XIV.
811 1137 1012 1183 Similiter
1036 1138 1259 1183 Sarraceni
1290 1153 1383 1182 non
1414 1138 1557 1183 minus
1585 1154 1677 1182 non
1704 1153 1907 1199 poterant
1931 1141 1995 1186 vi-

606 1206 707 1253 dere
743 1226 824 1253 nos
854 1226 936 1254 nec
965 1210 1110 1255 venire
1138 1208 1195 1255 ad
1226 1226 1323 1269 nos,
1358 1226 1500 1271 neque
1533 1226 1614 1254 nos
1653 1225 1904 1271 poteramus
1936 1212 1994 1258 ire

605 1278 663 1325 ad
701 1297 787 1326 eos,
822 1281 950 1326 Tunc
983 1282 1139 1327 milites
1166 1281 1395 1340 christiani,
1431 1281 1518 1326 fere
1556 1280 1611 1326 de
1647 1279 1795 1327 divina
1835 1283 1993 1329 miseri-

606 1351 757 1397 cordia
791 1351 1018 1415 desperati,
1056 1353 1178 1398 illum
1220 1354 1472 1399 Daviticum
1513 1351 1750 1398 cantabant
1789 1354 1992 1401 versum:

609 1425 772 1469 Oblitus
803 1429 854 1484 cst
886 1428 1015 1485 Deus,
1050 1430 1195 1470 avertit
1211 1429 1370 1485 faciem
1383 1427 1521 1486 suam,
1554 1443 1602 1469 ne
1633 1427 1769 1471 videat
1805 1430 1845 1471 in
1864 1429 1992 1485 finem

603 1496 772 1557 (Psalm.
798 1509 866 1555 IX,
898 1499 990 1561 31).
1017 1497 1243 1560 Ceperunt
1279 1514 1426 1543 tamen
1455 1498 1702 1542 Dominum
1739 1496 1921 1544 adorare
1947 1501 1991 1545 ὃ(

603 1566 764 1614 dicere:
803 1569 878 1627 Tu,
905 1573 1095 1625 Domine,
1121 1574 1189 1630 qui
1212 1573 1344 1615 omnia
1371 1573 1484 1629 nosti,
1511 1586 1719 1629 antequam
1729 1572 1854 1629 fiant,
1866 1572 1990 1631 serva

602 1660 689 1698 nos,
711 1659 883 1703 protege
909 1660 981 1686 nos
1005 1644 1054 1686 ab
1080 1642 1156 1686 illa
1181 1658 1298 1702 gente
1313 1643 1502 1703 perversa
1529 1640 1569 1684 δ’
1593 1643 1787 1700 nefanda,
1814 1661 1861 1687 ne
1873 1645 1992 1701 forte

602 1717 737 1760 dicam
769 1718 808 1758 in
835 1716 1021 1774 gentibus
1042 1736 1054 1757 .·
1090 1713 1182 1759 UB1
1208 1725 1300 1757 EST
1327 1725 1452 1758 DEUS
1478 1715 1692 1758 EORUM?
1729 1717 1843 1759 ‘Deus
1867 1718 1992 1760 cruci-

591 1789 691 1845 fixe,
726 1788 873 1830 adiuva
906 1803 994 1842 nos,
1033 1802 1074 1829 ut
1098 1802 1174 1829 non
1200 1789 1328 1846 fimus
1361 1794 1711 1829 SUBSANNACIO
1754 1796 1824 1829 ET
1860 1797 1993 1832 ILLU-

602 1871 676 1903 SIo
722 1870 813 1915 HIS,
862 1869 949 1908 QUI
993 1869 1045 1902 IN
1090 1868 1341 1902 CIRCUITU
1384 1867 1585 1901 NosTRo
1627 1859 1781 1903 SUNT!
1824 1857 1992 1918 (Pialm.

603 1942 742 1987 XLIII,
776 1928 864 1993 13.)
1063 1984 1067 1988 ,
1564 1930 1571 1938 ’

666 2001 762 2047 XV.
798 1999 1019 2046 Exaudivit
1050 2016 1198 2045 autem
1222 2001 1440 2046 Dominus
1461 2017 1612 2063 preces
1641 2000 1804 2045 nostras
1828 2001 1873 2046 ὃς
1897 2016 1993 2046 tan-

602 2091 696 2120 tam
723 2074 865 2136 posuit
895 2074 1006 2119 inter
1033 2073 1146 2118 cives
1172 2070 1254 2118 sive
1280 2074 1539 2119 Sarracenos
1564 2071 1844 2131 discordiam,
1870 2071 1994 2135 quod

604 2145 806 2191 soldanus
844 2163 981 2191 unum
1023 2144 1078 2190 de
1115 2145 1322 2190 amirariis
1364 2145 1443 2190 suis
1487 2144 1589 2190 fecit
1625 2143 1785 2190 occidi.
1834 2145 1996 2208 Pagani

604 2235 752 2264 autern
781 2218 918 2281 fugati
955 2218 1052 2263 sunt
1084 2235 1109 2263 a
1146 2218 1306 2263 SanGto
1333 2218 1552 2281 Georgio,
1596 2218 1670 2279 qui
1694 2215 1754 2262 ibi
1776 2217 1995 2279 apparuit,

604 2290 905 2353 fugientesque
930 2290 1003 2335 sua
1027 2290 1215 2335 tentoria
1234 2289 1514 2351 reliquerunt,
1533 2306 1618 2351 que
1636 2306 1754 2335 exrra
1775 2290 1996 2335 civitatem

605 2360 891 2408 tetenderant.
933 2362 1047 2407 Tam
1076 2361 1306 2423 precipites
1348 2378 1494 2407 autem
1531 2362 1576 2406 in
1606 2361 1720 2424 'fuga
1757 2361 1995 2420 exiverunt,

606 2433 729 2496 quod
765 2450 888 2496 pater
917 2450 1008 2478 non
1049 2431 1324 2495 exspeestabat
1355 2431 1506 2490 filium,
1547 2450 1641 2478 non
1675 2432 1784 2478 filius
1809 2448 1994 2496 patrem,

605 2505 678 2551 sed
718 2506 870 2551 omnia
902 2504 975 2550 sua
1010 2522 1111 2550 cum
1150 2504 1424 2550 festinatione
1459 2504 1738 2566 reliquerunt,
1779 2503 1901 2550 nullo
1940 2502 1995 2549 de

607 2576 836 2622 christiano
856 2577 1043 2623 exercitu
1063 2593 1138 2621 eos
1159 2576 1456 2638 persequente.
1480 2577 1616 2638 Super
1634 2577 1828 2623 novitate
1847 2591 1995 2621 autem

661 2733 672 2754 1
700 2721 774 2756 Cod.
800 2720 903 2765 scalis,
924 2719 1119 2766 corrigimus
1140 2721 1231 2754 codd.
1253 2720 1282 2754 E
1306 2719 1342 2752 Εἴ
1356 2718 1531 2765 Lsequuti,
