2216 3435
404 444 566 474 Bethoron.

402 666 522 694 Aialon.
557 664 620 694 Ga—

443 708 528 736 baon.

401 871 511 900 Cuma.

400 1307 617 1346 Hierosolyma.

403 2382 486 2412 Sion.

682 143 741 192 32
1152 140 1373 173 SANCTAE
1398 140 1585 174 PAULAE

680 288 884 350 cognitus
910 285 1132 345 dominus,
1165 286 1370 349 Cleophc
1406 284 1593 331 domum
1617 285 1659 329 in
1691 283 1913 330 ecclesiam
1939 285 2058 332 dedi-

679 360 804 405 cavit.

743 432 813 476 Vl.
851 432 997 491 Atque
1031 428 1133 474 inde
1172 429 1448 492 proficiscens
1487 429 1679 475 ascendit
1720 433 1920 475 Bethoron
1954 430 2059 475 infe-

681 504 839 549 riorem
870 503 914 547 δε
951 502 1231 563 superiorem,
1269 500 1393 546 urbes
1427 518 1451 546 a
1476 501 1712 547 Salomone
1737 500 1951 560 conditas,
1988 500 2061 547 sed

681 576 798 622 varia
833 574 982 638 pollea
1019 571 1234 618 bellorum
1271 572 1524 635 tempestate
1560 572 1734 631 deletas,
1773 571 1829 617 ad
1864 571 2062 618 dextram

682 646 890 708 aspiciens
912 646 1070 690 eAialon
1097 645 1141 689 δε
1169 646 1350 700 Gabaon,
1380 642 1452 689 ubi
1478 644 1598 703 lesus,
1617 643 1726 688 filius
1752 644 1890 704 Nave,
1910 661 2063 690 contra

683 716 876 778 quinque
904 734 1026 780 reges
1053 714 1279 773 dimicans,
1307 715 1383 760 soli
1409 716 1639 777 imperavit
1671 717 1716 761 δε
1751 715 1868 774 lune,
1901 717 1945 761 δε
1973 718 2062 762 Ga-

682 786 894 841 baonitas,
920 786 979 833 ob
1007 786 1134 832 dolos
1159 789 1203 831 ὃς
1228 785 1397 832 infidias
1425 785 1579 831 federis
1604 787 1836 849 impetrati,
1863 788 1906 831 in
1932 805 2063 850 aqua-

681 858 766 902 rios
805 860 850 904 &
883 859 1091 923 lignarios
1127 857 1364 905 damnavit.
1411 861 1453 902 [n
1493 861 1650 915 Galum,
1694 857 1797 904 urbe
1834 859 1966 920 usque
2007 860 2063 906 ad

681 929 822 975 solum
848 930 1002 990 diruta,
1034 931 1260 993 paululum
1291 929 1471 976 substitit
1511 928 1740 975 recordata
1771 932 1939 992 peccati
1975 933 2062 977 eius

678 1003 722 1046 ὅ(
750 1002 998 1048 concubine
1022 1005 1067 1048 in
1100 1003 1249 1049 frustra
1275 1002 1407 1049 divise
1432 1004 1476 1047 ὃς
1503 1000 1635 1047 tribus
1660 1002 1886 1047 Beniamin
1911 1003 1955 1047 in
1982 1020 2064 1050 tre-

678 1091 829 1120 centos
847 1075 962 1120 viros
987 1091 1169 1138 propter
1195 1075 1373 1120 Paulum
1396 1073 1647 1137 apostolum
1665 1075 1912 1120 reservatos.
1939 1074 2064 1139 Qid

679 1143 751 1189 diu
775 1149 959 1191 moror?
997 1145 1069 1191 Ad
1097 1147 1242 1193 levam
1266 1145 1490 1192 mausoleo
1522 1146 1690 1192 Helene
1716 1144 1938 1206 derelicflO,
1964 1164 2063 1208 que,

678 1215 1013 1263 Adiabenorum
1038 1219 1204 1281 regina,
1241 1219 1285 1263 in
1312 1219 1427 1264 fame
1456 1218 1673 1280 populum
1701 1219 1923 1265 frumento
1948 1219 2064 1264 iuve-

678 1304 756 1348 rat,
796 1288 984 1353 ingreffa
1016 1290 1073 1335 est
1104 1291 1444 1351 Hierofhlymam,
1483 1289 1636 1336 urbem
1672 1291 1971 1348 trinominem,
2006 1292 2063 1334 le—

679 1359 772 1420 bus,
798 1361 956 1420 Salem,
985 1361 1222 1421 Ierusalem,
1250 1379 1334 1423 que
1359 1361 1414 1407 ab
1439 1362 1543 1420 Elio,
1569 1362 1717 1424 postea
1742 1361 1986 1419 Hadriano,
2011 1359 2065 1406 de

679 1432 809 1477 ruinis
827 1434 872 1477 ὃς
890 1431 1103 1478 cineribus
1129 1433 1311 1479 civitatis
1330 1434 1373 1478 in
1399 1433 1532 1478 Eliam
1550 1433 1771 1478 suscitata⁶²
1795 1432 1864 1478 est.
1891 1432 2064 1494 Qum-

679 1520 763 1565 que
793 1504 1030 1566 proconsul
1060 1504 1277 1563 Palestine,
1316 1505 1390 1566 qui
1416 1504 1626 1549 familiam
1662 1506 1752 1550 eius
1790 1504 1959 1566 optime
1984 1519 2064 1547 no-

677 1591 811 1634 verat,
836 1575 1056 1638 L‘premiffis
1092 1574 1437 1639 apparitoribus,
1479 1576 1589 1621 iuffit
1631 1577 1772 1639 parari
1809 1575 2063 1638 pretorium,

678 1647 809 1710 elegit
834 1647 1046 1692 humilem
1072 1647 1287 1706 cellulam,
1313 1649 1358 1693 ὃς
1384 1651 1541 1693 ευηθεει
1564 1647 1665 1693 loca
1689 1663 1812 1693 tanto
1837 1645 1994 1692 ardore
2013 1662 2064 1691 ac

678 1716 818 1763 studio
843 1718 1101 1776 circumivit,
1129 1734 1188 1775 ut,
1216 1717 1289 1763 nifi
1327 1717 1384 1763 ad
1408 1718 1572 1780 reliqua
1599 1718 1829 1777 festinaret,
1865 1735 1891 1763 a
1915 1718 2064 1780 primis

677 1806 771 1835 non
795 1787 940 1852 posset
958 1787 1129 1835 abduci.
1160 1790 1456 1852 prostrataque
1480 1806 1582 1835 ante
1606 1807 1796 1849 crucem,
1822 1787 1940 1851 quafi
1958 1806 2064 1852 pen-

679 1858 858 1905 dentem
895 1861 1143 1906 Dominum
1179 1877 1388 1919 cerneret,
1423 1859 1659 1921 adorabat,
1699 1858 1886 1924 ingressa
1928 1860 2065 1922 sepul-

678 1947 800 1976 crum
825 1932 1143 1977 resurreclionis
1172 1930 1447 1978 osculabatur
1470 1932 1679 1995 lapidem,
1715 1951 1848 1995 quem
1874 1931 1929 1978 ab
1954 1932 2064 1976 ostio

679 2005 959 2050 monumenti
984 2022 1211 2050 amoverat
1234 2004 1429 2068 angeluS,
1449 2007 1493 2050 δε
1513 2005 1656 2067 ipsum
1681 2004 1879 2066 corporis
1898 2003 2062 2059 locum,

677 2075 721 2119 in
742 2092 831 2137 quo
858 2077 1079 2121 Dominus
1102 2079 1306 2135 iacuerat,
1333 2075 1450 2138 quasi
1476 2075 1616 2122 fitiens
1642 2074 1899 2122 defideratas
1918 2091 2064 2137 aquaS,

678 2145 796 2191 fideli
821 2164 896 2192 ore
919 2146 1154 2194 lambebat.
1192 2145 1316 2210 Quid
1341 2146 1400 2192 ibi
1426 2147 1719 2205 lacrimarum,
1754 2162 1967 2209 quantum
1991 2163 2065 2209 ge-

680 2218 882 2277 mituum,
909 2217 1016 2280 quid
1041 2218 1205 2264 doloris
1231 2217 1444 2278 effuderit,
1471 2219 1580 2264 testis
1601 2219 1659 2264 est
1677 2221 1835 2263 cunc'la
1860 2217 2066 2263 Hieroso-

679 2288 812 2349 lyma,
839 2290 951 2335 testis
977 2290 1036 2335 est
1059 2291 1149 2353 ipse
1168 2291 1404 2348 Dominus,
1432 2307 1564 2352 quem
1590 2287 1788 2353 rogabat.

744 2360 832 2406 VH.
871 2359 974 2406 Inde
1007 2359 1236 2424 egrediens
1273 2359 1467 2406 ascendit
1496 2364 1609 2418 Sion,
1643 2378 1728 2423 que
1760 2362 1803 2406 in
1828 2377 1974 2406 arcem
1998 2359 2068 2405 vel

680 2432 902 2494 speculam
931 2433 1120 2479 vertitur.
1148 2434 1276 2478 l-lanc
1302 2431 1451 2478 urbem
1478 2432 1707 2495 quondam
1735 2433 2003 2495 expugnavit
2021 2433 2066 2476 ὃς

682 2502 946 2550 reedificavit
987 2505 1144 2551 David.
1186 2504 1315 2552 Unde
1352 2504 1406 2550 cle
1443 2520 1695 2567 expugnata
1731 2502 1950 2548 scribitur:
2012 2506 2066 2549 Ve

681 2580 769 2635 tibi,
792 2581 936 2622 civitas
956 2578 1096 2633 eAriel,
1125 2576 1170 2622 id
1189 2576 1260 2634 est,
1285 2576 1356 2621 leo
1377 2576 1475 2635 Dei,
1503 2578 1547 2620 ὅς
1568 2573 1797 2636 quondam
1816 2573 2065 2632 firmlffima,

726 2748 757 2768 a.
785 2734 862 2779 Ed.;
887 2734 952 2767 Ms.
975 2734 1128 2776 sustenta,
1147 2714 1339 2766 sustentatas
