2216 3435
564 244 624 276 22
1129 245 1418 278 ORDINACIO

628 392 749 436 ltem:
770 391 1018 449 Zacharias,
1033 413 1054 432 υ
1074 396 1265 455 Revertar
1283 394 1336 436 ad
1348 394 1560 452 Ierusalem
1578 397 1618 438 in
1638 396 1941 455 misericordiis,
1960 415 1983 444 Β
2000 415 2018 445 f.
2035 424 2096 454 214
2108 416 2136 455 b,
2151 426 2177 446 c.

561 461 601 505 δ’
625 463 877 520 edificabitur
900 467 1040 509 domus
1063 483 1147 508 mea
1174 469 1214 508 in
1239 483 1285 508 ea
1309 485 1330 503 n
1360 467 1412 524 (Ι,
1449 465 1538 524 ῐ()).

627 535 752 580 Item:
778 536 997 580 Dominus
1023 535 1163 580 noster
1182 535 1462 596 conqueritur
1477 552 1554 598 per
1573 536 1790 583 Micheam
1813 537 1942 598 (VII),

560 603 680 665 quod
716 605 913 653 diabolus
950 624 1015 652 tot
1046 608 1157 669 rapit
1186 608 1230 652 in
1267 625 1429 670 magna
1454 610 1694 670 quantitate
1723 609 1778 656 ad
1815 610 1943 656 infer-

560 692 681 735 num,
706 678 827 739 quod
855 680 1070 724 Dominus
1091 678 1233 723 noster
1258 695 1422 740 paucos
1447 678 1578 725 habet
1597 682 1641 726 ὃς
1662 681 1829 744 colligit
1853 698 1942 740 e05‚

559 745 663 794 ficut
699 751 768 811 qui
808 772 830 791 <c
853 752 1019 812 colligit
1051 769 1230 796 racemos
1254 755 1344 812 post
1369 753 1694 798 vindemiatores.
1724 775 1746 794 υ
1775 753 1945 798 Michea

559 820 627 877 vij.
655 822 796 884 capite
823 845 830 867 :
860 844 882 863 (ε
903 826 956 868 Ve
979 826 1093 879 milti,
1121 827 1215 882 quia
1237 824 1382 882 s'ac‘lus
1402 825 1511 883 sum,
1537 830 1641 886 ficut
1677 828 1744 884 qui
1779 826 1944 886 colligit

559 895 600 936 in
626 910 841 954 autumpno
876 912 1053 938 racemos
1088 896 1329 939 vindemie»
1368 893 1529 954 (Mich.‚
1556 908 1643 953 VII,
1677 899 1734 956 Ι).
1778 894 1942 941 Diabo-

557 963 621 1008 lus
641 965 758 1009 enim
777 964 833 1010 ad
861 966 900 1010 se
925 966 1037 1028 rapit
1062 967 1106 1010 in
1135 965 1355 1010 infernum
1380 964 1602 1028 superbos,
1627 965 1815 1026 invidos,
1840 985 1942 1014 ava-

557 1052 642 1092 ros,
669 1036 915 1095 iracundos,
941 1035 1196 1095 accidiosos,
1228 1036 1418 1099 gulol‘OS,
1454 1037 1709 1096 luxuriosos,
1735 1039 1943 1100 periuros,

558 1106 684 1152 falsos
725 1108 866 1164 testes,
911 1107 1189 1167 detractores,
1232 1108 1493 1167 homicidas,
1540 1111 1615 1172 qui
1654 1110 1943 1173 impenitentes

557 1180 817 1238 moriuntur,
836 1181 881 1225 ὃς
896 1196 961 1225 tot
977 1180 1102 1225 falsos
1116 1180 1399 1238 Christianos,
1413 1198 1524 1242 quos
1545 1182 1763 1227 Dominus
1779 1182 1908 1245 pauci
1928 1191 1939 1211 ¹

556 1248 696 1296 habet.
733 1252 862 1297 Secus
887 1269 993 1315 ergo
1019 1250 1103 1297 effe
1129 1269 1229 1297 cum
1257 1252 1429 1298 Christo
1454 1255 1498 1298 ὃς
1522 1253 1706 1300 evadere
1732 1271 1756 1298 a
1776 1253 1942 1315 laqueis

558 1320 736 1381 diaboli,
761 1323 884 1386 surge
904 1340 1004 1369 cum
1023 1342 1123 1369 vera
1142 1325 1416 1369 contricione
1435 1326 1478 1369 ὃ(
1499 1324 1747 1371 devocione
1772 1327 1817 1370 ὅ(
1837 1325 1940 1370 reci-

558 1394 649 1455 pias
674 1392 858 1457 sigillum
883 1397 1018 1440 crucis
1043 1396 1169 1459 super
1191 1412 1246 1454 te,
1281 1397 1326 1441 &
1362 1397 1440 1441 eris
1465 1396 1678 1442 hereditas
1710 1396 1869 1443 Christi
1903 1398 1942 1442 ei

557 1482 633 1527 per
657 1482 831 1511 crucem
856 1467 1114 1513 confirmata
1139 1466 1254 1529 quasi
1281 1484 1357 1530 per
1391 1484 1571 1527 cartam,
1596 1471 1640 1514 ὃς
1664 1470 1707 1514 in
1744 1485 1784 1514 te
1819 1467 1940 1514 habi-

555 1535 665 1582 tabit
679 1536 793 1599 quasi
807 1538 850 1583 in
866 1539 1032 1601 templo
1054 1540 1142 1584 suo.
1165 1540 1282 1584 Dicit
1302 1540 1418 1585 enim
1439 1540 1674 1602 apostolus,
1692 1562 1714 1581 a
1734 1541 1940 1602 ‘Templum

543 1611 730 1670 sanfflum
743 1613 841 1667 Dei,
857 1613 962 1670 quod
975 1615 1064 1670 estis
1077 1629 1146 1656 vos
1160 1631 1181 1650 υ
1199 1613 1241 1672 (1
1259 1613 1382 1669 Cor.7
1394 1624 1462 1667 ΙΙΙ,
1478 1610 1569 1674 16),
1581 1612 1681 1657 &in
1704 1613 1941 1658 Dominica

556 1681 754 1726 oratione
780 1682 966 1743 petitur:
1007 1702 1028 1721 α
1055 1687 1178 1727 Pater
1201 1687 1341 1742 noster,
1366 1685 1553 1727 adveniat
1577 1702 1743 1744 regnum
1768 1701 1890 1742 tuum,
1913 1705 1936 1725 υ

553 1751 711 1797 scilicet
736 1754 880 1798 veniat
905 1752 961 1798 acl
986 1770 1052 1812 te3
1088 1751 1116 1798 fi
1147 1770 1252 1816 ergo
1280 1753 1481 1799 homines
1508 1754 1606 1800 sunt
1629 1756 1714 1800 eius
1739 1772 1940 1818 regnum,

553 1823 641 1885 ipse
665 1824 709 1868 in
735 1824 792 1869 eis
813 1822 1023 1887 regnabit.
1045 1825 1104 1871 Ut
1123 1825 1210 1887 ipse
1231 1842 1337 1888 ergo
1358 1825 1402 1870 in
1422 1841 1462 1871 te
1482 1842 1647 1888 regnet,
1669 1827 1715 1871 ὃς
1735 1842 1778 1871 tu
1798 1826 1941 1889 ipsum

553 1893 712 1940 habeas
754 1897 799 1941 δε
839 1896 1028 1960 gloriam
1067 1913 1277 1956 eternam,
1318 1897 1437 1942 sume
1472 1913 1646 1943 crucem
1684 1899 1728 1943 ὅ(
1766 1898 1940 1960 sequere

555 1966 718 2012 lhesum
739 1971 748 2014 !

621 2041 753 2084 Item:
788 2042 829 2084 ln
855 2039 1045 2085 Cantico
1077 2040 1149 2086 ult.
1189 2057 1304 2102 cap.,
1341 2061 1363 2081 α
1394 2045 1505 2086 Pone
1543 2060 1602 2086 me
1628 2059 1670 2086 ut
1683 2042 1938 2104 fignaculum

540 2113 668 2171 super
708 2129 775 2156 cor
815 2110 956 2170 Tuum,
999 2130 1040 2157 ut
1069 2113 1324 2174 signaculum
1354 2115 1481 2174 super
1525 2115 1751 2158 bracchium
1793 2112 1935 2169 Tuum,

552 2187 646 2241 quia
661 2185 795 2243 fortis
819 2187 884 2242 est,
913 2201 956 2228 ut
975 2202 1095 2241 mors,
1120 2186 1306 2228 dileccio.
1334 2204 1356 2224 ι)
1385 2184 1605 2229 Dominus
1634 2184 1777 2230 noster
1799 2183 1937 2229 lhesus

553 2252 744 2298 Christus
771 2254 841 2299 hic
865 2255 1019 2300 invitat
1044 2271 1084 2300 te
1102 2253 1159 2300 ad
1184 2255 1488 2317 sumpcionem
1513 2256 1650 2300 crucis
1669 2257 1713 2300 ὅ(
1739 2256 1782 2300 in
1801 2254 1936 2301 corde

553 2325 597 2368 &
626 2324 668 2368 in
695 2341 840 2387 opere.
877 2326 995 2372 Dicit
1025 2327 1143 2372 enim
1169 2349 1178 2372 ε
1222 2331 1332 2371 Pone
1367 2345 1441 2382 me,
1475 2325 1633 2371 scilicet
1665 2325 1934 2384 crucifixum,

552 2393 684 2440 tribus
723 2396 852 2442 clavis
890 2397 1047 2456 ferreis,
1079 2398 1233 2443 lancea
1258 2397 1543 2460 perforatum,
1570 2396 1855 2460 flagellatum,
1881 2397 1934 2444 ab

552 2466 803 2513 hominibus
838 2467 1038 2527 derisum,
1075 2470 1200 2533 super
1237 2486 1313 2514 cor
1343 2486 1465 2514 tuum
1491 2487 1569 2532 per
1589 2469 1935 2533 compaffionem

552 2539 598 2583 ὃς
620 2537 755 2584 fidem
779 2556 825 2584 ut
848 2538 1136 2603 signaculum3
1173 2557 1274 2586 crux
1299 2542 1416 2586 enim
1441 2541 1499 2586 est
1524 2539 1710 2604 sigillum
1734 2542 1932 2601 Domini,

554 2609 676 2672 quod
712 2612 898 2657 maxime
922 2612 1043 2658 timet
1079 2611 1292 2671 diabolus,
1319 2613 1419 2675 quia
1451 2613 1496 2657 in
1532 2629 1656 2659 cruce
1680 2611 1935 2659 vincebatur

605 2762 616 2783 1
640 2752 679 2793 A,
699 2751 726 2783 B
740 2751 831 2796 quod
852 2778 857 2782 .
878 2778 884 2785 .
907 2778 913 2785 .
932 2763 1067 2798 paucos,

1959 1772 2200 1811 Af.63b‚c.2

2212 2952 2216 2988 .-.
2212 2926 2216 2945 -
2209 2734 2216 2918 .,---...-.....ι.-Δ
2214 2671 2216 2726 --
2213 2594 2216 2665 --
2210 2421 2216 2578 .-·i-.-.—„.-
2212 2363 2216 2409 »-.
2211 2250 2216 2344 ...-.-.
