2216 3435
697 181 763 212 DE
799 181 935 213 LOCIS
971 181 1189 213 SANCTIS.
1496 185 1572 232 151

210 341 450 371 memorate
496 343 581 386 que
618 327 662 370 ὃς
693 325 928 384 303Η3ᾗ5,α
958 327 1043 371 hoc
1073 327 1130 371 est
1160 326 1424 385 resurrec'in,
1454 345 1583 373 voca-

210 413 288 454 tur,
330 414 382 441 eo
421 394 543 457 quod
572 398 616 441 in
645 397 747 441 1000
780 397 1001 443 dominice
1032 398 1346 442 resurrefflonis
1379 396 1586 444 fabricata

209 468 285 527 est,
327 468 382 513 ad
419 469 614 515 dextram
649 470 824 514 coheret
858 486 1027 531 partem
1058 470 1213 514 Sancie
1250 469 1403 528 Marie,
1441 473 1587 516 matris

208 539 408 596 Domini,
436 539 785 603 quadrangulata
809 540 998 586 ecclefia.

254 680 323 726 Vl.
351 685 417 725 De
444 682 519 725 illa
545 683 719 744 ecclefia,
748 701 820 741 que
847 687 885 727 in
914 685 1099 728 Calvarie
1124 685 1211 728 loco
1236 686 1451 743 construcqa
1477 688 1542 742 est.

270 780 368 824 Alia
391 797 494 826 vero
521 780 777 844 pergrandis
803 781 990 841 ecclefia,
1017 784 1232 828 orientem
1256 783 1410 842 versus,
1436 784 1479 828 in
1503 783 1580 828 illo

204 848 409 898 fabricata
450 853 508 898 est
547 853 664 912 loco,
714 854 786 915 qui
833 852 1034 899 hebraice
1077 856 1285 915 Golgotlzcz
1329 853 1495 912 dicitur,
1538 856 1581 899 in

203 922 320 967 cuius
352 923 640 987 superioribus
670 923 847 988 grandis
879 924 1070 986 quedam
1101 943 1197 971 erea
1231 942 1332 970 cum
1366 925 1580 988 lampadi—

203 991 280 1039 bus
321 1011 415 1040 rota
450 997 493 1041 in
538 994 709 1041 funibus
753 995 935 1058 pendet,
976 996 1087 1041 infra
1117 1013 1250 1058 quam
1283 1014 1445 1060 magna
1479 1014 1581 1043 crux

203 1082 407 1130 argentea
426 1066 557 1112 infixa
580 1067 732 1112 statuta
768 1068 824 1112 est
850 1067 1010 1112 eodem
1033 1068 1076 1113 in
1106 1067 1223 1126 loco,
1257 1065 1329 1112 ubi
1355 1067 1582 1129 quondam

201 1136 346 1199 lignea
377 1155 493 1198 crux,
524 1140 568 1184 in
599 1156 685 1201 qua
718 1136 860 1202 paffus
891 1140 947 1184 est
978 1139 1156 1185 humani
1179 1139 1349 1203 generis
1376 1139 1578 1198 salvator,

201 1207 332 1253 infixa
356 1209 474 1256 stetit.

268 1282 311 1325 In
347 1280 502 1326 eadem
539 1279 713 1326 ecclefia
747 1279 938 1342 quedam
973 1282 1015 1326 in
1059 1297 1180 1344 petra
1219 1281 1398 1328 habetur
1439 1284 1576 1329 excisa

194 1352 390 1413 spelunca
425 1356 534 1412 infra
576 1354 703 1397 locum
739 1354 936 1397 dominice
969 1355 1124 1409 Crucis,
1173 1351 1244 1398 ubi
1280 1354 1403 1416 super
1448 1354 1580 1400 altare

200 1438 281 1484 pro
330 1422 626 1484 quorumdam
671 1423 1004 1468 honorariorum
1049 1422 1275 1470 animabus
1322 1424 1579 1470 sacrificium

201 1492 391 1553 offertur,
439 1512 625 1556 quorum
674 1511 859 1556 corpora
906 1495 1077 1540 interim
1124 1497 1167 1540 in
1208 1495 1351 1558 platea
1389 1497 1578 1542 iacentia

201 1581 425 1628 ponuntur
461 1583 561 1612 ante
597 1567 775 1610 ianuam
813 1564 1004 1611 eiusdem
1041 1565 1212 1611 ecclesie
1253 1567 1580 1630 Golgothanee‚

203 1637 428 1699 usquequo
464 1636 667 1682 finiantur
702 1637 772 1683 'issa
807 1653 888 1700 pro
925 1636 1019 1700 ipfis
1059 1638 1271 1685 defuncstis
1310 1639 1580 1685 sacrosancla

204 1708 451 1769 mysteria.b

201 1849 288 1895 Vll.
327 1855 392 1894 ‘De
430 1851 610 1912 basilica,
653 1869 768 1910 quam
802 1854 1080 1911 Constantinus
1111 1856 1283 1898 vicinam
1320 1855 1442 1914 supra
1473 1855 1579 1897 dit‘Je

267 1923 421 1984 ecclefie
448 1926 486 1965 in
512 1940 555 1966 eo
577 1924 805 1981 fabricavit
831 1924 934 1978 Ioco,
962 1926 1028 1967 ubi
1055 1926 1161 1968 Crux
1186 1928 1359 1969 Domini
1381 1928 1512 1970 ruinis

284 1995 495 2054 superata,
510 1997 599 2052 post
618 1995 742 2038 multa
756 1995 912 2053 secula,
931 1997 1020 2054 refo
1056 2015 1077 2039 cz
1106 1999 1261 2040 inventa
1287 1999 1337 2055 est
1355 2012 1475 2041 terra.

265 2093 381 2137 Huic
419 2089 591 2136 ecclesie
630 2092 671 2136 in
703 2091 805 2136 loco
835 2092 1036 2138 calvarie
1076 2093 1419 2157 quadrangulam
1451 2091 1577 2138 fabri-

203 2179 295 2208 cate
316 2163 532 2220 mimum,
552 2160 723 2224 lapidea
745 2162 815 2207 illa
832 2164 973 2208 vicina
990 2165 1187 2210 orientali
1204 2166 1247 2210 in
1262 2182 1382 2228 parte
1402 2164 1578 2210 coheret

199 2236 358 2292 basilica
390 2250 553 2296 magno
585 2233 702 2277 cultu
735 2251 758 2278 a
789 2251 889 2297 rege
915 2237 1172 2296 Constantino
1199 2237 1456 2294 constructa,
1490 2253 1574 2298 quc

198 2307 242 2350 ὅ(
267 2309 496 2365 martyrium
512 2315 523 2331 s
547 2304 801 2367 appellatur,
827 2306 869 2350 in
891 2323 960 2365 eo,
992 2324 1036 2352 ut
1062 2307 1204 2365 fertur,
1232 2306 1435 2353 fabricata
1454 2307 1572 2362 loco,

200 2375 271 2422 ubi
295 2376 414 2421 Crux
438 2375 621 2419 Domini
647 2391 747 2419 cum
771 2374 862 2419 aliis
885 2374 1104 2422 latronum
1136 2375 1246 2422 binis
1272 2375 1467 2422 crucibus
1500 2375 1574 2421 sub

200 2461 307 2491 terra
337 2444 606 2504 abscondita,
637 2446 734 2508 post
759 2444 1049 2492 ducentorum
1074 2448 1251 2510 triginta
1274 2448 1403 2492 trium
1429 2446 1574 2506 cyclos

198 2533 428 2575 annorum,
455 2516 547 2578 ipso
574 2517 772 2561 Domino
800 2515 1008 2577 donante,
1036 2535 1201 2581 reperta
1226 2518 1296 2564 est.

245 2648 273 2668 a.
294 2637 328 2667 R.
351 2645 580 2672 ανκστκσ-σκς.
602 2655 643 2658 -
663 2635 693 2667 b.
720 2633 842 2667 Ultima·
930 2640 1126 2676 martyrum,
1147 2630 1391 2664 monasterium.

199 2689 289 2722 linea·
319 2688 432 2731 dcsnnt
456 2688 489 2721 in
520 2689 586 2721 cod.
614 2689 648 2720 B.
679 2707 719 2712 -—-
738 2699 765 2720 c.
792 2686 840 2719 Al.
