2216 3435
547 210 638 271 318
1061 223 1415 257 1T1NERAR1UM

607 364 752 411 XVIII.
779 365 849 410 Ad
879 366 1146 428 postremum
1173 369 1347 431 triginta
1384 369 1589 415 milliariis
1620 369 1673 415 ab
1714 373 1928 432 Ierusalem

543 436 600 481 est
626 440 812 483 Iordanis
842 437 897 484 ad
932 440 1160 497 orientem,
1199 441 1324 502 super
1362 458 1494 503 quem
1528 442 1586 487 est
1621 443 1930 488 monasterium

541 510 683 553 Sant‘ii
706 511 896 555 Iohannis
922 513 1114 572 Baptista
1142 522 1159 539 ‘¹
1185 515 1228 556 In
1255 511 1410 574 quibus
1441 530 1617 576 quoque
1649 514 1756 559 Iocis
1793 515 1930 560 multa

542 579 777 628 consistunt
800 584 1071 630 monasteria.

261 653 522 726 Effleffiuff-'Ma'
606 652 717 699 XIX.
746 654 806 699 Est
839 656 948 700 inter
980 656 1061 700 hec
1102 655 1158 701 ad
1198 655 1518 702 occidentalem
1556 657 1927 720 partembleroso-

542 724 670 782 lyme⁶
693 726 877 771 civitatis
908 727 1106 772 milliario
1143 744 1232 773 uno
1265 726 1439 773 ecclesia
1463 731 1608 773 sanae
1634 731 1858 787 mamille,
1886 731 1928 774 in

541 812 627 856 qua
647 796 742 841 sunt
761 798 895 843 multa
915 814 1103 861 corpora
1118 816 1373 858 martyrum,
1400 801 1473 861 qui
1496 817 1520 845 a
1538 800 1778 846 Sarracenis
1797 801 1926 847 inter-

540 866 655 925 secli,
671 866 692 895 ‘l
707 866 761 914 ab
789 869 878 931 ipsa
904 870 999 914 sunt
1021 868 1081 915 ibi
1105 869 1336 933 diligenter
1360 870 1540 917 conditi.

601 939 696 985 XX.
732 940 1008 986 Revertentes
1046 942 1175 1005 igitur
1210 940 1263 987 ab
1299 944 1516 1003 Ierusalem
1553 943 1725 988 civitate
1763 943 1923 1002 saneta,

535 1011 732 1056 venimus
758 1013 801 1056 in
821 1030 954 1058 mare.
985 1016 1192 1059 Intrantes
1211 1030 1357 1059 autem
1376 1015 1420 1059 in
1440 1031 1573 1072 mare,
1596 1015 1924 1077 navigavimus⁶

534 1082 576 1128 lx
600 1082 691 1128 dies
711 1100 813 1129 cum
837 1085 1034 1148 angustia
1053 1102 1216 1148 magna
1239 1085 1380 1144 valde,
1407 1102 1499 1130 non
1519 1084 1727 1131 habentes
1747 1102 1928 1133 ventum

535 1154 745 1201 serenum.
773 1155 976 1202 Tandem
1002 1174 1205 1203 exeuntes
1233 1157 1286 1203 de
1316 1158 1440 1217 mari,
1464 1156 1700 1204 venimusf
1717 1157 1773 1203 ad
1798 1175 1928 1204 mon-

252 1239 490 1269 tuosis-Aureus,
537 1242 625 1271 tem
658 1230 854 1285 (Aureum,
902 1226 974 1273 ubi
1015 1229 1072 1274 est
1107 1231 1244 1292 cripta
1276 1227 1439 1275 habens
1470 1230 1525 1288 vij
1561 1229 1726 1289 altaria,
1763 1228 1928 1276 habens

536 1298 668 1342 etiam
692 1299 817 1361 supra
842 1300 883 1344 se
913 1298 1060 1346 silvam
1087 1318 1309 1364 magnam.
1350 1304 1392 1346 In
1425 1318 1557 1363 quam
1581 1302 1767 1364 criptam
1794 1318 1927 1347 nemo

535 1370 676 1432 potest
702 1387 777 1432 pre
798 1370 1092 1418 obscuritateg
1108 1374 1280 1430 intrare,
1313 1371 1387 1418 nisi
1414 1390 1516 1418 cum
1541 1371 1728 1418 accenfis
1753 1372 1926 1418 lumini-

533 1440 624 1487 bus.
654 1440 818 1488 Ibidem
840 1460 929 1489 erat
944 1444 961 1472 ἢ
978 1443 1111 1490 abbas
1138 1444 1344 1490 dominus
1368 1444 1640 1491 Valentinus.

249 1527 360 1556 Roma.
600 1513 711 1560 XXI.
750 1517 789 1560 Α
823 1534 953 1561 monte
977 1521 1120 1562 oqureo
1150 1517 1371 1563 venientes
1404 1518 1681 1579 pervenimus
1708 1517 1925 1578 Rymamst'

533 1585 645 1631 intra
680 1604 813 1649 quam
844 1586 995 1634 urbem
1030 1588 1085 1634 ad
1124 1588 1380 1634 orientalem
1416 1604 1600 1651 partem,
1640 1589 1685 1633 in
1719 1588 1823 1634 loco
1856 1590 1928 1652 qui

249 1674 375 1704 Ecciefia
397 1676 436 1722 ¹8.
464 1676 514 1705 10-
535 1656 691 1703 dicitur
709 1662 930 1718 Lateranis‚
967 1660 1023 1705 est
1059 1658 1235 1705 ecclefia
1270 1660 1314 1704 in
1358 1660 1528 1705 honore
1559 1661 1695 1706 sancsti
1726 1660 1927 1707 Iohannis

311 1716 430 1747 hann'S'
532 1729 748 1793 Baptistej
770 1730 881 1777 bene
906 1731 1163 1794 compoffia,
1191 1731 1263 1778 ubi
1290 1733 1348 1777 est
1371 1733 1552 1795 proprIa
1577 1731 1697 1778 sedes
1721 1733 1927 1795 apostoli-

533 1820 699 1849 corum.
720 1804 734 1830 k
761 1802 925 1849 Ibidem
967 1805 1099 1849 etiam
1124 1821 1391 1867 unaquaque
1428 1806 1559 1849 noele
1594 1803 1848 1850 deferuntur
1870 1804 1926 1851 ad

531 1875 823 1937 apostolicum
847 1875 989 1921 claves
1021 1875 1075 1921 de
1107 1877 1303 1923 universa
1328 1876 1513 1922 civitate.
1538 1875 1548 1903 ἶ
1571 1875 1641 1922 Ad
1672 1875 1926 1923 occidenta-

249 1958 510 1988 EcclefiaS.Petri.
529 1947 617 1992 lem
641 1963 788 1992 autem
814 1964 983 2010 partem
1013 1949 1070 1993 est
1100 1950 1258 2011 ecclefia
1289 1950 1394 1993 beati
1421 1952 1537 1994 Petri
1561 1949 1768 2012 principis
1800 1949 1926 2011 apos-

531 2018 739 2078 tolorum‚
773 2017 848 2065 ubi
879 2019 969 2081 ipse
994 2030 1215 2082 corporem
1240 2019 1480 2081 requiescit,
1523 2021 1592 2065 cui
1626 2020 1671 2065 in
1705 2021 1926 2084 magnitu-

531 2089 632 2136 dine
657 2102 674 2118 ⁷¹
692 2108 784 2135 non
803 2091 861 2136 est
885 2089 1026 2136 similis
1053 2090 1228 2137 ecclelia
1253 2092 1297 2137 in
1322 2091 1519 2138 universa
1543 2107 1677 2138 terra:
1705 2109 1790 2154 que
1817 2109 1924 2137 con-

530 2163 637 2208 tinet
666 2163 798 2208 etiam
834 2179 1094 2209 ornamenta
1133 2162 1310 2209 diversa.
1353 2165 1398 2208 In
1431 2180 1518 2225 qua
1555 2164 1688 2209 etiam
1726 2163 1923 2226 predicsta

315 2285 322 2291 ,
418 2285 425 2291 ‚
528 2232 633 2280 urbe
661 2233 995 2280 innumerabilia
1019 2251 1210 2298 corpora
1238 2235 1488 2280 saneiorum
1512 2235 1799 2297 requiescunt.

247 2285 510 2357 siivcliigaiiiissge-
593 2306 721 2353 XXII.
754 2310 797 2352 In
821 2306 904 2352 hac
928 2307 1072 2352 enim0
1097 2305 1201 2352 urbe
1227 2307 1410 2369 separati
1434 2306 1578 2352 sumus
1610 2305 1664 2353 ab
1709 2307 1921 2354 invicem:

262 501 479 530 Monaffirium
494 504 523 531 5.

297 542 491 572 Iohannis-B.

576 2448 607 2468 a.
635 2436 782 2480 Baptiste
811 2438 842 2469 d.
872 2436 905 2469 in
936 2439 969 2470 F.
999 2457 1045 2460 —
1073 2438 1104 2470 b.
1130 2438 1180 2470 M.
1268 2444 1389 2480 tatem;
1420 2437 1470 2469 M.
1501 2438 1584 2469 add.
1618 2437 1845 2470 tenebratum.
1878 2456 1922 2462 ·—

527 2488 674 2534 plagam.
710 2510 754 2515 —
781 2501 810 2523 c.
842 2492 879 2523 V.
901 2489 1113 2531 Ierusolime3
1148 2491 1180 2523 L.
1266 2490 1300 2522 h.
1322 2491 1373 2523 M.
1384 2489 1462 2522 fuit.
1481 2510 1522 2514 -
1538 2490 1559 2523 i.
1584 2492 1634 2524 M.
1653 2490 1694 2523 de
1713 2491 1766 2523 M.
1785 2491 1832 2523 A.
1852 2502 1924 2535 per-

527 2542 753 2576 Ierusolimite.
776 2564 817 2568 —
837 2544 868 2577 d.
889 2545 923 2577 L.
935 2546 1015 2577 add.
1037 2545 1119 2577 sunt.
1135 2564 1181 2567 —
1267 2551 1427 2576 venerunt
1446 2543 1488 2576 ad
1510 2544 1552 2576 R.
1573 2545 1657 2587 —j.
1674 2543 1820 2588 Baptiste
1837 2545 1871 2577 α’.
1889 2544 1923 2578 in

527 2608 553 2629 e.
586 2597 638 2638 L.‚
665 2598 701 2630 V.
726 2599 808 2631 add.
836 2597 986 2631 eximari.
1011 2618 1057 2622 —
1088 2597 1109 2631 f.
1130 2598 1180 2630 M.
1267 2598 1314 2638 L.,
1335 2598 1373 2629 V.
1407 2617 1452 2621 —
1480 2597 1514 2630 k.
1538 2599 1586 2630 M.
1617 2597 1856 2642 apostolorum.
1876 2618 1923 2623 —

526 2650 588 2684 loco
605 2650 742 2683 omnium
772 2663 840 2696 quae
858 2653 1049 2695 praecedunt
1070 2652 1180 2693 habet,
1266 2651 1285 2683 l.
1308 2649 1431 2683 ibidem
1453 2678 1460 2685 .
1476 2677 1503 2684 ..
1520 2678 1526 2684 .
1545 2651 1680 2684 civitate
1694 2652 1727 2684 d.
1749 2651 1781 2684 in
1798 2653 1847 2685 M.
1877 2671 1923 2676 —-

527 2706 580 2738 De
598 2704 806 2737 Hierusalem
821 2704 1027 2738 intraverunt
1042 2705 1073 2737 in
1090 2716 1180 2738 mare
1266 2716 1309 2737 m.
1332 2716 1473 2749 corpore
1501 2706 1532 2738 d.
1552 2705 1586 2738 in
1605 2707 1651 2747 F„
1677 2706 1726 2738 M.
1759 2725 1806 2729 ——-
1825 2716 1857 2738 n.
1886 2706 1920 2738 F.

527 2758 558 2793 &
580 2766 751 2792 venerunt.
771 2779 817 2782 —
835 2770 870 2804 g.
895 2759 926 2791 L.
947 2766 1015 2804 pot.
1036 2759 1181 2792 obscuri·
1259 2758 1548 2808 smagnitudinem.
1564 2779 1610 2784 —-
1632 2770 1664 2793 0.
1686 2760 1719 2792 F.
1741 2757 1872 2796 etenim,
