2216 3435
575 198 639 230 DE
675 198 811 231 LOCIS
847 199 1068 232 SANCTIS.
1472 204 1551 254 143

226 339 364 381 XVII.
398 341 462 380 De
478 340 664 397 spelunca
682 343 720 381 in
741 353 833 397 rupe
858 344 983 383 montis
1005 344 1151 384 Olivetz'
1169 345 1297 384 hahita
1318 357 1445 386 contra
1466 349 1555 388 val-

465 402 534 441 lem
553 401 744 458 [asaphat,
760 404 797 442 in
815 420 887 457 qua
906 414 1066 457 quatuor
1081 403 1201 460 mense
1216 405 1465 461 &puteisuizt
1474 409 1554 448 duo.

202 457 363 498 XVIII.
398 461 462 500 De
477 471 589 515 porta
610 462 756 502 David
770 465 813 503 ΕΞ
834 464 876 502 de
894 464 957 503 illo
977 465 1061 515 loco,
1087 465 1123 503 in
1147 481 1212 518 quo
1234 465 1349 505 ludas
1374 465 1556 521 [scarioth

464 519 647 576 laqueese
658 520 870 577 suspendit.

244 575 364 617 XIX.
400 578 464 618 De
477 580 615 632 ferma
633 582 796 633 grandis
825 582 971 637 basilice
989 584 1026 621 in
1047 593 1161 623 monte
1182 584 1262 623 Sion
1271 585 1482 637 fabricate,
1510 585 1554 623 Εἴ

461 639 505 677 de
522 640 558 692 ip
553 637 635 693 stus
654 641 779 679 montis
790 639 882 695 situ.

257 694 356 734 XX.
391 696 455 735 De
474 697 537 736 illo
558 698 687 750 agello,
709 699 771 752 qui
789 700 958 739 hebraice
978 702 1202 740 Akeldemac
1224 711 1393 741 vocatur.

240 753 359 794 XXI.
394 756 458 794 De
486 755 629 812 asperis
653 758 865 813 &petrosts
893 759 976 799 lacis
1002 761 1049 799 ab
1078 759 1329 810 Hierusalem
1360 758 1474 816 usque
1507 761 1560 800 ad

459 815 644 855 civitatem
662 816 839 856 Samuelis
859 818 932 857 late
948 819 1157 872 patentibus
1175 811 1219 859 &⁹
1236 818 1350 874 usque
1371 820 1424 858 ad
1437 818 1555 875 Cesa-

461 891 565 915 ream
588 875 788 929 Palestine,
810 876 976 933 occasum
998 877 1145 933 versus,
1158 877 1446 934 succedentibus.

213 929 356 971 XXII.
390 933 456 973 De
475 943 589 973 monte
612 933 767 985 Olz'veti,
788 936 830 974 dc
852 937 1042 975 altitudine
1061 939 1105 977 &⁴
1125 937 1302 989 qualitate
1323 946 1422 977 terre
1439 937 1551 977 illius.

189 987 354 1029 XXIII.
389 991 453 1031 De
481 992 553 1032 loco
574 993 765 1033 Dominice
796 992 1013 1049 ascensionis
1035 997 1080 1035 Εἴ
1108 996 1151 1035 de
1179 995 1327 1050 ecclesta
1352 996 1389 1035 in
1417 1012 1452 1036 eo
1477 997 1552 1036 edi-

445 1051 580 1105 ficata.

192 1107 355 1150 XXIV.
385 1110 449 1150 De
470 1109 649 1166 sepulcro
677 1112 906 1153 Lazari&
936 1114 978 1153 de
1011 1113 1158 1169 ecclesta
1181 1112 1304 1170 super
1336 1115 1436 1155 illud
1464 1131 1547 1155 con-

449 1172 599 1224 structa
619 1173 662 1212 {55⁰
682 1173 724 1211 de
743 1173 960 1224 monasterio
981 1173 1090 1212 eidem
1112 1173 1318 1214 adherente.

212 1228 353 1269 XXV.
389 1229 753 1342 DestaZZaecclefia
788 1233 841 1271 ad
870 1233 1040 1272 dextram
1074 1232 1252 1272 Bethanie
1285 1243 1434 1287 partem
1467 1250 1549 1274 con-

234 1492 260 1534 l.
328 1494 371 1534 D
383 1495 465 1552 filu
487 1491 773 1550 Hierusalem:
790 1506 911 1550 porte
934 1493 1129 1544 civitatis,
1156 1490 1470 1549 anniversarium

359 1577 568 1620 mercatus,
594 1561 704 1605 locus
730 1561 885 1621 templi,
915 1563 1133 1605 oratorium
1157 1562 1348 1604 sarrace-

598 1649 750 1687 norum,
777 1633 917 1676 domus
941 1649 1099 1692 magne.

226 1744 295 1789 De
341 1742 416 1789 ficu
458 1743 727 1789 Hierusalem
771 1761 888 1789 nunc
935 1742 1127 1805 quedam
1172 1739 1398 1787 scribenda
1447 1742 1542 1788 sunt

159 1832 300 1878 pauca
324 1833 376 1861 ex
393 1814 470 1874 his,
490 1832 575 1877 que
595 1815 715 1874 mihi,
735 1814 779 1859 id
797 1815 855 1860 est
873 1813 1155 1870 Adamnano‚
1180 1814 1346 1858 sanetus
1366 1811 1543 1859 dietavit

159 1887 385 1947 Arculfus3
428 1905 477 1932 ea
512 1903 638 1945 vem,
682 1903 766 1947 que
797 1887 841 1930 in
877 1885 1062 1930 aliorum
1100 1882 1214 1930 libris
1254 1882 1308 1928 de
1349 1882 1541 1928 eiusdem

161 1957 343 2003 civitatis
384 1955 599 2019 pofitione
635 1956 918 2018 reperiuntur,
962 1973 987 2000 a
1020 1953 1148 2001 nobis
1182 1953 1541 2017 pretermittenda

156 2028 264 2074 sunt.
307 2031 351 2073 In
390 2029 508 2073 cuius
538 2044 704 2090 magno
741 2044 966 2072 murorum
1001 2024 1165 2071 ambitu
1198 2024 1314 2070 idem
1339 2025 1540 2070 Arculfus

156 2100 385 2162 oetoginta
418 2115 606 2161 quatuor
630 2099 874 2144 numeravit
899 2114 1030 2143 turres
1054 2099 1099 2142 ὃς
1122 2112 1269 2159 portas
1292 2094 1357 2140 bis
1383 2111 1537 2154 ternas,

156 2186 340 2231 quarum
373 2187 449 2232 per
481 2171 707 2215 circuitum
738 2169 920 2214 civitatis
951 2167 1062 2214 ordo
1093 2166 1148 2213 fic
1179 2168 1376 2230 ponitur:
1415 2167 1537 2213 Porta

155 2240 322 2300 David,
369 2240 425 2287 ad
472 2240 791 2286 occidentalem
832 2241 993 2286 montis
1029 2241 1132 2286 Sion
1171 2256 1354 2303 partem,
1397 2240 1537 2301 prima

156 2329 426 2372 numeratur,
467 2310 670 2371 secunda,
703 2327 830 2374 porta
872 2311 971 2357 ville
991 2311 1190 2371 Fullonis‚
1232 2311 1367 2370 tertia,
1408 2326 1536 2373 porta

156 2384 300 2429 saneti
321 2383 543 2446 Stephani,
563 2399 729 2445 quarta,
755 2398 882 2446 porta
903 2383 1142 2441 Beniamin,
1163 2383 1327 2443 quinta,
1347 2380 1534 2444 portula,

151 2453 236 2499 hoc
269 2455 340 2512 est,
380 2454 557 2516 parvula
590 2470 732 2516 porta,
773 2471 797 2498 a
829 2466 941 2515 qua‘1
980 2471 1056 2516 per
1096 2451 1253 2517 gradus
1289 2451 1344 2498 ad
1374 2451 1532 2498 vallem

152 2524 350 2588 iosaphat
374 2523 659 2584 descenditur,
684 2524 812 2583 sexta,
838 2540 964 2586 porta
985 2523 1217 2570 Thecuitis.

198 2670 226 2691 a.
255 2660 302 2692 Sic
327 2671 399 2702 7303
427 2662 459 2692 C.
479 2659 593 2704 quinta
614 2667 711 2704 porta
733 2672 797 2704 que
883 2667 972 2692 ratur
1007 2659 1106 2703 usque
1137 2659 1177 2691 ad
1211 2658 1283 2691 vall.
1319 2660 1344 2691 1.
1380 2659 1416 2691 In
1452 2657 1529 2690 aliis

150 2711 193 2743 est
220 2723 332 2757 parva,
360 2712 414 2745 ubi
447 2724 504 2757 per
529 2713 651 2757 gradus
680 2724 797 2756 prope·
882 2713 971 2746 codd.
996 2712 1080 2745 &in
1099 2714 1147 2745 ed.
1167 2713 1210 2744 ab
1229 2711 1302 2744 hac.
