2216 3435
21 654 40 683 f.
58 656 92 684 61
110 665 135 690 a,
154 666 177 683 c.
191 664 216 683 2.

17 2291 87 2322 f.61
108 2293 135 2330 b,
153 2304 176 2322 c.
197 2302 221 2322 1.

540 286 606 321 DE
639 257 1021 320 i³REDICAC10NE
1057 287 1087 318 S.
1124 286 1311 320 CRUCIS.
1553 283 1600 336 15

236 437 381 500 postea
402 434 540 479 noluit
557 433 770 491 sustinere,
798 431 919 494 quod
939 433 1033 477 suus
1054 449 1160 494 puer
1185 431 1496 477 comederetur.
1521 432 1608 478 Rex

236 524 380 553 autem
409 507 516 551 illius
549 524 654 551 terre
689 503 1039 550 comminabatur
1071 503 1244 548 Heliseo
1275 519 1477 561 mortem,
1509 504 1609 564 quia

238 578 376 623 noluit
411 577 632 639 deprecari
664 578 823 633 Deum,
870 592 914 620 ut
950 575 1084 619 fames
1110 572 1286 618 ceffaret
1315 575 1366 630 (2
1397 574 1516 636 Reg,
1544 588 1608 632 VI,

241 651 422 712 26-33).
463 649 534 693 Per
568 648 746 692 alteram
778 647 1002 691 mulierem
1044 644 1303 708 significatur
1344 661 1459 702 caro,
1494 646 1609 690 cuius

237 737 342 781 puer
378 718 634 763 comeditur.
682 719 784 763 Hoc
823 719 892 772 est,
938 734 1069 778 opera
1108 732 1302 777 pereunt,
1346 715 1500 760 scilicet
1534 733 1609 777 per

236 790 399 853 gulam,
425 790 494 834 vel
511 790 736 845 luxuriam,
761 789 830 833 vel
849 786 964 832 aliud
984 803 1213 848 peccatum
1238 787 1397 842 carni33
1425 804 1498 848 per
1515 787 1609 831 reli-

236 878 368 922 quam
407 861 632 906 mulierem
664 859 924 922 significatur
955 856 1144 920 quelibet
1172 856 1308 902 fidelis
1333 859 1492 915 anima,
1526 874 1609 918 que

237 949 328 976 non
358 932 448 977 vult
481 932 692 989 sustinere,
732 929 852 992 quod
883 931 977 974 suus
1008 946 1115 990 puer
1144 928 1388 986 devoretur,
1425 928 1509 972 hoc
1540 928 1610 985 est,

237 1002 358 1064 quod
398 1003 468 1047 sua
506 1019 640 1063 opera
693 1018 870 1063 pereant
913 1016 1091 1062 propter
1138 998 1310 1044 delicias
1349 1000 1499 1044 carnis.
1539 1000 1611 1044 Per

237 1073 473 1132 Helyseum
498 1072 758 1135 significatur
781 1072 985 1117 Christus.

304 1148 439 1208 ltemg
455 1144 630 1205 Triplex
654 1144 711 1188 est
729 1144 876 1187 mensa
896 1143 1091 1203 corporis
1118 1158 1194 1202 per
1213 1139 1332 1185 cibos
1358 1141 1515 1197 anime,
1535 1158 1612 1203 per

236 1216 504 1260 sacramenta
524 1215 739 1275 utriusque
758 1215 802 1258 in
823 1213 934 1271 celo,
954 1211 1027 1258 ubi
1046 1211 1184 1256 nullus
1205 1211 1262 1256 est
1276 1211 1481 1256 defecius.
1501 1211 1610 1257 Refi-

237 1286 403 1330 ciantur
432 1286 562 1348 igitur
592 1286 634 1329 in
669 1284 756 1329 hoc
792 1284 934 1329 seculo
965 1300 1055 1328 tam
1092 1281 1210 1339 cibis,
1248 1281 1397 1342 quoad
1439 1300 1611 1345 corpus,

238 1374 368 1417 quam
391 1357 678 1413 sacramentis,
705 1353 852 1416 quoad
878 1355 1085 1411 animam,
1107 1352 1343 1398 secundum
1365 1352 1610 1399 doch-inam

236 1428 319 1472 Dei
351 1444 397 1471 ut
420 1426 661 1471 reficiamur
685 1424 741 1470 ad
773 1426 966 1470 mensam
990 1424 1188 1470 celestem
1219 1425 1262 1468 in
1289 1439 1486 1469 eternum
1510 1441 1611 1469 cum

235 1499 373 1561 gloria
396 1496 684 1542 indeficiente.

304 1573 425 1614 Item:
452 1568 556 1631 Eget
580 1567 698 1613 dives
723 1568 766 1612 in
793 1567 1007 1629 principio
1034 1565 1190 1624 morbi,
1217 1567 1430 1627 quoniam
1450 1568 1613 1613 recusat

236 1639 472 1697 medicum,
510 1639 616 1684 dum
647 1639 784 1683 curari
814 1639 967 1699 potest,
1010 1639 1054 1682 ὃς
1086 1636 1239 1695 differt,
1278 1636 1436 1694 donec,
1468 1638 1612 1699 super-

236 1712 436 1757 veniente
466 1726 622 1767 morte,
660 1711 795 1754 curari
823 1726 912 1754 non
938 1709 1092 1770 potest,
1123 1710 1167 1753 ὃς
1193 1724 1294 1752 tunc
1321 1708 1479 1753 recusat
1512 1725 1611 1752 eum

239 1779 521 1839 medicus3s1c
536 1781 593 1825 est
608 1779 661 1825 de
676 1796 919 1841 peccatore,
941 1780 1014 1840 qui
1029 1780 1214 1840 sequitur
1230 1796 1418 1823 carnem.
1441 1779 1613 1840 Respuit

238 1854 355 1898 enim
380 1850 645 1896 medicinam
670 1852 768 1909 Dei,
795 1849 973 1912 quando
998 1851 1115 1895 Deus
1141 1850 1180 1894 se
1206 1848 1331 1894 offert
1357 1849 1393 1894 ei
1418 1851 1463 1894 ὃς
1483 1866 1613 1894 vocat

238 1942 337 1970 eum
358 1921 413 1968 ad
434 1923 657 1966 servicium
677 1923 810 1979 suum⁷
834 1923 877 1966 ὅς
893 1920 1034 1966 differt
1054 1937 1270 1982 peccator,
1293 1918 1452 1976 donec,
1472 1936 1613 1965 morte

239 1994 585 2056 superveniente,
627 1993 772 2037 veniat
812 1991 1042 2049 iudicium,
1082 1993 1127 2036 ὅ(
1170 2007 1273 2035 tunc
1317 1992 1473 2053 respuit
1513 2008 1613 2036 eum

239 2065 468 2110 Dominus.

304 2137 425 2181 Item:
456 2136 674 2198 Sanguine
707 2134 864 2180 Christi
891 2132 1146 2179 calefiebant
1169 2133 1280 2179 clavi
1310 2134 1352 2178 in
1378 2149 1524 2189 cruce3
1560 2131 1614 2178 fic

241 2204 401 2251 debent
415 2222 668 2267 peccatores
687 2204 869 2251 accendi
887 2207 928 2250 in
948 2206 1122 2250 caritate
1143 2204 1197 2249 ad
1217 2205 1442 2250 servicium
1457 2204 1615 2250 Christi

239 2293 316 2338 per
340 2278 593 2340 sanguinem
613 2277 779 2322 Christi.
806 2278 878 2322 Per
903 2277 1049 2322 clavos
1068 2277 1185 2321 enim
1204 2274 1493 2338 significantur
1510 2292 1612 2337 pec-

241 2364 407 2393 catores
437 2348 614 2393 racione
647 2347 890 2411 frigiditatis
914 2350 958 2393 &
983 2346 1174 2403 duriciei,
1216 2348 1261 2392 ὅ(
1298 2363 1373 2407 per
1409 2346 1613 2391 malleum

240 2417 431 2480 infigitur
460 2418 603 2462 clavus
644 2419 688 2462 in
720 2435 865 2475 cruce3
902 2417 955 2462 sic
983 2435 1060 2480 per
1090 2415 1459 2479 ponderofitatem
1485 2417 1613 2479 culpe

242 2489 481 2551 inpingitur
505 2505 713 2551 peccator
735 2490 778 2534 in
804 2490 1040 2534 cruciatum
1065 2506 1177 2551 pene
1202 2487 1469 2551 gehennalis.

307 2562 427 2604 Item:
457 2563 498 2604 In
522 2559 753 2623 Evangelio
778 2560 948 2623 legitur,
976 2558 1096 2621 quod
1123 2558 1301 2620 quidam
1326 2560 1449 2621 porci
1472 2559 1613 2605 vexati

242 2647 363 2675 erant
389 2648 412 2675 a
438 2629 699 2675 demonibus
724 2632 768 2675 ὅ(
788 2629 1016 2675 currebant
1040 2631 1082 2674 in
1110 2648 1228 2675 mare
1251 2630 1388 2687 (Luc,
1407 2642 1509 2687 VIII,
1531 2629 1611 2676 26-

242 2701 345 2763 36)3
367 2699 420 2745 fic
435 2701 492 2746 est
511 2700 564 2746 de
580 2700 839 2762 quibusdam
854 2699 1118 2759 hominibus,
1138 2702 1210 2762 qui
1230 2699 1283 2745 sic
1298 2702 1448 2747 vivunt
1468 2701 1612 2746 secun-

241 2770 348 2816 dum
371 2787 547 2816 carnem
578 2787 654 2836 per
684 2771 925 2817 demonum
950 2771 1285 2836 suggestionem,
1316 2771 1437 2835 quod
1463 2772 1614 2818 vivunt
