2216 3435
590 276 972 309 HODOEPORICON
1009 278 1040 309 S.
1072 278 1393 311 WILLIBALDI.
1575 269 1661 331 263

295 423 391 470 sunt
417 424 527 467 inter
558 422 750 483 quinque
766 432 785 449 α
806 422 1017 481 milliaria,
1052 424 1098 467 ὃς
1133 421 1370 468 duodecim
1392 423 1558 486 lapides
1581 426 1666 472 illic

294 500 450 545 suntin
475 499 661 547 ecclefia.
696 501 765 546 Illa
795 502 853 547 est
881 501 1027 564 lignea
1050 503 1095 546 ὃς
1121 517 1213 545 non
1243 518 1416 563 magna.
1452 502 1536 547 Illic
1570 505 1664 550 sunt

293 570 529 617 duodecim
552 571 731 634 lapides,
759 589 870 633 quos
889 572 1076 617 tulerunt
1099 571 1171 629 filij
1199 572 1318 617 Israel
1340 571 1395 617 de
1421 573 1600 620 Iordane
1619 578 1662 620 &

292 660 574 705 portaverunt
589 643 605 672 b
621 643 678 688 ad
696 644 885 707 Calgala
906 645 1027 707 super
1051 645 1243 706 quinque
1263 643 1457 688 milliaria
1469 647 1512 689 ὃς
1526 645 1662 708 depo-

291 715 462 760 suerunt
478 725 491 742 ⁶
514 714 569 760 ad
585 715 879 760 testimonium
899 717 1286 779 transmigrationis
1304 717 1489 762 illorum.
1500 717 1545 762 Et
1559 733 1662 762 tunc

286 786 372 830 illic
385 802 571 844 orante8‚
585 802 860 848 perrexerunt
876 786 896 813 ά
909 784 963 831 ab
972 790 1125 832 Iericho
1144 788 1268 850 super
1283 788 1445 849 septem
1464 788 1659 833 milliaria

286 855 341 902 ab
369 855 560 902 Iordane.
587 855 645 902 Ibi
670 856 925 919 erumpebat
964 858 1076 915 fons,
1102 859 1175 920 qui
1200 875 1290 904 erat
1324 859 1466 904 sterilis
1501 860 1545 903 in
1569 860 1659 903 imo

285 929 461 985 montis,
472 929 516 972 ὃς
530 928 607 972 fuit
623 927 782 972 inutilis
796 926 1060 984 hominibus,
1076 944 1311 989 antequam
1325 930 1490 974 veniret
1501 941 1513 957 ε
1537 931 1659 974 Heli-

272 1001 371 1059 seus
394 998 610 1061 propheta
636 1000 681 1043 ὃς
705 998 982 1044 [ειηᾶὶὶἧεεινίῐῑ
1012 999 1145 1044 illum.
1179 999 1223 1043 Et
1249 999 1398 1061 postea
1424 1001 1658 1058 emanavit,

283 1085 412 1131 atque
433 1070 576 1114 omnis
595 1069 742 1114 civitas
762 1069 834 1114 illa
852 1068 1064 1131 partiebat
1077 1069 1198 1114 illum
1218 1071 1261 1114 in
1280 1087 1424 1133 agros,
1445 1072 1487 1115 in
1507 1071 1657 1115 hortos

282 1142 326 1185 ὃ(
351 1142 395 1186 in
420 1141 584 1199 omnia,
611 1138 875 1201 ubicumque
900 1139 978 1184 illis
1003 1139 1286 1186 necessarium
1311 1157 1414 1200 erat,
1455 1143 1499 1186 ὅ(
1525 1159 1658 1187 omne

283 1211 404 1274 quod
422 1212 570 1275 irrigat
582 1209 604 1249 f
620 1210 689 1256 ille
703 1210 800 1256 fons
821 1210 1053 1256 crescendo
1074 1211 1246 1273 proficit
1261 1211 1316 1256 ad
1331 1213 1509 1257 salutem
1524 1229 1657 1276 prop-

280 1294 372 1328 terssr
395 1281 779 1328 sancffificationem
800 1281 958 1326 I-Ielisei
977 1281 1205 1343 propheta.
1237 1282 1338 1328 Inde
1357 1285 1656 1345 perrexerunth

279 1353 335 1399 ad
354 1359 627 1414 monasterium
648 1356 789 1398 Sanc‘li
807 1357 1022 1412 Eustochij.
1046 1352 1150 1398 Illud
1169 1354 1248 1398 stat
1265 1355 1307 1399 in
1327 1353 1474 1399 medio
1493 1371 1653 1417 campo

278 1425 386 1470 inter
411 1425 571 1471 Iericho
597 1427 642 1470 ὃς
661 1423 896 1477 Ierusalem.

278 1584 433 1627 XVIII.
457 1583 692 1642 Ierusalem:
718 1583 876 1643 ecclefia
895 1582 934 1626 δ’·
952 1598 1085 1626 cruces
1111 1586 1150 1626 in
1172 1583 1363 1627 calvarie
1381 1584 1484 1638 loco,
1511 1587 1646 1629 hortus

470 1654 755 1714 cumsepulcro
779 1654 1009 1697 salvatoris
1032 1653 1072 1697 ἃ·
1099 1653 1282 1697 mirabili
1305 1654 1437 1698 domo.
1458 1653 1469 1680 ¹⁴

339 1774 384 1819 Et
404 1774 507 1820 inde
524 1773 667 1820 venit-i
691 1774 745 1819 ad
765 1777 978 1836 Ierusalem
997 1775 1039 1818 in
1059 1774 1181 1819 illum
1199 1774 1364 1832 locum,
1385 1774 1457 1821 ubi
1474 1777 1650 1822 inventa

274 1845 410 1890 fuerat
437 1846 581 1890 sanc‘la
618 1862 720 1891 crux
745 1846 940 1891 Domini.
969 1844 1026 1891 Ibi
1059 1845 1117 1891 est
1147 1861 1265 1891 nunc
1295 1845 1467 1892 ecclefia
1497 1848 1541 1892 in
1574 1848 1648 1893 illo

272 1917 388 1975 loco,
426 1917 500 1978 qui
532 1914 688 1960 dicitur
719 1918 910 1961 calvarie
941 1918 1064 1962 locus.
1093 1917 1138 1962 Et
1170 1916 1250 1961 hec
1281 1917 1359 1962 fuit
1388 1920 1503 1980 prius
1534 1935 1649 1964 extra

274 1988 523 2045 Ierusalem3
558 1985 630 2031 sed
657 1986 839 2038 Helena.
881 1986 1060 2048 quando
1094 1988 1257 2033 invenit
1289 2005 1478 2047 crucem,
1515 1989 1650 2034 collo-

273 2060 386 2105 cavit
408 2058 529 2103 illum
557 2057 707 2102 locum
730 2058 841 2102 intra
875 2058 1109 2103 Ierusalem.
1144 2058 1188 2102 Et
1212 2057 1270 2103 ibi
1295 2059 1403 2104 stant
1427 2077 1543 2105 nunc
1567 2077 1649 2105 tres

274 2147 421 2175 cruces
439 2129 587 2193 lignee
614 2128 717 2173 foris
741 2129 784 2173 in
811 2129 1008 2174 orientali
1023 2130 1153 2192 plaga
1168 2129 1355 2189 ecclefie,
1370 2131 1486 2176 secus
1511 2132 1647 2193 parie-

270 2219 373 2259 tem,
413 2199 469 2246 ad
495 2200 755 2245 memoriam
792 2201 934 2245 semele
959 2201 1094 2245 crucis
1114 2201 1349 2246 Dominice
1375 2204 1419 2247 ὅς
1445 2202 1644 2259 aliorum,

271 2274 345 2335 qui
369 2289 470 2317 cum
496 2288 549 2317 eo
582 2269 772 2316 crucifixi
798 2287 930 2317 erant.
971 2271 1040 2316 Illa
1064 2288 1153 2315 non
1192 2272 1287 2317 sunt
1318 2289 1435 2318 nunc
1464 2274 1576 2318 intus
1601 2274 1643 2317 in

269 2341 457 2400 ecclefia‚
491 2341 563 2387 sed
596 2342 698 2386 foris
724 2343 833 2387 stant
858 2341 933 2386 sub
960 2345 1073 2387 tedio
1101 2358 1216 2387 extra
1242 2342 1478 2389 eccleflam.
1517 2343 1562 2388 Et
1584 2342 1645 2388 ibi

270 2415 384 2460 secus
404 2414 461 2458 est
480 2413 549 2458 ille
568 2412 731 2470 hortus,
751 2414 794 2458 in
815 2430 904 2474 quo
920 2429 1009 2458 erat
1014 2415 1244 2474 sepulcrum
1263 2415 1507 2459 salvatoris.
1540 2414 1643 2460 Illud

269 2484 511 2547 sepulcrum
534 2483 672 2528 fuerat
698 2484 740 2528 in
761 2499 879 2544 petra
900 2485 1100 2539 excisum,
1125 2485 1169 2529 δε
1192 2484 1261 2529 illa
1281 2500 1402 2546 petra
1418 2484 1495 2529 stat
1518 2485 1643 2547 super

315 2635 343 2655 a.
365 2624 436 2656 Mb.
452 2624 483 2666 ij
504 2643 544 2647 —
569 2625 596 2656 b.
623 2625 676 2665 R„
696 2626 730 2657 C.
753 2626 908 2669 deporta·
1055 2637 1089 2670 g.
1119 2628 1152 2658 C.
1173 2626 1255 2669 post.
1285 2645 1326 2650 —
1351 2626 1384 2659 h.
1415 2628 1502 2668 Mb.,
1526 2628 1574 2668 R„
1593 2628 1641 2667 C.‚

269 2684 393 2708 verunt.
416 2696 456 2700 -
469 2688 496 2709 c.
516 2678 604 2718 Mb.,
618 2678 654 2709 R.
672 2679 852 2720 ponebant.
867 2698 908 2703 —
996 2679 1191 2722 pergebant.
1216 2697 1257 2703 —-
1276 2677 1297 2711 i.
1311 2678 1436 2711 ‘Titulus
1454 2681 1485 2711 d.
1504 2679 1537 2712 in
1555 2681 1638 2720 Mb.,

264 2729 296 2761 d.
321 2731 409 2770 Mb.,
427 2732 480 2771 R„
503 2732 538 2763 C.
557 2731 754 2774 pergebant.
771 2750 813 2755 —
829 2743 845 2763 e
866 2730 911 2763 al.
1000 2733 1048 2772 C„
1082 2732 1114 2764 P.
1153 2751 1193 2755 —
1222 2733 1249 2774 j.
1286 2733 1321 2764 C.
1360 2741 1531 2765 venerunt.

265 2782 364 2816 venit.
399 2802 442 2807 —
467 2783 491 2816 f.
515 2784 598 2824 Mb,
624 2785 672 2826 R„
693 2784 725 2816 F.
744 2783 912 2817 humIdat.
