2216 3435
576 180 636 227 62
726 185 733 194 ·
956 193 1021 226 DE
1058 193 1265 226 ITINERF,
1303 193 1570 226 FursoNUM.

481 364 556 392 1217
576 356 655 401 pus
680 356 782 385 vero
808 340 987 384 civitatis
1019 357 1095 402 per
1124 338 1338 384 devexum
1370 340 1530 384 montis
1573 339 1704 400 usque
1735 338 1789 384 ad
1819 356 1952 400 aquas

574 408 762 456 fluminis
793 409 1075 468 descendens,
1105 409 1160 455 ad
1196 410 1383 456 austrum
1421 427 1544 456 muro
1576 412 1764 474 cingitur
1798 412 1843 456 &
1868 427 1953 456 tur-

573 479 699 528 ribus.
740 481 797 527 lbi
835 484 945 527 miro
973 483 1156 527 scemate
1178 481 1420 527 construfia
1444 483 1487 526 in
1513 482 1682 527 honore
1709 481 1836 527 beate
1855 482 1952 528 Vir-

572 553 684 616 ginis
718 553 955 599 ostenditur
987 551 1175 611 ecclefia,
1213 554 1255 598 in
1283 570 1368 615 qua
1402 570 1560 615 corpus
1590 552 1703 599 beati
1732 554 1951 612 Vincentij

573 626 767 684 martyris
791 627 834 670 in
856 624 1128 688 sarcophago
1150 625 1374 686 requiescit
1398 641 1619 687 argenteo
1648 624 1717 670 Ad
1739 626 1953 670 orientem

570 713 673 741 vero
699 712 817 742 extra
845 697 1065 742 civitatem
1091 694 1321 757 quoddam
1351 696 1408 740 est
1433 694 1674 741 venerabile
1699 696 1950 755 cenobium,

569 765 644 812 ubi
667 767 814 830 palma
839 767 893 812 de
922 766 1147 829 sepulchro
1180 768 1376 826 martyris
1406 766 1562 812 Christi
1604 766 1759 812 domni
1783 769 1950 830 Popteti

568 838 758 903 Ulvinga
778 848 788 868 ¹
811 839 990 901 pulchre
1015 838 1281 901 consurgens
1311 838 1353 883 in
1391 856 1489 883 aera
1514 838 1844 896 demonstratur,
1878 840 1952 900 qui

568 927 738 956 mutato
775 912 955 956 nomine
998 910 1241 966 Heinricus,
1284 910 1482 972 princeps
1519 910 1676 955 milicie
1712 910 1950 969 christiane,

566 998 668 1028 ante
693 1000 753 1042 70
778 1000 916 1028 annos
942 980 1107 1027 ibidem
1150 999 1251 1027 cum
1277 981 1352 1025 suo
1387 983 1606 1044 armigero
1642 982 1778 1027 vitam
1814 981 1952 1027 finivit

566 1054 609 1097 in
651 1053 848 1112 Christo3
890 1055 963 1116 qui
1007 1070 1124 1098 nunc
1165 1052 1311 1098 divina
1348 1052 1612 1099 revelatione
1654 1054 1950 1112 canonizatus,

565 1124 706 1188 gloria
743 1125 975 1188 temporali
1000 1125 1152 1171 letatur
1176 1127 1221 1170 ὃς
1246 1141 1405 1170 eterna.
1444 1125 1592 1187 Tagus
1629 1141 1774 1169 autem
1798 1122 1951 1170 fluvius

565 1195 621 1241 ad
641 1197 828 1242 austrum
849 1196 1130 1254 descendens,
1149 1196 1274 1260 largo
1297 1194 1385 1240 {inu
1404 1195 1695 1257 complicitus,
1714 1196 1951 1241 innumeris

556 1267 747 1329 *navibus
790 1269 1016 1314 stationem
1043 1267 1194 1331 prebet
1228 1266 1487 1313 tutiffimam.
1530 1266 1791 1312 Notandum
1829 1284 1949 1325 vero,

565 1343 687 1404 quod
713 1361 843 1389 naves
869 1361 1049 1406 portum
1067 1345 1224 1389 intrare
1249 1342 1443 1388 volentes
1466 1340 1610 1387 sinistri
1627 1351 1645 1371 2
1662 1341 1796 1387 litoris
1819 1342 1951 1388 latere

565 1417 709 1461 secure
739 1414 987 1473 decurrunt,
1025 1416 1158 1476 usque
1183 1414 1290 1460 dum
1315 1416 1356 1459 in
1384 1412 1581 1459 faucibus
1605 1412 1733 1476 ipsius
1760 1412 1950 1464 fluminis

564 1505 736 1550 recepte
763 1486 951 1550 opposui
968 1487 1102 1532 litoris
1130 1503 1329 1532 montem
1349 1484 1599 1543 ascendant,
1625 1484 1769 1531 donec
1792 1487 1948 1550 scopu-

562 1560 654 1605 lum
681 1560 896 1605 transeant
925 1559 1247 1622 quinquaginta
1271 1556 1535 1615 cubitorum,
1561 1558 1604 1601 in
1631 1555 1789 1602 sinistro
1817 1559 1948 1606 latere

563 1630 638 1677 sub
665 1633 787 1694 aquis
812 1631 1032 1677 latentem.
1073 1630 1283 1676 Collee‘tis
1311 1630 1441 1693 igitur
1468 1630 1512 1673 in
1538 1628 1623 1674 hoc
1647 1645 1778 1691 portu
1803 1630 1948 1676 multis

563 1702 757 1761 navibus,
782 1702 975 1748 adunato
1003 1703 1141 1747 tocius
1160 1702 1365 1746 exercitus
1391 1699 1570 1745 consilio
1590 1702 1635 1745 &
1655 1701 1824 1762 populo
1844 1703 1949 1749 civi-

563 1777 672 1832 tatis,
700 1776 928 1838 episcopus
952 1774 1039 1820 loci
1056 1773 1165 1818 illius
1191 1774 1439 1818 sermonem
1459 1771 1619 1817 faciens
1639 1770 1694 1817 ad
1713 1773 1947 1835 populum,

561 1846 817 1911 persuadere
855 1844 1084 1903 nitebatur,
1124 1862 1170 1891 ut
1210 1846 1254 1890 in
1281 1845 1492 1907 Hispania
1525 1861 1766 1890 remaneret
1800 1847 1844 1890 ὃς
1868 1845 1947 1889 ini-

561 1920 699 1964 micos
735 1917 909 1964 ecclesie
946 1919 989 1963 in
1018 1917 1155 1963 urbe3
1191 1935 1275 1979 que
1303 1916 1441 1961 Alcoz
1479 1915 1637 1962 dicitur
1663 1932 1946 1980 expugnaret,

560 1991 662 2036 utile
687 1991 774 2035 hoc
801 1990 894 2035 fore
918 1992 963 2035 &
988 1989 1220 2035 honestum
1246 1988 1386 2034 multis
1423 1987 1662 2034 rationibus
1686 1985 1943 2044 asseverans,

561 2064 684 2108 suum
707 2064 752 2107 &
776 2061 950 2107 suorum
976 2063 1022 2106 &
1050 2077 1204 2124 regum
1232 2077 1340 2105 terre
1378 2058 1596 2122 spondens
1623 2060 1788 2117 auxilia,
1825 2059 1943 2106 lucra

559 2136 818 2197 promittens
861 2151 995 2196 quam
1038 2133 1238 2196 plurima,
1283 2148 1454 2177 moram
1495 2129 1580 2176 sme
1625 2132 1750 2176 lucris
1796 2131 1946 2177 utilem

561 2205 765 2268 probans,
801 2223 894 2251 tum
931 2222 1112 2268 propter
1148 2221 1291 2250 rerum
1313 2205 1491 2266 copiam
1516 2202 1682 2249 ibidem
1706 2203 1943 2260 venalium,

560 2295 653 2323 tum
678 2294 857 2340 propter
883 2294 1052 2322 moram
1089 2294 1243 2340 regum
1266 2277 1311 2321 ὃς
1330 2276 1595 2338 principum,
1632 2276 1707 2338 qui
1741 2292 1795 2320 eo
1823 2292 1942 2321 anno

560 2367 650 2395 non
687 2348 923 2408 transirent,
960 2365 1102 2395 cetera
1128 2365 1213 2410 que
1250 2348 1407 2392 rationi
1433 2346 1691 2393 videbantur
1716 2347 1943 2393 consenta-

560 2438 640 2467 nea
665 2423 911 2466 annecfiens.
948 2419 1032 2466 Sed
1065 2420 1142 2465 hiis
1167 2417 1370 2464 omnibus
1408 2436 1570 2482 magna
1595 2435 1694 2481 pars
1718 2419 1941 2477 exercitus,

560 2492 632 2538 sed
657 2493 862 2555 precipue
887 2492 1075 2537 Frisones
1100 2489 1407 2548 reclamabant,
1442 2490 1578 2536 multa
1603 2491 1647 2535 in
1673 2491 1943 2535 contrarium

611 2669 622 2688 1
653 2659 691 2690 A.
713 2656 775 2690 vel
793 2658 956 2702 Uliunga;
983 2658 1123 2692 videtur
1156 2657 1211 2700 effe
1320 2670 1338 2689 2
1362 2657 1561 2701 Sequebatur
1580 2655 1689 2689 lateris
1700 2655 1837 2692 deletum
1856 2656 1889 2690 in
1902 2658 1940 2693 A.

561 2711 750 2756 Ulvingas.
765 2723 793 2755 q.
807 2711 983 2755 lupifilius.
1295 2731 1340 2734 —
1363 2722 1377 2752 3
1400 2710 1429 2744 in
1447 2709 1704 2754 urbesupplevi.

1971 789 1994 806 c.
2012 778 2060 807 28.
