2216 3435
496 533 784 594 PAULAE
824 533 886 592 &
921 533 1337 593 EUSTOCHII

594 698 820 732 EPISTOLA
839 700 903 732 AD
926 700 1224 733 MARCELLAM

323 839 458 906 DE
527 837 890 907 LOCIS
971 837 1505 909 SANCTIS

901 1072 926 1099 ἧς

433 1266 445 1274 ‘
511 1300 515 1304 s
575 1253 700 1316 [post
726 1252 965 1315 pastionem
983 1253 1167 1298 Domini
1192 1256 1259 1316 (ut
1285 1254 1486 1301 scelerata
1515 1273 1601 1302 vox

452 1350 513 1383 A,
537 1364 543 1375 r
572 1326 829 1388 concrepat)
854 1324 923 1369 hic
952 1323 1211 1370 detestabilis
1240 1326 1362 1371 locus
1388 1327 1459 1384 est,
1495 1328 1600 1389 quid

450 1388 545 1443 ξ.
572 1397 710 1443 voluit
740 1396 888 1441 Paulus
920 1396 1273 1456 Hierosolymam
1310 1397 1520 1459 festinare,
1558 1416 1603 1444 ut

537 1522 541 1526 ι
571 1466 630 1512 ibi
675 1468 836 1513 faceret
860 1467 1170 1530 pentecosten?
1208 1469 1281 1530 qui
1321 1470 1602 1518 retinentibus

572 1539 812 1585 se'locutus
846 1539 918 1596 est,
944 1538 1121 1585 dicens:
1160 1542 1272 1601 Qid
1295 1545 1443 1601 facitis
1460 1548 1603 1604 flentes

222 1610 261 1654 ὃ
286 1612 557 1655 conturbantes
583 1629 650 1656 cor
675 1628 799 1655 meum
820 1616 839 1654 ξ’
872 1614 959 1672 Ego
984 1615 1086 1655 enim
1111 1629 1186 1655 non
1198 1613 1337 1673 solum
1362 1615 1503 1675 ligari,
1521 1619 1603 1677 sed

220 1681 259 1725 ὃ
284 1685 385 1726 mori
410 1686 450 1726 in
476 1683 688 1744 Ierusalem
706 1699 873 1743 paratus
892 1684 986 1743 sum
1014 1700 1093 1743 pro
1118 1687 1273 1728 nomine
1299 1689 1471 1730 ‘Domini
1495 1688 1598 1747 Iesu.

222 1751 344 1815 Qid
364 1754 493 1798 ceteri
516 1754 649 1799 sanc‘ii
667 1755 711 1798 ὃ(
734 1753 909 1798 illustres
938 1755 1030 1812 viri,
1056 1771 1244 1816 quorum
1268 1773 1372 1802 vota
1397 1758 1442 1801 ὃς
1472 1755 1598 1802 obla-

224 1824 363 1869 tiones
388 1825 483 1885 post
522 1824 868 1886 predicationem
893 1824 1049 1870 Christi
1085 1825 1139 1871 ad
1178 1827 1340 1887 fratres,
1373 1829 1447 1890 qui
1483 1846 1604 1875 erant

226 1895 554 1956 Hierosolymis,
575 1894 881 1941 deferebantur
899 1898 914 1940 Ρ
930 1896 1132 1959 Longum
1145 1898 1204 1942 est
1222 1915 1338 1944 nunc
1353 1898 1408 1944 ab
1429 1900 1602 1945 ascensu

227 1967 412 2011 Domini
451 1967 583 2028 usque
620 1965 676 2011 ad
710 1967 953 2029 presentem
985 1965 1101 2012 diem
1141 1984 1217 2029 per
1251 1967 1434 2033 singulas
1471 1987 1603 2016 etates

227 2054 405 2096 currete,
421 2039 495 2099 qui
508 2037 831 2101 episcoporum,
851 2039 925 2099 qui
948 2055 1201 2097 martyrum,
1214 2041 1288 2101 qui
1304 2040 1603 2103 eloquentium

227 2109 271 2154 in
295 2107 494 2154 do6lrina
513 2107 792 2155 ecclefiastica
812 2110 1003 2155 virorum
1022 2111 1218 2155 venerint
1236 2112 1604 2172 Hierosolymam,

228 2195 427 2243 putantes
452 2181 594 2226 minus
618 2181 658 2226 se
684 2180 918 2244 religionis,
953 2182 1093 2226 minus
1126 2179 1283 2228 habere
1308 2182 1496 2241 scientie,
1523 2202 1605 2230 nec

230 2252 459 2309 summam,
482 2267 526 2297 ut
551 2250 721 2311 dicitur,
746 2270 927 2297 manum
957 2252 1169 2316 accepisse
1200 2255 1423 2315 virtutum,
1458 2254 1532 2301 nisi
1561 2256 1604 2300 in

229 2323 307 2368 illis
334 2322 554 2368 Christum
578 2322 809 2369 adorarent
833 2324 955 2382 locis,
982 2323 1035 2369 de
1062 2323 1215 2386 quibus
1248 2326 1438 2389 primum
1471 2346 1603 2376 evan-

230 2394 393 2458 gelium
414 2393 468 2439 de
487 2393 681 2456 patibulo
702 2396 1012 2442 coruscaverat.
1040 2397 1172 2442 Certe
1195 2396 1222 2442 sl
1241 2398 1372 2443 etiam
1391 2400 1605 2461 preclarus

231 2480 378 2510 orator
397 2464 804 2526 reprehendendum
824 2467 982 2525 nescio,
1003 2484 1131 2529 quem
1150 2485 1289 2531 putat,
1309 2469 1430 2531 quod
1448 2471 1606 2517 litteras

232 2553 380 2600 grecas
406 2553 496 2581 non
521 2536 716 2595 Athenis,
752 2536 822 2582 sed
855 2537 1027 2598 Lilybei,
1055 2539 1207 2585 latinas
1238 2557 1328 2586 non
1356 2542 1507 2599 Rome,
1532 2542 1605 2588 sed

233 2609 275 2651 in
304 2606 443 2651 Sicilia
468 2605 678 2665 didicerit,
704 2608 825 2670 quod
850 2609 1048 2655 videlicet
1080 2629 1341 2674 unaqueque
1379 2614 1604 2675 provincia

235 2675 390 2723 habeat
420 2677 582 2739 aliquid
614 2680 854 2742 proprium,
887 2680 1007 2742 quod
1044 2681 1126 2726 alia
1167 2699 1277 2744 eque
1322 2682 1479 2729 habere
1513 2702 1603 2729 non

236 2748 391 2810 poffit:
417 2767 490 2796 cur
513 2768 594 2796 nos
618 2768 819 2814 putamus
850 2750 1010 2814 absque
1036 2752 1215 2799 Athenis
1253 2754 1403 2800 nostris
1447 2772 1601 2818 quem-
