2216 3435
671 107 682 135 1
705 108 757 136 10
1074 106 1372 141 ANTONINUS
1408 109 1641 142 MARTYR

659 267 858 315 XXXIV.
894 272 997 315 Elua
1025 270 1207 335 (Elusa),
1236 278 1509 333 monisterium
1536 279 1640 320 circa
1666 295 1772 321 mare
1796 278 2043 321 Salinarum.

728 391 901 438 Deinde
931 395 1131 439 venimus
1161 396 1204 439 in
1235 395 1458 441 civitatem
1481 399 1610 442 Eluaa
1634 399 1677 443 in
1707 398 1874 461 capiteb
1899 401 2046 458 eremi,

659 480 745 525 que
770 462 889 509 vadit
914 463 968 510 ad
995 483 1195 511 montem
1220 468 1357 512 Sinai:
1380 468 1422 512 in
1449 485 1535 530 qua
1555 471 1686 515 etiam
1711 488 1761 515 ex
1782 471 2046 516 revelatione

660 536 855 598 episcopi
881 535 1006 598 ipsius
1033 538 1215 583 civitatis
1241 537 1484 584 audivimus
1503 544 1755 598 miraculum,
1783 541 1906 604 quod
1931 541 2046 588 filere

663 624 753 652 non
771 624 964 669 oportet:
986 609 1124 653 Puella
1145 609 1338 670 quedam
1359 610 1530 669 nobilis,
1554 614 1734 659 nomine
1751 616 1927 670 maria,
1945 631 2046 659 cum

661 696 797 742 nupta
826 681 978 739 fuisset,
1006 683 1093 745 ipsa
1114 685 1244 728 nocie
1270 700 1428 745 nuptus
1454 684 1513 728 sui
1537 684 1714 746 sponsus
1741 686 1828 730 eius
1849 702 2046 731 mortuus

657 750 726 796 est.
748 752 836 814 Ipsa
863 752 975 798 banc
999 772 1089 799 rem
1115 755 1328 817 patienter
1348 756 1538 816 portavit
1555 758 1599 800 ὃς
1625 757 1735 801 intra
1757 757 2046 819 septimanam

658 824 809 869 omnia
831 824 903 869 sua
924 827 1123 888 erogavit
1142 825 1406 888 pauperibus
1426 827 1493 872 vel
1514 828 1793 874 monasteriis,
1809 828 2045 875 Celebrato

657 893 727 940 die
747 895 948 958 septimo,
964 898 1053 959 ipsa
1075 900 1205 943 noc'le
1224 899 1481 943 vestimento
1505 898 1645 961 sponsi
1669 898 1854 959 sublato,
1869 902 2045 947 inventa

656 984 747 1011 non
773 967 843 1013 est.
884 970 951 1013 De
987 986 1073 1031 qua
1099 969 1265 1014 dicium
1291 971 1347 1015 est
1374 968 1514 1027 nobis,
1549 970 1671 1032 quod
1698 969 1802 1016 esset
1825 973 1868 1016 in
1895 990 2045 1018 eremo

655 1054 770 1083 trans
811 1038 1043 1085 Iordanem
1083 1042 1195 1086 inter
1231 1041 1442 1087 calameta
1480 1044 1525 1087 ὃς
1562 1043 1769 1105 palmeta,
1809 1044 1853 1088 in
1890 1043 2046 1090 finibus

655 1110 806 1174 Segor,
833 1112 946 1157 circa
971 1131 1091 1158 mare
1116 1114 1374 1172 Salinarum,
1404 1115 1446 1158 in
1475 1112 1630 1176 quibus
1666 1115 1774 1160 locis
1800 1116 2046 1162 invenimus

656 1187 931 1243 monasterium
966 1187 1197 1246 puellarum
1238 1185 1492 1247 quindecim
1527 1187 1595 1232 vel
1632 1186 1901 1246 offiodccim,
1940 1205 2046 1250 quas

655 1254 870 1299 christiani
892 1255 1174 1318 papulabant.
1191 1268 1203 1285 ⁶
1227 1259 1329 1320 Qje
1354 1256 1577 1303 habebant
1602 1276 1738 1303 unum
1761 1259 1952 1318 asellum,
1973 1262 2047 1322 qui

656 1327 715 1371 eis
741 1325 902 1372 cibaria
927 1328 1206 1390 apportabat,
1217 1328 1237 1357 ‘l
1258 1332 1302 1375 ὃς
1328 1329 1578 1376 nutriebant
1606 1330 1786 1376 leonem
1811 1330 2047 1378 terribilem

655 1397 712 1443 ad
748 1397 1003 1446 videndum.
1050 1401 1259 1463 Cumque
1296 1401 1770 1464 appropinquassemus
1813 1403 1978 1463 cellule,
2021 1422 2046 1450 a

655 1471 797 1533 rugitu
823 1471 931 1516 illius
963 1473 1114 1517 omnia
1151 1474 1369 1531 animalia,
1403 1492 1486 1536 que
1515 1473 1761 1534 habuimus,
1801 1477 2048 1521 minxerunt

654 1545 699 1587 ὅς
724 1542 767 1587 in
795 1560 954 1588 terram
985 1561 1251 1591 corruerunt.
1284 1546 1329 1590 Et
1353 1545 1555 1591 dixerunt
1580 1546 1722 1603 nobis,
1756 1547 1879 1609 quod
1903 1548 2047 1610 ipsum

657 1613 835 1659 asellum
854 1615 924 1660 leo
944 1615 1208 1678 gubernaret
1228 1619 1271 1662 in
1291 1618 1473 1680 pascuis,
1501 1636 1635 1679 quem
1658 1617 1902 1665 offerebant
1920 1618 2046 1665 nobis

655 1703 736 1748 pro
771 1703 949 1732 centum
983 1688 1154 1745 solidi53
1192 1689 1262 1734 ille
1299 1689 1675 1748 christianissimus,
1717 1707 1819 1736 cum
1854 1708 1944 1753 quo
1972 1692 2047 1752 fui,

654 1775 777 1821 pater
791 1760 1041 1805 Antoninus
1055 1772 1067 1788 ἒ
1087 1762 1290 1823 accipere
1309 1761 1463 1819 noluit,
1484 1761 1556 1807 sed
1572 1760 1681 1807 misit
1694 1763 2048 1822 Hierosolymam

656 1831 760 1887 cito,
795 1832 839 1875 ὃς
876 1830 1057 1878 adduxit
1099 1834 1156 1877 eis
1194 1834 1360 1878 tunicas
1399 1834 1617 1878 tricenasf
1643 1837 1687 1879 ὃς
1728 1832 1784 1879 ad
1826 1835 2048 1882 cellarium

654 1901 881 1964 legumina
904 1904 973 1949 vel
1001 1904 1150 1949 oleum
1175 1904 1231 1950 ad
1249 1905 1492 1950 luminaria.
1516 1905 1560 1950 Et
1583 1907 1674 1969 ipse
1694 1905 1822 1952 nobis
1847 1906 2049 1955 dixerunt

657 1972 711 2019 de
752 1973 978 2020 virtutibus
1021 1976 1169 2035 Marie,
1212 1994 1296 2038 que
1334 1976 1634 2023 ambulaverat
1672 1979 1717 2023 in
1758 1997 1905 2024 eremo
1943 1980 2048 2040 sola,

656 2063 835 2108 portans
866 2046 1161 2111 leguminibus
1194 2049 1418 2111 sportellas
1449 2050 1599 2112 plenas
1630 2050 1699 2096 vel
1728 2051 1909 2110 tunicas,
1941 2069 2049 2114 quas

658 2117 896 2180 cupiebant
932 2120 971 2164 ei
1004 2119 1198 2179 adferre3
1233 2120 1305 2166 sed
1343 2121 1485 2166 nullus
1522 2139 1621 2166 eam
1665 2123 1858 2168 invenire
1894 2125 2049 2185 potuit.

658 2191 869 2235 Attamen
911 2190 964 2236 de
1005 2193 1069 2250 iis,
1111 2210 1196 2254 que
1237 2193 1383 2237 secum
1425 2192 1620 2250 duxerat,
1665 2193 1772 2239 nihil
1812 2196 2051 2256 reportavit

658 2278 876 2307 revertens
925 2262 978 2308 cle
1015 2281 1176 2309 eremO.
1221 2265 1359 2310 Cuius
1409 2263 1695 2310 afflicffionem
1720 2266 1789 2311 vel
1829 2267 2052 2328 ploratum

656 2332 775 2378 nulla
800 2333 969 2379 ratione
990 2335 1207 2380 consolari
1232 2337 1472 2398 potuimus,
1495 2336 1567 2381 secl
1590 2353 1760 2382 tantum
1783 2338 1921 2401 sepius
1943 2338 2050 2385 flens

657 2402 856 2450 dicebat:
896 2406 963 2452 Ve
999 2406 1106 2452 mihi
1143 2408 1309 2466 misere,
1346 2408 1465 2453 cuius
1508 2409 1633 2454 causa
1669 2427 1739 2454 me
1777 2409 2053 2456 christianam

659 2474 786 2522 dico?

708 2606 736 2626 a.
760 2595 812 2634 G.,
831 2592 876 2626 al.
898 2593 1038 2633 Eluaha,
1058 2595 1312 2637 Elual‚E1vaal‚
1398 2598 1530 2630 cebant.
1562 2617 1604 2622 —
1633 2598 1664 2631 d.
1695 2598 1745 2631 Sic
1765 2611 1831 2643 ego,
1868 2599 1913 2632 al.
1930 2600 2052 2644 depor-

662 2647 786 2688 Duaal‚
813 2647 957 2681 Duahal.
986 2668 1028 2673 ——-
1060 2650 1091 2681 b.
1124 2651 1156 2682 P.
1176 2661 1308 2692 campo.
1397 2651 1501 2683 tabat.
1535 2670 1575 2675 —
1608 2663 1634 2684 e.
1657 2651 1777 2685 Nomen
1796 2653 1880 2697 deest
1894 2652 1928 2686 in
1948 2655 1986 2687 G.
2008 2673 2050 2679 —-·

664 2721 707 2726 -—
728 2712 755 2736 c.
778 2702 826 2735 Sic
843 2712 910 2747 ego,
931 2702 974 2734 al.
999 2702 1216 2748 populabant,
1241 2703 1311 2749 pas·
1338 2718 1345 2721 „
1396 2703 1418 2738 f.
1443 2705 1493 2746 G.,
1514 2704 1558 2736 al.
1584 2713 1704 2739 ternas.
