2216 3435
673 160 739 191 DE
775 160 912 192 LOCiS
937 160 1157 193 SANCTIS.
1500 161 1580 210 103

203 307 283 351 alie
307 307 438 351 multe
456 307 659 352 virtutes:
687 307 847 368 species
873 305 996 352 beate
1021 306 1155 351 Mai-ie
1179 308 1223 350 in
1251 307 1456 368 superiori
1480 307 1582 351 loco

203 379 247 422 ὃς
272 395 383 423 zona
403 376 528 439 ipffius
552 380 596 422 ὃς
620 378 924 440 ligamentum,
946 394 1034 438 quo
1061 376 1259 422 utebatur
1278 378 1320 422 in
1342 378 1496 439 capite.
1526 377 1583 423 lbi

202 449 297 493 sunt
320 451 365 493 &
392 449 556 511 septem
581 447 783 494 cathedre
808 466 1051 494 marmoree
1075 449 1308 494 seniorum.

644 609 754 654 XXI.
794 608 938 654 Turris
970 612 1124 654 David.

266 729 367 775 Inde
391 729 661 775 ascendimus
698 732 741 776 in
778 735 919 776 turrim
946 734 1098 786 David,
1133 728 1206 775 ubi
1233 730 1480 792 psalterium
1509 730 1582 776 de-

199 802 399 847 cantavit.
437 802 599 865 Magna
631 802 688 847 est
721 801 861 861 valde,
901 803 945 846 in
995 820 1080 863 qua
1119 802 1216 846 sunt
1253 802 1513 846 monasteria
1539 803 1582 847 in

199 878 414 923 cenaculis
440 877 635 942 singulis:
666 896 750 940 que
772 880 895 924 turris
916 877 1217 940 quadrangula
1241 880 1286 922 &
1307 895 1418 940 opus
1445 879 1582 942 sculp-

198 961 334 1007 tum‚‘¹
359 967 449 994 non
475 948 636 995 habens
666 953 841 995 teclum.
870 953 912 995 In
933 967 1065 1011 quam
1090 951 1220 995 etiam
1245 950 1478 995 Christiani
1501 968 1581 1012 pro

198 1020 437 1066 devotione
467 1019 522 1065 ad
554 1019 825 1066 mansionem
858 1019 1109 1080 ascendunt,
1145 1023 1203 1078 ὃς,
1240 1022 1353 1066 circa
1389 1020 1583 1066 mediam

198 1095 377 1137 moelem
396 1092 629 1154 surgentes,
646 1090 827 1136 audiunt
846 1109 975 1137 voces
997 1092 1360 1137 murmurantium
1380 1090 1583 1137 deorsum

196 1164 239 1207 in
259 1162 368 1207 valle
390 1162 588 1223 iosaphat
609 1160 664 1206 ad
681 1161 782 1206 loca
801 1178 955 1207 contra
978 1161 1221 1222 Iordanem,
1243 1180 1327 1225 que
1350 1164 1583 1226 respiciunt

196 1233 251 1279 acl
275 1233 521 1279 Sodomam
546 1237 590 1279 ὃς
616 1234 933 1280 Gomorrham.

381 1395 506 1441 XXII.
537 1396 715 1458 fBafilica
743 1397 887 1440 Sancqe
910 1396 1009 1439 Sion
1035 1395 1074 1439 ὃ)
1100 1398 1386 1454 monasterium.

259 1515 432 1563 Deinde
445 1519 642 1564 venimus
656 1519 700 1563 in
714 1520 912 1581 bafiliccmz
927 1522 1111 1564 Sanaam
1127 1522 1241 1575 Sion,
1258 1517 1331 1564 ubi
1346 1519 1440 1565 sunt
1454 1520 1580 1566 mira-

193 1587 294 1633 bilia
318 1589 469 1647 multa,
488 1591 598 1635 inter
618 1608 702 1652 que
722 1591 794 1649 est,
817 1590 940 1652 quod
958 1591 1115 1654 legitur
1134 1590 1189 1636 de
1208 1592 1346 1652 lapide
1365 1594 1578 1653 angulare,

195 1661 269 1722 qui
306 1659 560 1722 reprobatus
592 1663 650 1707 est
681 1660 735 1707 ab
771 1661 1080 1708 edificantibus.
1120 1661 1329 1725 Ingressus
1360 1664 1579 1709 Dominus

196 1732 238 1775 in
263 1732 401 1793 ipsam
420 1731 657 1791 ecclefiam,
686 1751 770 1794 que
791 1733 870 1778 fuit
889 1732 1047 1778 domus
1074 1734 1206 1779 sancii
1231 1732 1390 1793 Iacobi,
1414 1735 1581 1781 invenit

192 1801 385 1864 lapidem
404 1804 528 1848 istum
554 1802 801 1849 deformein
825 1806 869 1849 in
891 1804 1039 1850 medio
1064 1806 1294 1862 iacentem,
1316 1807 1454 1851 tenuit
1477 1825 1579 1852 eum

193 1874 238 1917 δε
268 1874 412 1935 posuit
441 1876 484 1919 in
515 1875 743 1938 angulum:
775 1892 906 1937 quem
938 1891 1054 1920 tenes
1084 1877 1129 1920 ὃς
1156 1875 1270 1922 levas
1302 1876 1346 1921 in
1378 1876 1578 1923 manibus

192 1945 287 2002 tuis,
316 1948 361 1990 <Sc
384 1947 512 2008 ponis
537 1964 686 1991 aurem
707 1947 749 1990 in
769 1946 934 2009 angulo
959 1946 1053 2008 ipso
1078 1944 1314 1991 &sonabit
1337 1947 1380 1992 in
1406 1948 1578 1995 auribus

192 2018 273 2061 tuis
294 2016 409 2079 quasi
425 2018 663 2062 multorum
679 2018 909 2062 hominum
924 2019 1219 2064 murmuratio.
1238 2022 1279 2064 In
1299 2020 1389 2081 ipsa
1404 2019 1578 2066 ecclefia

192 2089 250 2132 est
273 2090 472 2145 columna,
506 2092 572 2133 ubi
595 2093 795 2134 ‘Dominus
821 2091 1063 2150 flagellatus
1088 2096 1152 2150 est,
1178 2092 1221 2136 in
1257 2108 1344 2152 qua
1368 2091 1576 2137 columna

193 2160 275 2205 tale
296 2160 353 2204 est
372 2158 562 2223 signum:
577 2159 683 2205 dum
703 2178 800 2206 eam
816 2160 995 2222 quidam
1015 2161 1238 2223 amplexus
1255 2160 1410 2220 fuisset,
1427 2165 1576 2224 pec‘lus

194 2231 281 2275 eius
317 2230 477 2276 adhesit
507 2231 549 2276 in
575 2232 667 2293 ipso
694 2248 926 2289 marmore,
956 2233 1000 2276 ὃς
1026 2249 1179 2277 manus
1204 2230 1333 2278 ambe
1359 2234 1403 2277 ὃς
1431 2233 1576 2294 palme

192 2302 236 2344 ὃ(
262 2299 386 2363 digiti
418 2301 461 2345 in
485 2301 574 2363 ipsa
600 2318 722 2364 petra
749 2318 975 2364 apparent,
1007 2302 1065 2347 ita
1098 2318 1142 2347 ut
1166 2301 1269 2348 inde
1296 2320 1375 2364 pro
1403 2301 1575 2367 singulis

191 2370 473 2435 languoribus
498 2373 697 2418 mensura
716 2373 905 2431 tollatur,
925 2375 969 2418 ὃ(
991 2374 1065 2435 qui
1083 2374 1197 2419 circa
1216 2374 1381 2419 collum
1400 2372 1574 2433 habent,

193 2443 407 2489 sanantur.
436 2446 479 2488 ln
504 2444 593 2506 ipsa
617 2443 826 2490 columna
852 2444 910 2489 est
933 2461 1069 2490 cornu
1102 2444 1220 2504 illud,
1253 2444 1307 2491 de
1338 2462 1427 2507 quo
1453 2462 1574 2509 reges

192 2513 478 2577 ungebantur,
506 2518 550 2559 δε
581 2514 738 2560 David.
775 2514 832 2560 Ibi
863 2516 920 2560 cst
950 2518 994 2560 ὃς
1018 2519 1341 2577 σοι-οιιαδζρίηειι,
1370 2533 1455 2578 qua
1481 2517 1573 2561 Do—

194 2588 333 2630 minus
355 2587 431 2630 suit
449 2603 698 2645 coronatus,
718 2589 761 2631 6<
776 2589 929 2643 lancea,
947 2587 1000 2632 dc
1021 2605 1106 2649 qua
1127 2588 1167 2632 in
1192 2588 1318 2633 latere
1340 2587 1572 2650 percussus,

240 2757 267 2776 a.
298 2748 330 2777 st.
360 2745 531 2790 scalptum.
