2216 3435
514 216 517 219 -
571 188 687 247 xlviij
1111 204 1405 240 PRAEFATIO.

1116 391 1421 425 ADDENDA.

622 499 669 540 P.
690 503 767 554 xix,
784 514 870 544 nota
892 517 980 545 2.-—
991 505 1152 546 Turrim
1169 508 1419 559 maritimam,
1433 509 1475 547 de
1493 524 1568 562 qua
1586 510 1763 550 nonnulla
1783 510 1953 568 disputa-

566 564 701 617 vimus,
729 582 851 608 unam
886 569 1058 624 habutſje
1079 580 1263 622 catenam,
1271 573 1373 630 satis
1404 583 1568 627 apparet
1586 591 1627 614 ex
1646 576 1775 616 verbis
1794 577 1955 617 auetoris

566 633 717 672 arabici
735 633 874 674 Khulil
898 634 1074 687 Dhaher,
1096 652 1178 688 quae
1210 637 1387 687 Silvestre
1411 639 1454 678 de
1483 638 1587 693 Sacy,
1609 640 1954 687 (Chrestomathie

564 697 698 748 arabe,
727 700 810 740 edit.
831 712 868 751 2,
896 700 1007 752 1826,
1028 701 1087 753 II,
1102 712 1142 755 p.
1167 705 1201 756 7)
1229 704 1375 744 vertit:
1403 721 1419 741 «
1436 704 1495 744 Εη
1515 715 1569 745 cet
1585 706 1730 746 endroit
1734 707 1826 764 sont
1847 708 1953 746 deux

568 779 582 799 «
608 774 722 805 tours
751 766 875 817 hc‘ities,
905 767 1011 807 l'une
1043 768 1138 807 dans
1166 768 1370 820 Damiette,
1399 769 1541 810 l'autre
1570 787 1612 810 en
1631 772 1721 824 face
1749 773 1793 812 de
1816 773 1956 813 celle-ci

568 846 582 864 «
597 829 677 886 sur
697 829 736 870 la
755 831 841 870 rive
867 833 1083 872 occidentale
1114 833 1163 872 du
1184 833 1270 874 Νἰῖ.
1310 834 1383 874 Les
1416 835 1622 890 vafflaux
1653 837 1717 890 qui
1727 853 1752 891 y
1770 847 1958 892 prennent

566 910 581 930 «
608 903 720 946 terre,
736 896 891 950 paffent
922 907 1021 938 entre
1048 914 1100 939 ces
1131 900 1226 939 deux
1254 908 1367 950 tours,
1391 901 1603 954 auxquelles
1626 904 1676 954 est
1700 902 1863 943 attachee
1885 918 1954 943 une

567 976 581 995 <<
607 959 749 1012 chaine,
769 962 844 1015 afin
876 963 1062 1015 qu’aucun
1098 965 1276 1004 bdtiment
1299 981 1342 1006 ne
1365 966 1491 1020 putssse²
1509 982 1535 1020 y
1560 966 1697 1021 paffir
1713 969 1813 1026 sans
1841 968 1953 1009 avoir

567 1042 581 1061 «
608 1026 734 1065 obtenu
764 1027 806 1067 la
819 1028 1030 1083 permzffion
1061 1030 1110 1069 du
1143 1031 1407 1071 commandant
1432 1032 1475 1071 de
1501 1032 1540 1071 la
1562 1032 1684 1086 place.
1702 1050 1717 1069 ›>
1751 1033 1852 1073 Haec
1883 1049 1953 1073 non

562 1090 834 1144 confirmantur
847 1094 993 1146 gallica
1012 1095 1177 1150 versione
1207 1095 1434 1137 Relationis
1463 1097 1574 1148 illius,
1604 1098 1809 1139 Innocentio
1829 1099 1905 1139 III
1929 1115 1954 1140 a

558 1156 788 1210 patriarcha
819 1158 1158 1217 Hierosolymitano
1195 1160 1416 1213 (swonacho)
1455 1163 1578 1216 miffae
1620 1163 1762 1218 (Hops,
1794 1165 1952 1206 Chron.

564 1222 826 1274 gr6co-rom.‚
848 1224 927 1278 33).

617 1303 663 1343 P.
684 1304 762 1357 xxj,
782 1321 818 1346 n.
838 1319 875 1358 4.
903 1306 981 1358 Eis,
1002 1323 1083 1361 quae
1113 1310 1155 1349 de
1185 1312 1287 1365 urbe,
1306 1312 1511 1363 Damiata,
1532 1322 1573 1368 p.
1599 1314 1652 1365 ogs,
1681 1322 1765 1354 nota
1783 1326 1822 1366 4,
1844 1322 1950 1353 nota-

562 1369 700 1419 vimus,
719 1369 915 1410 addatur:

618 1434 682 1474 De
702 1435 912 1475 commercio
932 1438 1036 1477 urbis
1059 1437 1274 1491 Damiatae,
1293 1441 1437 1495 saeculis
1456 1442 1549 1483 XV
1577 1444 1621 1482 ἔθ’
1653 1443 1702 1482 X
1705 1442 1768 1484 VI
1772 1444 1951 1498 florente,

564 1500 736 1553 conferas
755 1499 904 1541 Gilbert
922 1502 965 1541 de
982 1501 1138 1557 Lannoy
1157 1503 1344 1546 OEuvres
1367 1508 1435 1559 (ed.
1456 1507 1607 1559 Potvin,
1624 1507 1804 1548 Louvain
1825 1508 1953 1562 1878),

560 1575 600 1619 p.
620 1565 997 1620 130-139,&Heyd,
1008 1567 1256 1609 Geschichte
1270 1570 1339 1611 des
1352 1571 1708 1613 Levantehandels
1720 1574 1775 1613 im
1789 1573 1953 1614 Mittel-

562 1630 679 1682 alter,
694 1630 825 1684 Stuttg.
851 1631 963 1685 1879,
984 1632 1019 1684 I,
1038 1645 1116 1687 423
1125 1634 1248 1692 fiqq·;
1270 1635 1329 1687 ll,
1344 1637 1369 1678 6
1376 1638 1500 1695 seqq.;
1517 1638 1595 1690 428
1604 1639 1711 1696 fiqq.

619 1712 667 1752 P.
689 1724 753 1765 25,
774 1712 837 1752 lin.
859 1713 970 1754 8-10.
983 1738 1032 1742 —
1050 1714 1247 1768 Sententia,
1268 1733 1379 1771 quam
1406 1734 1509 1771 eques
1523 1719 1742 1775 chrssianus
1755 1721 1954 1775 protultffi

558 1777 705 1830 fhrtur,
734 1777 859 1832 primo
894 1794 918 1818 α
949 1778 1079 1819 Iacobo
1110 1781 1153 1820 de
1193 1781 1234 1822 V
1229 1782 1361 1822 itriaco
1390 1784 1536 1824 tradita
1552 1785 1682 1839 suff
1723 1785 1873 1836 dicitur,
1901 1786 1954 1825 his

562 1844 705 1882 verbis:
728 1859 744 1879 «
764 1842 801 1883 O
823 1844 908 1883 bone
928 1844 1088 1896 morello,
1097 1855 1170 1899 per
1189 1847 1327 1888 multas
1346 1849 1465 1889 dietas
1477 1849 1651 1890 velociter
1662 1850 1700 1890 in
1715 1851 1868 1905 guerris
1880 1851 1938 1904 (ὅ
1940 1861 1950 1904 )

562 1908 746 1961 tyrociniis
757 1909 914 1963 portasti
932 1925 986 1950 me
1007 1921 1138 1952 contra
1149 1912 1278 1953 Deum
1298 1915 1434 1973 versus
1446 1915 1638 1970 infernum
1650 1936 1666 1962 ,·
1687 1918 1787 1956 modo
1802 1918 1953 1958 emenda

564 1972 667 2024 mihi,
684 1982 726 2012 ut
740 1972 811 2013 huc
828 1990 906 2014 una
927 1976 984 2015 die
992 1986 1118 2031 portes
1136 1994 1191 2019 me
1209 1979 1247 2018 in
1265 1979 1500 2039 Paradisum
1515 1981 1534 2021 J
1543 1997 1558 2017 >>
1584 1981 1750 2034 (Etienne
1769 1983 1812 2022 de
1826 1983 1952 2024 Bour-

569 2039 648 2090 bon,
669 2038 723 2078 ed.
745 2038 860 2093 Lecoy
877 2040 920 2080 de
939 2040 979 2081 la
998 2040 1186 2095 Marche,
1210 2044 1324 2085 Paris
1348 2046 1460 2099 1877,
1475 2056 1515 2099 p.
1535 2052 1614 2100 92).

615 2121 662 2162 P.
685 2122 769 2163 181.
792 2148 841 2151 —
865 2123 945 2164 Pro
973 2123 1153 2177 Dausan,
1183 2128 1284 2181 legas
1309 2128 1464 2168 Bausan
1495 2130 1538 2169 id
1558 2130 1604 2184 ss
1626 2129 1848 2171 Beauseans
1864 2131 1952 2185 five

561 2186 843 2241 templariorum
864 2189 1060 2230 vexillum
1092 2191 1309 2233 balzanum
1318 2214 1334 2240 ‚·
1357 2194 1407 2247 cf:
1442 2193 1534 2248 Jac.
1552 2195 1595 2233 de
1620 2193 1660 2235 V
1656 2195 1734 2245 itr.,
1755 2194 1857 2235 Hist.
1879 2211 1952 2247 or.,

555 2259 594 2303 p.
620 2251 706 2302 118,
739 2251 1007 2306 Innominatus,
1036 2260 1078 2294 n⁰
1117 2256 1158 2298 V
1183 2257 1419 2309 (Neumann,
1454 2257 1793 2312 Pilgersthristen,
1825 2260 1952 2312 Wien,

566 2315 679 2367 1866,
699 2317 814 2371 in-8),
829 2329 869 2373 p.
890 2320 978 2373 264.
