2216 3435
506 285 572 317 DE
598 283 830 316 IOHANNE
856 282 989 316 REGE
1014 280 1317 314 IERUSALEM.
1514 277 1596 330 135

236 432 290 479 de
314 433 483 479 civitate
506 433 551 476 ὃς
574 447 849 493 perrexerunt
873 429 929 475 ad
953 430 1186 475 tentorium
1211 427 1380 473 domini
1402 427 1535 490 legati
1558 429 1602 472 &
1625 445 1702 475 1219

237 521 337 550 cum
360 521 459 565 rege
482 504 527 547 ὅ(
552 519 652 547 cum
677 501 880 548 omnibus
906 501 995 547 aliis
1017 500 1152 545 locuti
1177 499 1358 545 fuerunt.

299 575 471 619 LII-LIII.
491 574 636 618 Tertia
656 572 725 618 die
737 574 920 618 intrante
935 569 1210 626 Novembris,
1226 571 1269 614 in
1282 569 1352 615 die
1367 568 1603 627 dominica,
1624 585 1703 613 Nov.
1722 593 1748 622 3.

236 645 291 691 ad
306 644 496 690 mediam
509 647 685 689 noclem
696 659 906 690 venerunt
917 643 1040 687 multi
1052 642 1272 688 Sarraceni
1285 643 1329 686 ὃς
1342 642 1606 687 intraverunt

235 716 350 761 licias
378 716 553 771 nostras,
590 717 634 760 ὃς
654 713 859 761 volebant
885 716 1039 759 intrare
1064 714 1110 758 in
1135 713 1369 770 civitatem,
1403 714 1447 757 ὃς
1470 711 1606 757 nullus

236 785 411 833 videbat
424 804 512 844 eos,
532 788 576 831 ὅ(
597 787 814 831 Dominus
828 786 1049 848 inspiravit
1069 782 1292 845 quandam
1305 782 1543 839 mulierem,
1563 784 1607 827 &

236 859 364 904 exivit
389 858 502 902 foras
528 860 572 902 ὅ(
598 858 764 902 sentivit
789 874 879 914 eos,
904 858 948 900 ὃς
972 857 1161 900 exierunt
1179 853 1409 899 Christiani
1435 852 1541 898 nudi
1563 855 1608 898 ὃς

236 929 370 975 vestiti
397 931 441 973 ὃς
465 928 676 990 templarii
701 930 745 973 ὅ(
762 927 1040 990 hospitalarij‚
1061 927 1135 988 qui
1157 941 1276 971 erant
1300 923 1355 969 ad
1380 924 1608 986 capellam,

236 1002 281 1045 ἃ
305 997 380 1061 ipsi
404 1001 622 1045 Sarraceni
645 1001 909 1045 intraverunt
944 999 988 1042 in
1013 997 1121 1042 locis
1146 994 1330 1058 aquosis,
1368 997 1412 1040 ὃς
1436 994 1495 1041 ibi
1521 996 1608 1041 fue-

237 1087 335 1116 runt
360 1069 534 1116 ducenti
559 1073 604 1116 &
628 1071 742 1132 capti
767 1071 984 1132 sexaginta
1007 1070 1052 1113 ὅς
1078 1067 1182 1125 dUO3
1208 1082 1385 1112 centum
1405 1065 1609 1112 undecim

236 1143 501 1188 intraverunt
533 1143 577 1186 in
602 1143 834 1199 civitatem,
870 1143 915 1186 ὃς
939 1140 1007 1199 alij
1040 1140 1242 1202 fugerunt
1266 1154 1394 1195 retr0‚
1433 1140 1477 1183 ὃς
1507 1154 1611 1184 tunc

237 1213 435 1258 mulieres
478 1212 741 1259 occidebant
781 1230 869 1271 eos,
918 1211 1020 1256 ficut
1058 1210 1256 1255 homines
1297 1210 1341 1253 ὃς
1381 1208 1611 1254 Christiani

238 1286 415 1346 paflum
459 1285 719 1347 respuerunt,
761 1285 806 1328 ἂ
838 1284 1114 1345 proiecerunt
1155 1280 1297 1341 capita
1338 1296 1610 1325 mortuorum

238 1355 351 1399 foras
377 1371 475 1400 ante
497 1354 739 1411 soldanum,
766 1355 811 1398 ὃς
835 1370 1024 1416 corpora
1048 1368 1147 1397 ante
1172 1368 1320 1395 muros
1345 1351 1540 1410 civitatis,
1565 1367 1612 1396 ut

239 1427 378 1489 magis
424 1425 633 1471 dolerent.
673 1425 717 1469 Et
758 1441 860 1470 tunc
904 1440 995 1469 tota
1029 1440 1136 1487 gens
1176 1422 1319 1467 nostra
1361 1420 1494 1468 divisa
1535 1422 1612 1467 fuit

238 1513 314 1558 per
348 1495 617 1555 constablias‚
658 1497 757 1558 quia
793 1495 1006 1557 putabant
1050 1495 1217 1540 fortiter
1247 1492 1332 1538 effe
1363 1494 1527 1556 agreffi,
1568 1495 1613 1539 ὃς

239 1584 488 1631 expugnati.

303 1639 403 1685 LIV.
425 1640 595 1702 Qinto
622 1639 691 1685 die
715 1641 900 1684 intrante
932 1635 1194 1684 Novembris
1222 1637 1266 1682 in
1297 1636 1442 1700 vigilia
1470 1637 1613 1682 Sanffl
1633 1643 1710 1673 Nov-
1729 1651 1756 1682 5-

239 1710 465 1769 Leonardi‚
485 1709 553 1757 die
573 1712 733 1769 Martis,
748 1712 789 1756 in
806 1709 950 1755 media
969 1713 1112 1768 ηοόὶε,
1125 1711 1169 1754 in
1190 1726 1275 1770 qua
1296 1708 1403 1754 hora
1421 1708 1613 1754 Christus

104 1793 123 1822 f.
141 1802 156 1831 3
162 1802 176 1832 5
195 1792 222 1822 b.
241 1782 473 1844 expoliavit
488 1784 530 1827 in
538 1782 723 1840 fernum,
737 1782 873 1827 Latini
886 1781 1120 1844 posuerunt
1134 1779 1292 1824 scalam
1303 1780 1428 1842 super
1440 1796 1613 1825 murum

240 1856 284 1899 ὃς
307 1855 573 1900 intraverunt
596 1854 640 1898 in
665 1870 777 1911 eam,
801 1870 991 1914 cumque
1016 1869 1100 1897 una
1126 1851 1236 1896 scala
1262 1851 1339 1896 fuit
1363 1849 1418 1896 ad
1442 1868 1614 1896 murum

241 1924 450 1987 apposita,
487 1925 619 1970 frad‘ca
645 1925 716 1982 est,
758 1926 802 1969 ὃς
841 1925 1033 1985 quinque
1058 1923 1287 1968 Christiani
1321 1923 1615 1967 remanserunt

240 1996 364 2055 intus,
384 1998 428 2040 ὃς
448 1995 517 2041 visi
536 1997 708 2041 fuerunt
727 2014 751 2041 a
772 1995 1027 2051 Sarraoenis,
1048 1997 1092 2039 ὃς
1112 1993 1423 2039 clamaverunt:
1443 1996 1613 2040 &idiuva

240 2085 326 2124 nos,
354 2070 541 2111 Sanc‘lum
573 2069 803 2128 Sepulcrum
831 2067 870 2111 ὃ»
896 2085 985 2111 vera
1013 2068 1149 2111 Crux!
1175 2064 1218 2109 Et
1243 2066 1360 2110 venit
1383 2064 1465 2110 alia
1492 2064 1616 2123 scala,

239 2139 283 2182 &
303 2137 531 2182 Christiani
557 2136 659 2182 ficut
677 2138 821 2201 angeli
839 2137 1090 2182 catervatim
1110 2135 1165 2181 ad
1188 2134 1444 2197 obsequium
1463 2135 1616 2181 Cruci-

239 2207 311 2253 fixi
335 2207 629 2267 ascenderunt,
645 2210 689 2254 ὃς
708 2208 859 2255 vexilla
878 2209 1031 2253 Sancte
1052 2208 1204 2252 Crucis
1228 2207 1272 2251 in
1299 2224 1349 2252 ea
1369 2207 1614 2268 posuerunt.

241 2279 398 2342 Pagani
433 2280 477 2324 in
507 2296 589 2325 tres
628 2296 759 2325 turres
794 2280 834 2325 se
859 2294 1238 2342 congregaverunt
1267 2279 1312 2323 δε
1342 2278 1618 2339 proiecerunt

241 2350 390 2412 ignem
416 2350 539 2412 super
569 2349 814 2409 bertrescaS,
849 2368 902 2396 eo
944 2348 1065 2412 quod
1102 2351 1211 2412 ignis
1248 2351 1292 2394 ὃς
1334 2349 1474 2394 fumus
1514 2346 1618 2393 essct

242 2418 409 2482 fignum
443 2420 639 2478 soldano,
667 2437 711 2466 ut
735 2423 794 2466 eis
816 2422 1084 2466 succurreret.
1120 2421 1245 2465 Tunc
1263 2419 1480 2464 infremuit
1502 2434 1617 2463 totus

245 2492 449 2536 exercitus
470 2491 827 2549 Christianorum,
852 2493 925 2553 qui
944 2507 1032 2536 crat
1056 2492 1098 2535 in
1118 2490 1282 2549 sabulo,
1310 2491 1409 2552 quia
1435 2488 1493 2534 nil
1517 2488 1617 2534 inde

247 2560 418 2619 sciebat,
451 2564 494 2607 ὅ(
525 2561 632 2608 vidit
658 2579 746 2608 tarn
781 2580 993 2626 inagnum
1020 2563 1169 2625 ignem
1195 2562 1236 2605 in
1266 2562 1449 2606 civitate.
1492 2561 1618 2605 Tunc

248 2633 375 2677 armis
405 2632 444 2677 se
477 2635 739 2691 munierunt,
763 2636 808 2678 ὅ(
832 2632 887 2678 ad
918 2633 1034 2678 licias
1063 2630 1391 2678 defendendum
1422 2647 1617 2676 cucurre-

306 2805 317 2826 1
351 2795 424 2827 Cod.
447 2805 534 2826 eum.
