2216 3435
543 261 950 296 CRUCIGERORUM
986 260 1363 294 RHENANORUM.
1577 258 1628 311 ῖς

266 412 392 474 Igitur
425 426 562 456 nonas
586 407 863 468 Novembris,
887 408 1104 454 Salvatore
1129 405 1281 452 mundi
1303 423 1525 470 regnante,
1553 406 1633 453 do·
1652 396 1774 468 §02⁹5

13 492 244 530 '.,f.12v0‚c.1.
262 483 385 527 mino
409 481 544 538 Petro,
571 478 800 525 Albanensi
826 480 1049 542 episcopo,
1080 477 1315 540 apostolice
1341 477 1448 523 sedis
1471 478 1633 541 legatO,

263 552 522 597 sollemniter
545 551 767 614 vigilante,
792 567 909 596 anno
928 551 1072 613 gracie
1096 546 1321 594 millesimo
1341 547 1634 594 ducentesimo

263 639 384 668 nono
411 621 585 667 decimo
613 639 740 684 capta
775 623 832 667 est
865 622 1069 667 Damiata
1095 618 1255 681 absque
1283 617 1526 678 dedicione,
1551 619 1636 665 sine

263 691 524 750 defensione,
548 693 618 737 seu
638 692 867 749 violencia,
887 690 972 736 fine
993 689 1330 753 depredacione,
1349 690 1417 735 vel
1436 691 1636 750 tumultu,

263 780 308 808 ut
333 764 409 808 soli
433 763 533 808 Filio
559 764 642 808 Dei
669 762 844 808 evidens
876 761 1108 808 ascribatur
1130 762 1325 818 vi&oria,
1367 762 1442 823 qui
1466 762 1635 823 populo

13 856 70 884 -‚p-
88 852 158 882 239,
174 855 198 873 c·
217 853 241 873 ¹·
261 835 337 879 suo
363 832 600 897 ingressum
625 835 668 878 in
693 834 905 897 Egyptum
931 834 1132 895 aspiravit
1161 835 1206 877 &
1229 831 1394 877 ibidem
1419 834 1527 879 vires
1556 835 1636 879 mi-

262 906 462 952 nistravit.
509 905 554 950 Et
591 922 691 950 cum
727 907 769 950 in
809 905 943 951 oculis
985 906 1096 968 regis
1135 902 1366 964 Babylonis
1412 921 1637 967 caperetur

262 978 423 1035 civitas,
462 993 552 1021 non
586 977 642 1022 est
672 977 809 1034 ausus,
847 976 1002 1022 Christi
1037 976 1206 1035 milites,
1243 974 1297 1021 ad
1340 973 1637 1021 defensionem

260 1065 434 1111 paratos
461 1065 585 1093 more
604 1048 680 1093 suo
705 1065 782 1110 per
800 1045 1005 1092 fossatum
1024 1048 1216 1092 nostrum
1242 1046 1450 1110 aggredi,
1475 1045 1637 1092 eodem

261 1135 460 1182 tempore
488 1117 641 1164 fluvius
667 1119 911 1164 excrescens
935 1119 1057 1180 aquis
1082 1116 1304 1163 uberrimis
1330 1116 1533 1164 fossatum
1557 1119 1636 1162 im-

259 1190 405 1252 plevit.
443 1190 532 1252 [pse
565 1207 668 1236 vero
707 1190 910 1235 confusus
949 1190 1127 1252 propria
1162 1189 1294 1234 castra
1329 1187 1560 1235 combuffit
1591 1191 1637 1235 ὅ(

261 1261 386 1325 fugit,
411 1263 528 1307 Deus
553 1277 714 1319 autem,
749 1262 823 1322 qui
847 1261 976 1306 tercia
1006 1259 1075 1305 die
1099 1277 1233 1322 aquas
1260 1259 1335 1306 sub
1359 1260 1634 1306 firmamento

262 1334 546 1396 congregavit
563 1333 607 1377 in
626 1332 775 1377 locum
797 1349 948 1390 unum,
973 1332 1062 1394 ipse
1083 1331 1186 1377 feria
1211 1333 1342 1377 tercia
1360 1329 1512 1377 mensis
1534 1333 1633 1391 Maij
1654 1345 1725 1374 Mai.
1745 1355 1770 1384 3·

261 1404 475 1467 agonistas
499 1403 596 1448 suos
618 1420 696 1466 per
721 1420 854 1464 aquas
880 1404 1008 1448 maris
1040 1401 1240 1465 perduxit
1263 1402 1319 1448 ad
1345 1419 1523 1465 portum
1547 1405 1635 1449 Da-

261 1476 408 1532 miate,
443 1473 622 1520 eosdem
648 1474 752 1519 feria
779 1474 908 1519 tercia
932 1473 1085 1520 mensis
1111 1472 1322 1533 Februarij
1350 1473 1536 1520 traduxit
1560 1491 1636 1537 per
1653 1489 1735 1518 Febr.
1752 1498 1779 1528 5-

260 1546 408 1591 Nilum
434 1544 488 1591 ad
514 1543 797 1591 obsidendam
822 1546 1055 1603 civitatem,
1075 1543 1193 1590 idem
1220 1544 1323 1590 feria
1341 1547 1463 1590 tertia
1481 1543 1635 1591 mensls

260 1616 520 1664 Novembris
554 1618 808 1662 Damiatam
846 1617 976 1678 cepit,
1016 1617 1128 1662 inter
1164 1633 1297 1678 aquas
1331 1614 1463 1662 sitam.
1506 1617 1636 1662 Hanc
1654 1630 1733 1659 Nov.
1745 1639 1772 1669 5·

261 1687 411 1734 urbem
435 1688 565 1735 vitule
590 1688 881 1733 consternanti
918 1685 1143 1749 possumus
1179 1687 1418 1733 assimilare.
1459 1690 1634 1734 Vitulam

7 1769 242 1808 '.‚f.12v0,c-2·
262 1759 530 1821 appellamus
572 1776 751 1822 propter
785 1761 872 1804 eius
907 1759 1127 1804 lasciviam
1163 1775 1232 1818 eO,
1274 1758 1396 1821 quod
1430 1758 1634 1822 piscibus,

262 1828 412 1876 avibus
437 1832 481 1876 δε
507 1831 687 1893 pascuis,
714 1831 948 1889 frumento,
974 1830 1106 1875 hortis
1130 1831 1175 1875 ὃς
1198 1832 1404 1892 pomeriis
1429 1830 1636 1891 abundet,

261 1901 559 1964 negociando,
575 1903 815 1964 pyraticam
828 1901 1048 1946 maliciam
1060 1900 1320 1958 exercendo,
1336 1900 1496 1947 deliciis
1517 1901 1636 1948 efflu-

260 1973 320 2017 xit
343 1974 386 2017 in
412 1973 553 2036 culpa,
589 1971 829 2035 pereffluxit
849 1973 893 2017 in
918 1972 1145 2035 gehenna,
1178 1971 1250 2017 sed
1275 1990 1360 2018 una
1384 1973 1492 2019 hora
1520 1975 1637 2020 venit

260 2042 470 2089 iudicium
509 2044 609 2089 eius.
650 2047 965 2103 Consternantem
1000 2042 1198 2102 dicimus,
1236 2043 1337 2105 quia
1370 2045 1503 2090 tercio
1528 2060 1637 2091 terre

262 2130 386 2158 motu
406 2113 669 2160 habitatores
689 2115 777 2159 eius
790 2115 1023 2177 perierunt,
1042 2114 1132 2176 ipsa
1150 2131 1296 2160 tamen
1313 2115 1482 2179 integra
1500 2133 1636 2162 rema-

261 2202 403 2243 nente,
440 2203 465 2231 a
489 2187 642 2232 Grecis
665 2188 710 2231 ὅς
733 2186 888 2231 Latinis
914 2186 1056 2248 primo
1085 2185 1163 2231 fuit
1187 2185 1367 2244 obsessa,
1404 2188 1478 2248 qui
1501 2185 1557 2233 ab
1586 2205 1637 2233 ea

261 2254 552 2313 discesserunt,
585 2256 743 2303 deinde
773 2275 797 2302 a
821 2258 975 2302 Latinis
998 2256 1073 2303 sub
1098 2257 1334 2316 Almarico,
1371 2276 1471 2322 rege
1496 2259 1636 2304 lhero-

263 2326 523 2385 solimitano,
567 2329 639 2390 qui
665 2328 843 2374 minime
868 2328 1160 2390 profecerunt,
1197 2327 1269 2373 sed
1293 2330 1386 2374 vice
1410 2330 1540 2375 tercia
1565 2346 1636 2375 rex

263 2416 415 2460 regum
437 2401 480 2444 &
495 2400 714 2444 Dominus
734 2398 1064 2445 dominancium
1084 2400 1207 2445 servis
1227 2400 1305 2444 suis
1330 2418 1428 2445 eam
1445 2399 1635 2459 tradidit,

0 2482 30 2530 ¹a,
47 2490 156 2519 pay),
175 2491 199 2510 c.
216 2490 242 2510 2.
267 2471 371 2513 [esus
398 2469 604 2527 Christus,
627 2470 699 2531 qui
725 2470 857 2515 vincit
880 2472 924 2515 ὃς
950 2488 1115 2533 regnat,
1140 2470 1349 2533 gloriatur
1370 2473 1415 2516 ὅ(
1438 2471 1633 2533 imperat.

262 2539 358 2584 Tali
385 2538 494 2585 duce
526 2539 737 2585 christiani
764 2541 932 2597 milites,
974 2542 1223 2586 Damiatam
1254 2542 1437 2605 ingressi,
1472 2542 1635 2604 plateas

263 2611 350 2655 eius
394 2627 667 2656 mortuorum
708 2610 988 2656 cadaveribus
1019 2613 1164 2657 stratas
1199 2613 1469 2671 invenerunt,
1511 2614 1635 2675 pesti-

262 2680 401 2726 lencia
420 2683 464 2726 ὅ(
485 2681 596 2726 fame
621 2682 924 2739 contritorum,
952 2699 1180 2745 argentum
1197 2684 1242 2728 δε
1259 2701 1426 2741 aurum,
1453 2684 1636 2729 multum

262 2752 387 2795 nimis
412 2769 582 2813 pannos
619 2753 784 2808 sericos,
813 2754 1145 2814 negociatorum
1170 2755 1301 2800 vestes
1340 2756 1551 2817 preciosas
1591 2757 1635 2801 ὅ(
