<?xml version="1.0" encoding="UTF-8"?>
<!DOCTYPE html PUBLIC "-//W3C//DTD XHTML 1.0 Transitional//EN"
    "http://www.w3.org/TR/xhtml1/DTD/xhtml1-transitional.dtd">
<html xmlns="http://www.w3.org/1999/xhtml" xml:lang="en" lang="en">
 <head>
  <title>
</title>
<meta http-equiv="Content-Type" content="text/html;charset=utf-8" />
  <meta name='ocr-system' content='tesseract 3.04.00' />
  <meta name='ocr-capabilities' content='ocr_page ocr_carea ocr_par ocr_line ocrx_word'/>
</head>
<body>
  <div class='ocr_page' id='page_1' title='image "./p1itinerahierosoly1tobl_0182.png"; bbox 0 0 2216 3435; ppageno 0'>
   <div class='ocr_carea' id='block_1_1' title="bbox 655 107 1625 147">
    <p class='ocr_par' dir='ltr' id='par_1_1' title="bbox 655 107 1625 147">
     <span class='ocr_line' id='line_1_1' title="bbox 655 107 1625 147; baseline -0.008 0"><span class='ocrx_word' id='word_1_1' title='bbox 655 119 668 147; x_wconf 84' lang='lat'>1</span> <span class='ocrx_word' id='word_1_2' title='bbox 684 116 742 147; x_wconf 87' lang='lat'><strong>20</strong></span> <span class='ocrx_word' id='word_1_3' title='bbox 1062 108 1358 143; x_wconf 85' lang='lat' dir='ltr'>ANTONINUS</span> <span class='ocrx_word' id='word_1_4' title='bbox 1394 107 1625 141; x_wconf 82' lang='lat' dir='ltr'><strong>MARTYR</strong></span> 
     </span>
    </p>
   </div>
   <div class='ocr_carea' id='block_1_2' title="bbox 652 251 2078 2762">
    <p class='ocr_par' dir='ltr' id='par_1_2' title="bbox 652 251 2066 2030">
     <span class='ocr_line' id='line_1_2' title="bbox 705 251 2034 309; baseline -0.008 -7"><span class='ocrx_word' id='word_1_5' title='bbox 705 259 865 303; x_wconf 79' lang='lat' dir='ltr'><strong>Exinde</strong></span> <span class='ocrx_word' id='word_1_6' title='bbox 896 258 1081 298; x_wconf 87' lang='lat' dir='ltr'><strong>venimus</strong></span> <span class='ocrx_word' id='word_1_7' title='bbox 1110 257 1149 296; x_wconf 90' lang='lat' dir='ltr'><strong>in</strong></span> <span class='ocrx_word' id='word_1_8' title='bbox 1182 255 1360 309; x_wconf 80' lang='lat' dir='ltr'><strong>partibus</strong></span> <span class='ocrx_word' id='word_1_9' title='bbox 1382 253 1506 307; x_wconf 87' lang='lat' dir='ltr'>Syrie,</span> <span class='ocrx_word' id='word_1_10' title='bbox 1540 253 1607 292; x_wconf 88' lang='lat' dir='ltr'><strong>ubi</strong></span> <span class='ocrx_word' id='word_1_11' title='bbox 1642 251 1855 305; x_wconf 90' lang='lat' dir='ltr'><strong>requiescit</strong></span> <span class='ocrx_word' id='word_1_12' title='bbox 1877 251 2034 291; x_wconf 61' lang='lat' dir='ltr'><strong>sanetus</strong></span> 
     </span>
     <span class='ocr_line' id='line_1_3' title="bbox 652 310 2035 372; baseline -0.009 -9"><span class='ocrx_word' id='word_1_13' title='bbox 652 321 866 370; x_wconf 79' lang='lat' dir='ltr'>Leontius,</span> <span class='ocrx_word' id='word_1_14' title='bbox 887 332 966 372; x_wconf 88' lang='lat' dir='ltr'><strong>que</strong></span> <span class='ocrx_word' id='word_1_15' title='bbox 988 318 1128 357; x_wconf 86' lang='lat' dir='ltr'><strong>civitas</strong></span> <span class='ocrx_word' id='word_1_16' title='bbox 1151 327 1335 368; x_wconf 85' lang='lat' dir='ltr'><strong>tempore</strong></span> <span class='ocrx_word' id='word_1_17' title='bbox 1351 311 1558 352; x_wconf 84' lang='lat' dir='ltr'><strong>Iustiniani</strong></span> <span class='ocrx_word' id='word_1_18' title='bbox 1581 312 1833 366; x_wconf 85' lang='lat' dir='ltr'><strong>imperatoris</strong></span> <span class='ocrx_word' id='word_1_19' title='bbox 1857 310 2035 350; x_wconf 84' lang='lat' dir='ltr'><strong>subversa</strong></span> 
     </span>
     <span class='ocr_line' id='line_1_4' title="bbox 653 371 2050 422; baseline -0.01 1"><span class='ocrx_word' id='word_1_20' title='bbox 653 382 707 422; x_wconf 89' lang='lat' dir='ltr'><strong>est</strong></span> <span class='ocrx_word' id='word_1_21' title='bbox 728 397 749 422; x_wconf 89' lang='lat' dir='ltr'><strong>a</strong></span> <span class='ocrx_word' id='word_1_22' title='bbox 771 392 871 420; x_wconf 85' lang='lat' dir='ltr'><strong>terre</strong></span> <span class='ocrx_word' id='word_1_23' title='bbox 888 388 1000 417; x_wconf 88' lang='lat' dir='ltr'><strong>motu</strong></span> <span class='ocrx_word' id='word_1_24' title='bbox 1015 390 1109 416; x_wconf 86' lang='lat' dir='ltr'><strong>cum</strong></span> <span class='ocrx_word' id='word_1_25' title='bbox 1122 375 1209 415; x_wconf 90' lang='lat' dir='ltr'><strong>aliis</strong></span> <span class='ocrx_word' id='word_1_26' title='bbox 1227 373 1470 413; x_wconf 86' lang='lat' dir='ltr'><strong>civitatibus.</strong></span> <span class='ocrx_word' id='word_1_27' title='bbox 1496 372 1695 412; x_wconf 82' lang='lat' dir='ltr'>Venimus</span> <span class='ocrx_word' id='word_1_28' title='bbox 1711 371 2050 421; x_wconf 63' lang='lat' dir='ltr'><strong>exindessibolo,</strong></span> 
     </span>
     <span class='ocr_line' id='line_1_5' title="bbox 654 429 2037 496; baseline -0.008 -16"><span class='ocrx_word' id='word_1_29' title='bbox 654 456 733 496; x_wconf 87' lang='lat' dir='ltr'><strong>que</strong></span> <span class='ocrx_word' id='word_1_30' title='bbox 755 437 894 492; x_wconf 81' lang='lat' dir='ltr'><strong>&amp;ipsa</strong></span> <span class='ocrx_word' id='word_1_31' title='bbox 923 437 1066 477; x_wconf 86' lang='lat' dir='ltr'><strong>civitas</strong></span> <span class='ocrx_word' id='word_1_32' title='bbox 1100 448 1192 474; x_wconf 87' lang='lat' dir='ltr'><strong>cum</strong></span> <span class='ocrx_word' id='word_1_33' title='bbox 1225 432 1415 472; x_wconf 84' lang='lat' dir='ltr'><strong>omnibus</strong></span> <span class='ocrx_word' id='word_1_34' title='bbox 1445 430 1623 470; x_wconf 89' lang='lat' dir='ltr'><strong>subversa</strong></span> <span class='ocrx_word' id='word_1_35' title='bbox 1645 430 1710 470; x_wconf 88' lang='lat' dir='ltr'><strong>est.</strong></span> <span class='ocrx_word' id='word_1_36' title='bbox 1734 429 1839 469; x_wconf 81' lang='lat' dir='ltr'><strong>Exin</strong></span> <span class='ocrx_word' id='word_1_37' title='bbox 1874 431 2037 470; x_wconf 88' lang='lat' dir='ltr'><strong>civitate</strong></span> 
     </span>
     <span class='ocr_line' id='line_1_6' title="bbox 653 489 2036 552; baseline -0.01 -11"><span class='ocrx_word' id='word_1_38' title='bbox 653 500 804 549; x_wconf 78' lang='lat' dir='ltr'>Triari,</span> <span class='ocrx_word' id='word_1_39' title='bbox 836 512 915 552; x_wconf 88' lang='lat' dir='ltr'><strong>que</strong></span> <span class='ocrx_word' id='word_1_40' title='bbox 946 496 983 536; x_wconf 59' lang='grc' dir='ltr'><strong>δε</strong></span> <span class='ocrx_word' id='word_1_41' title='bbox 1014 494 1094 548; x_wconf 87' lang='lat' dir='ltr'><strong>ipsa</strong></span> <span class='ocrx_word' id='word_1_42' title='bbox 1115 492 1295 532; x_wconf 86' lang='lat' dir='ltr'><strong>subversa</strong></span> <span class='ocrx_word' id='word_1_43' title='bbox 1316 490 1381 531; x_wconf 87' lang='lat' dir='ltr'><strong>est.</strong></span> <span class='ocrx_word' id='word_1_44' title='bbox 1414 489 1578 530; x_wconf 79' lang='lat' dir='ltr'><strong>Deinde</strong></span> <span class='ocrx_word' id='word_1_45' title='bbox 1601 491 1787 529; x_wconf 85' lang='lat' dir='ltr'><strong>venimus</strong></span> <span class='ocrx_word' id='word_1_46' title='bbox 1809 490 1848 528; x_wconf 90' lang='lat' dir='ltr'><strong>in</strong></span> <span class='ocrx_word' id='word_1_47' title='bbox 1871 490 2036 529; x_wconf 85' lang='lat' dir='ltr'><strong>civitate</strong></span> 
     </span>
     <span class='ocr_line' id='line_1_7' title="bbox 656 550 2038 614; baseline -0.009 -15"><span class='ocrx_word' id='word_1_48' title='bbox 656 556 966 614; x_wconf 80' lang='lat' dir='ltr'><strong>splendidissima</strong></span> <span class='ocrx_word' id='word_1_49' title='bbox 988 553 1189 602; x_wconf 55' lang='lat' dir='ltr'><strong>mericho,</strong></span> <span class='ocrx_word' id='word_1_50' title='bbox 1211 553 1250 591; x_wconf 91' lang='lat' dir='ltr'><strong>in</strong></span> <span class='ocrx_word' id='word_1_51' title='bbox 1273 565 1352 604; x_wconf 88' lang='lat' dir='ltr'><strong>qua</strong></span> <span class='ocrx_word' id='word_1_52' title='bbox 1372 565 1500 604; x_wconf 82' lang='lat' dir='ltr'>nuper</span> <span class='ocrx_word' id='word_1_53' title='bbox 1521 551 1595 590; x_wconf 87' lang='lat' dir='ltr'><strong>suit</strong></span> <span class='ocrx_word' id='word_1_54' title='bbox 1610 550 1786 590; x_wconf 88' lang='lat' dir='ltr'><strong>studium</strong></span> <span class='ocrx_word' id='word_1_55' title='bbox 1804 550 2038 597; x_wconf 81' lang='lat' dir='ltr'><strong>litterarum,</strong></span> 
     </span>
     <span class='ocr_line' id='line_1_8' title="bbox 656 608 2040 674; baseline -0.009 -15"><span class='ocrx_word' id='word_1_56' title='bbox 656 635 734 674; x_wconf 82' lang='lat' dir='ltr'><strong>que</strong></span> <span class='ocrx_word' id='word_1_57' title='bbox 770 618 911 658; x_wconf 84' lang='lat' dir='ltr'><strong>civitas</strong></span> <span class='ocrx_word' id='word_1_58' title='bbox 946 613 1124 653; x_wconf 83' lang='lat' dir='ltr'><strong>subversa</strong></span> <span class='ocrx_word' id='word_1_59' title='bbox 1161 612 1258 662; x_wconf 88' lang='lat' dir='ltr'><strong>fuit,</strong></span> <span class='ocrx_word' id='word_1_60' title='bbox 1300 611 1461 650; x_wconf 81' lang='lat' dir='ltr'><strong>dicente</strong></span> <span class='ocrx_word' id='word_1_61' title='bbox 1495 611 1612 651; x_wconf 90' lang='lat' dir='ltr'><strong>nobis</strong></span> <span class='ocrx_word' id='word_1_62' title='bbox 1646 610 1835 664; x_wconf 82' lang='lat' dir='ltr'><strong>episcopo</strong></span> <span class='ocrx_word' id='word_1_63' title='bbox 1867 608 2040 648; x_wconf 88' lang='lat' dir='ltr'><strong>civitatis</strong></span> 
     </span>
     <span class='ocr_line' id='line_1_9' title="bbox 657 668 2043 733; baseline -0.01 -14"><span class='ocrx_word' id='word_1_64' title='bbox 657 680 752 733; x_wconf 85' lang='lat' dir='ltr'><strong>quia</strong></span> <span class='ocrx_word' id='word_1_65' title='bbox 779 677 942 730; x_wconf 75' lang='lat' dir='ltr'><strong>cognite</strong></span> <span class='ocrx_word' id='word_1_66' title='bbox 971 675 1128 714; x_wconf 85' lang='lat' dir='ltr'><strong>fuerant</strong></span> <span class='ocrx_word' id='word_1_67' title='bbox 1149 671 1328 725; x_wconf 81' lang='lat' dir='ltr'><strong>persone,</strong></span> <span class='ocrx_word' id='word_1_68' title='bbox 1361 682 1534 723; x_wconf 75' lang='lat' dir='ltr'><strong>excepto</strong></span> <span class='ocrx_word' id='word_1_69' title='bbox 1557 671 1777 724; x_wconf 75' lang='lat' dir='ltr'><strong>peregrinis</strong></span> <span class='ocrx_word' id='word_1_70' title='bbox 1804 669 1873 723; x_wconf 87' lang='lat' dir='ltr'><strong>qui</strong></span> <span class='ocrx_word' id='word_1_71' title='bbox 1896 668 1949 707; x_wconf 89' lang='lat' dir='ltr'><strong>ibi</strong></span> <span class='ocrx_word' id='word_1_72' title='bbox 1973 681 2043 720; x_wconf 92' lang='lat' dir='ltr'><strong>pe-</strong></span> 
     </span>
     <span class='ocr_line' id='line_1_10' title="bbox 657 728 2044 788; baseline -0.009 -10"><span class='ocrx_word' id='word_1_73' title='bbox 657 740 814 778; x_wconf 87' lang='lat' dir='ltr'><strong>rierant.</strong></span> <span class='ocrx_word' id='word_1_74' title='bbox 838 734 924 788; x_wconf 83' lang='lat' dir='ltr'><strong>Ipsa</strong></span> <span class='ocrx_word' id='word_1_75' title='bbox 944 734 1086 773; x_wconf 89' lang='lat' dir='ltr'><strong>civitas</strong></span> <span class='ocrx_word' id='word_1_76' title='bbox 1114 732 1219 770; x_wconf 88' lang='lat' dir='ltr'><strong>iacet</strong></span> <span class='ocrx_word' id='word_1_77' title='bbox 1248 730 1316 769; x_wconf 92' lang='lat' dir='ltr'><strong>sub</strong></span> <span class='ocrx_word' id='word_1_78' title='bbox 1338 741 1532 770; x_wconf 85' lang='lat' dir='ltr'><strong>montana</strong></span> <span class='ocrx_word' id='word_1_79' title='bbox 1563 730 1724 770; x_wconf 85' lang='lat' dir='ltr'><strong>Libani.</strong></span> <span class='ocrx_word' id='word_1_80' title='bbox 1754 730 1792 769; x_wconf 86' lang='lat' dir='ltr'><strong>A</strong></span> <span class='ocrx_word' id='word_1_81' title='bbox 1816 728 1953 768; x_wconf 81' lang='lat' dir='ltr'><strong>Berito</strong></span> <span class='ocrx_word' id='word_1_82' title='bbox 1975 740 2044 765; x_wconf 90' lang='lat' dir='ltr'><strong>ve-</strong></span> 
     </span>
     <span class='ocr_line' id='line_1_11' title="bbox 662 787 2044 849; baseline -0.009 -12"><span class='ocrx_word' id='word_1_83' title='bbox 662 798 797 838; x_wconf 83' lang='lat' dir='ltr'><strong>nimus</strong></span> <span class='ocrx_word' id='word_1_84' title='bbox 819 796 994 849; x_wconf 85' lang='lat' dir='ltr'><strong>Sydone,</strong></span> <span class='ocrx_word' id='word_1_85' title='bbox 1024 807 1103 845; x_wconf 86' lang='lat' dir='ltr'><strong>que</strong></span> <span class='ocrx_word' id='word_1_86' title='bbox 1134 806 1183 830; x_wconf 86' lang='lat' dir='ltr'><strong>ex</strong></span> <span class='ocrx_word' id='word_1_87' title='bbox 1217 801 1328 843; x_wconf 84' lang='lat' dir='ltr'><strong>parte</strong></span> <span class='ocrx_word' id='word_1_88' title='bbox 1362 790 1454 840; x_wconf 88' lang='lat' dir='ltr'><strong>ruit,</strong></span> <span class='ocrx_word' id='word_1_89' title='bbox 1489 789 1527 830; x_wconf 85' lang='lat'>&amp;</span> <span class='ocrx_word' id='word_1_90' title='bbox 1557 789 1637 842; x_wconf 88' lang='lat' dir='ltr'><strong>ipsa</strong></span> <span class='ocrx_word' id='word_1_91' title='bbox 1672 790 1838 828; x_wconf 85' lang='lat' dir='ltr'><strong>adheret</strong></span> <span class='ocrx_word' id='word_1_92' title='bbox 1870 787 2044 827; x_wconf 91' lang='lat' dir='ltr'><strong>Libano.</strong></span> 
     </span>
     <span class='ocr_line' id='line_1_12' title="bbox 667 846 2046 904; baseline -0.009 -7"><span class='ocrx_word' id='word_1_93' title='bbox 667 856 868 897; x_wconf 85' lang='lat' dir='ltr'><strong>Homines</strong></span> <span class='ocrx_word' id='word_1_94' title='bbox 902 854 940 893; x_wconf 88' lang='lat' dir='ltr'><strong>in</strong></span> <span class='ocrx_word' id='word_1_95' title='bbox 968 867 1014 891; x_wconf 89' lang='lat' dir='ltr'><strong>ea</strong></span> <span class='ocrx_word' id='word_1_96' title='bbox 1045 850 1209 904; x_wconf 81' lang='lat' dir='ltr'><strong>pessimi.</strong></span> <span class='ocrx_word' id='word_1_97' title='bbox 1242 848 1332 888; x_wconf 87' lang='lat' dir='ltr'><strong>[llic</strong></span> <span class='ocrx_word' id='word_1_98' title='bbox 1354 849 1478 888; x_wconf 90' lang='lat' dir='ltr'><strong>currit</strong></span> <span class='ocrx_word' id='word_1_99' title='bbox 1498 849 1642 888; x_wconf 84' lang='lat' dir='ltr'><strong>fluvius</strong></span> <span class='ocrx_word' id='word_1_100' title='bbox 1665 848 1877 901; x_wconf 84' lang='lat' dir='ltr'><strong>Asclepius</strong></span> <span class='ocrx_word' id='word_1_101' title='bbox 1898 847 1935 887; x_wconf 85' lang='lat'>&amp;</span> <span class='ocrx_word' id='word_1_102' title='bbox 1957 846 2046 886; x_wconf 87' lang='lat' dir='ltr'><strong>fons</strong></span> 
     </span>
     <span class='ocr_line' id='line_1_13' title="bbox 662 906 2047 967; baseline -0.008 -12"><span class='ocrx_word' id='word_1_103' title='bbox 662 917 769 956; x_wconf 89' lang='lat' dir='ltr'><strong>unde</strong></span> <span class='ocrx_word' id='word_1_104' title='bbox 801 914 921 967; x_wconf 78' lang='lat' dir='ltr'><strong>surgit</strong></span> <span class='ocrx_word' id='word_1_105' title='bbox 950 912 1034 952; x_wconf 87' lang='lat' dir='ltr'><strong>stat.</strong></span> <span class='ocrx_word' id='word_1_106' title='bbox 1071 909 1138 950; x_wconf 92' lang='lat' dir='ltr'><strong>De</strong></span> <span class='ocrx_word' id='word_1_107' title='bbox 1160 910 1321 963; x_wconf 88' lang='lat' dir='ltr'><strong>Sydone</strong></span> <span class='ocrx_word' id='word_1_108' title='bbox 1353 908 1539 948; x_wconf 89' lang='lat' dir='ltr'><strong>venimus</strong></span> <span class='ocrx_word' id='word_1_109' title='bbox 1561 907 1767 961; x_wconf 88' lang='lat' dir='ltr'><strong>Sareptha,</strong></span> <span class='ocrx_word' id='word_1_110' title='bbox 1797 921 1876 961; x_wconf 90' lang='lat' dir='ltr'><strong>que</strong></span> <span class='ocrx_word' id='word_1_111' title='bbox 1906 906 2047 945; x_wconf 80' lang='lat' dir='ltr'><strong>civitas</strong></span> 
     </span>
     <span class='ocr_line' id='line_1_14' title="bbox 662 965 2046 1022; baseline -0.007 -7"><span class='ocrx_word' id='word_1_112' title='bbox 662 975 824 1015; x_wconf 90' lang='lat' dir='ltr'><strong>modica</strong></span> <span class='ocrx_word' id='word_1_113' title='bbox 855 973 893 1013; x_wconf 86' lang='lat'>&amp;</span> <span class='ocrx_word' id='word_1_114' title='bbox 914 971 1030 1012; x_wconf 89' lang='lat' dir='ltr'><strong>valde</strong></span> <span class='ocrx_word' id='word_1_115' title='bbox 1052 969 1263 1010; x_wconf 86' lang='lat' dir='ltr'><strong>christiana</strong></span> <span class='ocrx_word' id='word_1_116' title='bbox 1285 968 1353 1019; x_wconf 85' lang='lat' dir='ltr'><strong>est,</strong></span> <span class='ocrx_word' id='word_1_117' title='bbox 1381 969 1420 1007; x_wconf 91' lang='lat' dir='ltr'><strong>in</strong></span> <span class='ocrx_word' id='word_1_118' title='bbox 1444 983 1523 1022; x_wconf 90' lang='lat' dir='ltr'><strong>qua</strong></span> <span class='ocrx_word' id='word_1_119' title='bbox 1545 968 1788 1007; x_wconf 83' lang='lat' dir='ltr'><strong>cenaculum</strong></span> <span class='ocrx_word' id='word_1_120' title='bbox 1810 967 1908 1006; x_wconf 89' lang='lat' dir='ltr'><strong>illud</strong></span> <span class='ocrx_word' id='word_1_121' title='bbox 1936 965 2046 1019; x_wconf 90' lang='lat' dir='ltr'><strong>quod</strong></span> 
     </span>
     <span class='ocr_line' id='line_1_15' title="bbox 663 1027 2050 1084; baseline -0.007 -10"><span class='ocrx_word' id='word_1_122' title='bbox 663 1035 815 1075; x_wconf 59' lang='lat' dir='ltr'><strong>saecum</strong></span> <span class='ocrx_word' id='word_1_123' title='bbox 837 1034 963 1072; x_wconf 89' lang='lat' dir='ltr'><strong>fuerat</strong></span> <span class='ocrx_word' id='word_1_124' title='bbox 985 1030 1117 1084; x_wconf 88' lang='lat' dir='ltr'><strong>Helye</strong></span> <span class='ocrx_word' id='word_1_125' title='bbox 1139 1029 1177 1069; x_wconf 81' lang='lat'>&amp;</span> <span class='ocrx_word' id='word_1_126' title='bbox 1198 1029 1350 1069; x_wconf 60' lang='lat' dir='ltr'><strong>lecs’tum</strong></span> <span class='ocrx_word' id='word_1_127' title='bbox 1372 1028 1438 1067; x_wconf 92' lang='lat' dir='ltr'><strong>ubi</strong></span> <span class='ocrx_word' id='word_1_128' title='bbox 1462 1028 1659 1078; x_wconf 87' lang='lat' dir='ltr'><strong>recubuit,</strong></span> <span class='ocrx_word' id='word_1_129' title='bbox 1694 1027 1731 1067; x_wconf 68' lang='grc' dir='ltr'><strong>ἅτ</strong></span> <span class='ocrx_word' id='word_1_130' title='bbox 1753 1027 1853 1067; x_wconf 90' lang='lat' dir='ltr'><strong>alius</strong></span> <span class='ocrx_word' id='word_1_131' title='bbox 1875 1039 2050 1065; x_wconf 87' lang='lat' dir='ltr'><strong>marmo-</strong></span> 
     </span>
     <span class='ocr_line' id='line_1_16' title="bbox 664 1083 2051 1140; baseline -0.009 -6"><span class='ocrx_word' id='word_1_132' title='bbox 664 1109 753 1134; x_wconf 89' lang='lat' dir='ltr'><strong>reus</strong></span> <span class='ocrx_word' id='word_1_133' title='bbox 770 1092 914 1132; x_wconf 86' lang='lat' dir='ltr'><strong>ubiilla</strong></span> <span class='ocrx_word' id='word_1_134' title='bbox 927 1091 1048 1129; x_wconf 90' lang='lat' dir='ltr'><strong>vidua</strong></span> <span class='ocrx_word' id='word_1_135' title='bbox 1065 1089 1332 1128; x_wconf 82' lang='lat' dir='ltr'><strong>fermentavit.</strong></span> <span class='ocrx_word' id='word_1_136' title='bbox 1350 1086 1396 1126; x_wconf 88' lang='lat' dir='ltr'><strong>[n</strong></span> <span class='ocrx_word' id='word_1_137' title='bbox 1414 1102 1495 1140; x_wconf 85' lang='lat' dir='ltr'><strong>quo</strong></span> <span class='ocrx_word' id='word_1_138' title='bbox 1510 1087 1602 1126; x_wconf 92' lang='lat' dir='ltr'><strong>loco</strong></span> <span class='ocrx_word' id='word_1_139' title='bbox 1619 1087 1748 1126; x_wconf 87' lang='lat' dir='ltr'><strong>multa</strong></span> <span class='ocrx_word' id='word_1_140' title='bbox 1763 1085 1997 1135; x_wconf 79' lang='lat' dir='ltr'><strong>offeruntur,</strong></span> <span class='ocrx_word' id='word_1_141' title='bbox 2013 1083 2051 1123; x_wconf 88' lang='lat'>&amp;</span> 
     </span>
     <span class='ocr_line' id='line_1_17' title="bbox 665 1148 2053 1202; baseline -0.006 -6"><span class='ocrx_word' id='word_1_142' title='bbox 665 1158 833 1196; x_wconf 87' lang='lat' dir='ltr'><strong>virtutes</strong></span> <span class='ocrx_word' id='word_1_143' title='bbox 867 1153 994 1192; x_wconf 91' lang='lat' dir='ltr'><strong>multe</strong></span> <span class='ocrx_word' id='word_1_144' title='bbox 1023 1151 1136 1191; x_wconf 86' lang='lat' dir='ltr'><strong>fiunt.</strong></span> <span class='ocrx_word' id='word_1_145' title='bbox 1159 1149 1414 1190; x_wconf 79' lang='lat' dir='ltr'><strong>Exeuntibus</strong></span> <span class='ocrx_word' id='word_1_146' title='bbox 1446 1150 1564 1190; x_wconf 89' lang='lat' dir='ltr'><strong>nobis</strong></span> <span class='ocrx_word' id='word_1_147' title='bbox 1586 1151 1635 1188; x_wconf 91' lang='lat' dir='ltr'><strong>de</strong></span> <span class='ocrx_word' id='word_1_148' title='bbox 1657 1149 1834 1202; x_wconf 80' lang='lat' dir='ltr'><strong>Sarepta,</strong></span> <span class='ocrx_word' id='word_1_149' title='bbox 1867 1148 2053 1188; x_wconf 88' lang='lat' dir='ltr'><strong>venimus</strong></span> 
     </span>
     <span class='ocr_line' id='line_1_18' title="bbox 666 1207 2055 1265; baseline -0.007 -9"><span class='ocrx_word' id='word_1_150' title='bbox 666 1218 706 1256; x_wconf 92' lang='lat' dir='ltr'><strong>in</strong></span> <span class='ocrx_word' id='word_1_151' title='bbox 734 1215 898 1255; x_wconf 87' lang='lat' dir='ltr'><strong>civitate</strong></span> <span class='ocrx_word' id='word_1_152' title='bbox 918 1211 1049 1265; x_wconf 75' lang='lat' dir='ltr'><strong>Tyro.</strong></span> <span class='ocrx_word' id='word_1_153' title='bbox 1085 1211 1123 1250; x_wconf 87' lang='lat' dir='ltr'>A</span> <span class='ocrx_word' id='word_1_154' title='bbox 1153 1210 1271 1263; x_wconf 76' lang='lat' dir='ltr'><strong>Tyro</strong></span> <span class='ocrx_word' id='word_1_155' title='bbox 1303 1209 1426 1262; x_wconf 78' lang='lat' dir='ltr'><strong>usque</strong></span> <span class='ocrx_word' id='word_1_156' title='bbox 1464 1209 1685 1262; x_wconf 85' lang='lat' dir='ltr'><strong>Sareptam,</strong></span> <span class='ocrx_word' id='word_1_157' title='bbox 1716 1209 1911 1248; x_wconf 86' lang='lat' dir='ltr'><strong>continue</strong></span> <span class='ocrx_word' id='word_1_158' title='bbox 1943 1207 2055 1246; x_wconf 90' lang='lat' dir='ltr'><strong>milia</strong></span> 
     </span>
     <span class='ocr_line' id='line_1_19' title="bbox 667 1268 2056 1330; baseline -0.006 -16"><span class='ocrx_word' id='word_1_159' title='bbox 667 1276 733 1330; x_wconf 86' lang='lat' dir='ltr'><strong>vij.</strong></span> <span class='ocrx_word' id='word_1_160' title='bbox 754 1274 893 1328; x_wconf 82' lang='lat' dir='ltr'><strong>Tyrus</strong></span> <span class='ocrx_word' id='word_1_161' title='bbox 926 1272 1002 1310; x_wconf 90' lang='lat' dir='ltr'><strong>hec</strong></span> <span class='ocrx_word' id='word_1_162' title='bbox 1035 1270 1176 1310; x_wconf 88' lang='lat' dir='ltr'><strong>civitas</strong></span> <span class='ocrx_word' id='word_1_163' title='bbox 1205 1270 1392 1309; x_wconf 87' lang='lat' dir='ltr'><strong>homines</strong></span> <span class='ocrx_word' id='word_1_164' title='bbox 1425 1280 1610 1322; x_wconf 85' lang='lat' dir='ltr'><strong>potentes</strong></span> <span class='ocrx_word' id='word_1_165' title='bbox 1633 1269 1714 1308; x_wconf 83' lang='lat' dir='ltr'><strong>vita</strong></span> <span class='ocrx_word' id='word_1_166' title='bbox 1736 1268 1910 1321; x_wconf 85' lang='lat' dir='ltr'><strong>peffima,</strong></span> <span class='ocrx_word' id='word_1_167' title='bbox 1946 1277 2056 1307; x_wconf 91' lang='lat' dir='ltr'><strong>tanta</strong></span> 
     </span>
     <span class='ocr_line' id='line_1_20' title="bbox 668 1327 2056 1385; baseline -0.007 -10"><span class='ocrx_word' id='word_1_168' title='bbox 668 1334 827 1375; x_wconf 82' lang='lat' dir='ltr'><strong>luxuria</strong></span> <span class='ocrx_word' id='word_1_169' title='bbox 849 1346 927 1385; x_wconf 86' lang='lat' dir='ltr'><strong>que</strong></span> <span class='ocrx_word' id='word_1_170' title='bbox 950 1330 1030 1370; x_wconf 86' lang='lat' dir='ltr'><strong>dici</strong></span> <span class='ocrx_word' id='word_1_171' title='bbox 1053 1344 1135 1369; x_wconf 90' lang='lat' dir='ltr'><strong>non</strong></span> <span class='ocrx_word' id='word_1_172' title='bbox 1158 1328 1299 1382; x_wconf 85' lang='lat' dir='ltr'><strong>potest.</strong></span> <span class='ocrx_word' id='word_1_173' title='bbox 1323 1328 1473 1382; x_wconf 77' lang='lat' dir='ltr'><strong>Gignit</strong></span> <span class='ocrx_word' id='word_1_174' title='bbox 1494 1329 1618 1368; x_wconf 89' lang='lat' dir='ltr'><strong>etiam</strong></span> <span class='ocrx_word' id='word_1_175' title='bbox 1636 1328 1799 1381; x_wconf 88' lang='lat' dir='ltr'><strong>publica</strong></span> <span class='ocrx_word' id='word_1_176' title='bbox 1815 1327 2056 1367; x_wconf 88' lang='lat' dir='ltr'><strong>olosericum</strong></span> 
     </span>
     <span class='ocr_line' id='line_1_21' title="bbox 668 1386 2058 1444; baseline -0.007 -10"><span class='ocrx_word' id='word_1_177' title='bbox 668 1396 706 1436; x_wconf 67' lang='grc' dir='ltr'><strong>δε</strong></span> <span class='ocrx_word' id='word_1_178' title='bbox 728 1392 879 1433; x_wconf 85' lang='lat' dir='ltr'><strong>diversa</strong></span> <span class='ocrx_word' id='word_1_179' title='bbox 899 1404 1048 1444; x_wconf 80' lang='lat' dir='ltr'><strong>genera</strong></span> <span class='ocrx_word' id='word_1_180' title='bbox 1070 1388 1251 1428; x_wconf 90' lang='lat' dir='ltr'><strong>telarum.</strong></span> <span class='ocrx_word' id='word_1_181' title='bbox 1288 1390 1345 1427; x_wconf 83' lang='lat' dir='ltr'><strong>At</strong></span> <span class='ocrx_word' id='word_1_182' title='bbox 1362 1402 1457 1427; x_wconf 86' lang='lat' dir='ltr'><strong>vero</strong></span> <span class='ocrx_word' id='word_1_183' title='bbox 1479 1389 1529 1427; x_wconf 89' lang='lat' dir='ltr'><strong>de</strong></span> <span class='ocrx_word' id='word_1_184' title='bbox 1549 1387 1667 1441; x_wconf 91' lang='lat' dir='ltr'><strong>Tyro</strong></span> <span class='ocrx_word' id='word_1_185' title='bbox 1689 1388 1874 1427; x_wconf 88' lang='lat' dir='ltr'><strong>venimus</strong></span> <span class='ocrx_word' id='word_1_186' title='bbox 1896 1387 1936 1425; x_wconf 93' lang='lat' dir='ltr'><strong>in</strong></span> <span class='ocrx_word' id='word_1_187' title='bbox 1958 1386 2058 1425; x_wconf 90' lang='lat' dir='ltr'><strong>civi-</strong></span> 
     </span>
     <span class='ocr_line' id='line_1_22' title="bbox 670 1445 2057 1502; baseline -0.008 -7"><span class='ocrx_word' id='word_1_188' title='bbox 670 1465 794 1495; x_wconf 85' lang='lat' dir='ltr'><strong>tatem</strong></span> <span class='ocrx_word' id='word_1_189' title='bbox 815 1450 1039 1499; x_wconf 83' lang='lat' dir='ltr'><strong>Nazareth,</strong></span> <span class='ocrx_word' id='word_1_190' title='bbox 1061 1449 1100 1488; x_wconf 87' lang='lat' dir='ltr'><strong>in</strong></span> <span class='ocrx_word' id='word_1_191' title='bbox 1124 1463 1203 1502; x_wconf 87' lang='lat' dir='ltr'><strong>qua</strong></span> <span class='ocrx_word' id='word_1_192' title='bbox 1224 1448 1312 1488; x_wconf 87' lang='lat' dir='ltr'><strong>sunt</strong></span> <span class='ocrx_word' id='word_1_193' title='bbox 1334 1448 1459 1487; x_wconf 87' lang='lat' dir='ltr'><strong>multe</strong></span> <span class='ocrx_word' id='word_1_194' title='bbox 1479 1448 1658 1487; x_wconf 87' lang='lat' dir='ltr'><strong>virtutes.</strong></span> <span class='ocrx_word' id='word_1_195' title='bbox 1681 1445 1741 1486; x_wconf 89' lang='lat' dir='ltr'><strong>Ibi</strong></span> <span class='ocrx_word' id='word_1_196' title='bbox 1760 1447 1882 1486; x_wconf 88' lang='lat' dir='ltr'><strong>etiam</strong></span> <span class='ocrx_word' id='word_1_197' title='bbox 1905 1446 2057 1499; x_wconf 91' lang='lat' dir='ltr'><strong>pendet</strong></span> 
     </span>
     <span class='ocr_line' id='line_1_23' title="bbox 671 1504 2060 1563; baseline -0.009 -8"><span class='ocrx_word' id='word_1_198' title='bbox 671 1515 834 1555; x_wconf 90' lang='lat' dir='ltr'><strong>thomus</strong></span> <span class='ocrx_word' id='word_1_199' title='bbox 868 1511 906 1550; x_wconf 88' lang='lat' dir='ltr'><strong>in</strong></span> <span class='ocrx_word' id='word_1_200' title='bbox 948 1525 1030 1563; x_wconf 90' lang='lat' dir='ltr'><strong>quo</strong></span> <span class='ocrx_word' id='word_1_201' title='bbox 1063 1508 1271 1549; x_wconf 88' lang='lat' dir='ltr'><strong>Dominus</strong></span> <span class='ocrx_word' id='word_1_202' title='bbox 1306 1519 1428 1561; x_wconf 81' lang='lat' dir='ltr'><strong>caput</strong></span> <span class='ocrx_word' id='word_1_203' title='bbox 1454 1507 1595 1546; x_wconf 85' lang='lat' dir='ltr'><strong>habuit</strong></span> <span class='ocrx_word' id='word_1_204' title='bbox 1627 1506 1870 1560; x_wconf 76' lang='lat' dir='ltr'><strong>impositum.</strong></span> <span class='ocrx_word' id='word_1_205' title='bbox 1902 1504 1949 1545; x_wconf 90' lang='lat' dir='ltr'><strong>In</strong></span> <span class='ocrx_word' id='word_1_206' title='bbox 1981 1518 2060 1559; x_wconf 88' lang='lat' dir='ltr'><strong>qua</strong></span> 
     </span>
     <span class='ocr_line' id='line_1_24' title="bbox 672 1566 2063 1625; baseline -0.006 -12"><span class='ocrx_word' id='word_1_207' title='bbox 672 1574 794 1614; x_wconf 84' lang='lat' dir='ltr'><strong>etiam</strong></span> <span class='ocrx_word' id='word_1_208' title='bbox 821 1571 1020 1625; x_wconf 77' lang='lat' dir='ltr'><strong>synagoga</strong></span> <span class='ocrx_word' id='word_1_209' title='bbox 1051 1568 1175 1622; x_wconf 83' lang='lat' dir='ltr'><strong>polita</strong></span> <span class='ocrx_word' id='word_1_210' title='bbox 1208 1568 1275 1618; x_wconf 88' lang='lat' dir='ltr'><strong>est,</strong></span> <span class='ocrx_word' id='word_1_211' title='bbox 1307 1568 1439 1618; x_wconf 88' lang='lat' dir='ltr'><strong>travis,</strong></span> <span class='ocrx_word' id='word_1_212' title='bbox 1471 1568 1538 1606; x_wconf 91' lang='lat' dir='ltr'><strong>ubi</strong></span> <span class='ocrx_word' id='word_1_213' title='bbox 1570 1581 1664 1606; x_wconf 88' lang='lat' dir='ltr'><strong>cum</strong></span> <span class='ocrx_word' id='word_1_214' title='bbox 1695 1567 1782 1607; x_wconf 88' lang='lat' dir='ltr'><strong>aliis</strong></span> <span class='ocrx_word' id='word_1_215' title='bbox 1816 1566 1975 1605; x_wconf 85' lang='lat' dir='ltr'><strong>sedebat</strong></span> <span class='ocrx_word' id='word_1_216' title='bbox 2001 1566 2063 1604; x_wconf 86' lang='lat' dir='ltr'><strong>in·-</strong></span> 
     </span>
     <span class='ocr_line' id='line_1_25' title="bbox 673 1623 2062 1685; baseline -0.008 -11"><span class='ocrx_word' id='word_1_217' title='bbox 673 1632 860 1674; x_wconf 87' lang='lat' dir='ltr'><strong>fantibus.</strong></span> <span class='ocrx_word' id='word_1_218' title='bbox 885 1629 983 1685; x_wconf 66' lang='lat' dir='ltr'><strong>Que</strong></span> <span class='ocrx_word' id='word_1_219' title='bbox 1005 1628 1124 1668; x_wconf 89' lang='lat' dir='ltr'><strong>travis</strong></span> <span class='ocrx_word' id='word_1_220' title='bbox 1146 1643 1167 1667; x_wconf 92' lang='lat' dir='ltr'><strong>a</strong></span> <span class='ocrx_word' id='word_1_221' title='bbox 1181 1627 1418 1668; x_wconf 77' lang='lat' dir='ltr'><strong>Christianis</strong></span> <span class='ocrx_word' id='word_1_222' title='bbox 1437 1627 1609 1680; x_wconf 77' lang='lat' dir='ltr'><strong>agitatur</strong></span> <span class='ocrx_word' id='word_1_223' title='bbox 1625 1626 1663 1666; x_wconf 66' lang='grc' dir='ltr'><strong>δι’,</strong></span> <span class='ocrx_word' id='word_1_224' title='bbox 1686 1625 1926 1676; x_wconf 89' lang='lat' dir='ltr'><strong>sublevatur,</strong></span> <span class='ocrx_word' id='word_1_225' title='bbox 1946 1623 2062 1664; x_wconf 85' lang='lat' dir='ltr'><strong>Iudei</strong></span> 
     </span>
     <span class='ocr_line' id='line_1_26' title="bbox 674 1682 2063 1740; baseline -0.008 -7"><span class='ocrx_word' id='word_1_226' title='bbox 674 1706 767 1732; x_wconf 91' lang='lat' dir='ltr'><strong>vero</strong></span> <span class='ocrx_word' id='word_1_227' title='bbox 796 1689 910 1730; x_wconf 89' lang='lat' dir='ltr'><strong>nullo</strong></span> <span class='ocrx_word' id='word_1_228' title='bbox 942 1688 1066 1727; x_wconf 89' lang='lat' dir='ltr'><strong>modo</strong></span> <span class='ocrx_word' id='word_1_229' title='bbox 1095 1684 1257 1740; x_wconf 85' lang='lat' dir='ltr'><strong>poffunt</strong></span> <span class='ocrx_word' id='word_1_230' title='bbox 1286 1701 1375 1726; x_wconf 88' lang='lat' dir='ltr'><strong>eam</strong></span> <span class='ocrx_word' id='word_1_231' title='bbox 1408 1687 1571 1740; x_wconf 76' lang='lat' dir='ltr'><strong>agitare,</strong></span> <span class='ocrx_word' id='word_1_232' title='bbox 1601 1685 1655 1725; x_wconf 92' lang='lat' dir='ltr'><strong>set</strong></span> <span class='ocrx_word' id='word_1_233' title='bbox 1695 1700 1771 1725; x_wconf 90' lang='lat' dir='ltr'><strong>nec</strong></span> <span class='ocrx_word' id='word_1_234' title='bbox 1801 1685 1999 1738; x_wconf 90' lang='lat' dir='ltr'><strong>permittit</strong></span> <span class='ocrx_word' id='word_1_235' title='bbox 2028 1682 2063 1722; x_wconf 91' lang='lat' dir='ltr'><strong>se</strong></span> 
     </span>
     <span class='ocr_line' id='line_1_27' title="bbox 674 1742 2065 1796; baseline -0.007 -4"><span class='ocrx_word' id='word_1_236' title='bbox 674 1753 777 1792; x_wconf 75' lang='lat' dir='ltr'><strong>foras</strong></span> <span class='ocrx_word' id='word_1_237' title='bbox 809 1749 910 1790; x_wconf 90' lang='lat' dir='ltr'><strong>tolli.</strong></span> <span class='ocrx_word' id='word_1_238' title='bbox 934 1747 1098 1788; x_wconf 87' lang='lat' dir='ltr'><strong>Domus</strong></span> <span class='ocrx_word' id='word_1_239' title='bbox 1129 1745 1260 1785; x_wconf 66' lang='lat' dir='ltr'><strong>san&amp;e</strong></span> <span class='ocrx_word' id='word_1_240' title='bbox 1283 1746 1440 1785; x_wconf 81' lang='lat' dir='ltr'><strong>basilica</strong></span> <span class='ocrx_word' id='word_1_241' title='bbox 1472 1744 1537 1785; x_wconf 91' lang='lat' dir='ltr'><strong>est.</strong></span> <span class='ocrx_word' id='word_1_242' title='bbox 1568 1744 1621 1784; x_wconf 87' lang='lat' dir='ltr'><strong>Et</strong></span> <span class='ocrx_word' id='word_1_243' title='bbox 1653 1745 1780 1784; x_wconf 89' lang='lat' dir='ltr'><strong>multa</strong></span> <span class='ocrx_word' id='word_1_244' title='bbox 1801 1744 1855 1783; x_wconf 90' lang='lat' dir='ltr'><strong>ibi</strong></span> <span class='ocrx_word' id='word_1_245' title='bbox 1886 1743 1974 1783; x_wconf 89' lang='lat' dir='ltr'><strong>sunt</strong></span> <span class='ocrx_word' id='word_1_246' title='bbox 1995 1742 2065 1796; x_wconf 73' lang='lat' dir='ltr'><strong>be-</strong></span> 
     </span>
     <span class='ocr_line' id='line_1_28' title="bbox 674 1802 2066 1857; baseline -0.007 -5"><span class='ocrx_word' id='word_1_247' title='bbox 674 1810 819 1852; x_wconf 84' lang='lat' dir='ltr'><strong>neficia</strong></span> <span class='ocrx_word' id='word_1_248' title='bbox 840 1810 889 1848; x_wconf 89' lang='lat' dir='ltr'><strong>de</strong></span> <span class='ocrx_word' id='word_1_249' title='bbox 912 1805 1158 1847; x_wconf 86' lang='lat' dir='ltr'><strong>vestimentis</strong></span> <span class='ocrx_word' id='word_1_250' title='bbox 1178 1805 1274 1844; x_wconf 89' lang='lat' dir='ltr'><strong>eius.</strong></span> <span class='ocrx_word' id='word_1_251' title='bbox 1296 1804 1342 1844; x_wconf 92' lang='lat' dir='ltr'><strong>In</strong></span> <span class='ocrx_word' id='word_1_252' title='bbox 1361 1805 1525 1844; x_wconf 88' lang='lat' dir='ltr'><strong>civitate</strong></span> <span class='ocrx_word' id='word_1_253' title='bbox 1542 1818 1637 1844; x_wconf 91' lang='lat' dir='ltr'><strong>vero</strong></span> <span class='ocrx_word' id='word_1_254' title='bbox 1658 1804 1725 1844; x_wconf 88' lang='lat' dir='ltr'><strong>illa</strong></span> <span class='ocrx_word' id='word_1_255' title='bbox 1742 1814 1853 1844; x_wconf 88' lang='lat' dir='ltr'><strong>tanta</strong></span> <span class='ocrx_word' id='word_1_256' title='bbox 1869 1803 1923 1843; x_wconf 90' lang='lat' dir='ltr'><strong>est</strong></span> <span class='ocrx_word' id='word_1_257' title='bbox 1939 1802 2066 1857; x_wconf 82' lang='lat' dir='ltr'><strong>gratia</strong></span> 
     </span>
     <span class='ocr_line' id='line_1_29' title="bbox 676 1862 2064 1916; baseline -0.007 -5"><span class='ocrx_word' id='word_1_258' title='bbox 676 1871 893 1911; x_wconf 86' lang='lat' dir='ltr'><strong>mulierum</strong></span> <span class='ocrx_word' id='word_1_259' title='bbox 914 1866 1170 1915; x_wconf 89' lang='lat' dir='ltr'><strong>hebreorum,</strong></span> <span class='ocrx_word' id='word_1_260' title='bbox 1192 1875 1235 1904; x_wconf 91' lang='lat' dir='ltr'><strong>ut</strong></span> <span class='ocrx_word' id='word_1_261' title='bbox 1256 1866 1295 1904; x_wconf 93' lang='lat' dir='ltr'><strong>in</strong></span> <span class='ocrx_word' id='word_1_262' title='bbox 1321 1875 1422 1904; x_wconf 88' lang='lat' dir='ltr'><strong>terra</strong></span> <span class='ocrx_word' id='word_1_263' title='bbox 1443 1864 1511 1904; x_wconf 87' lang='lat' dir='ltr'><strong>illa</strong></span> <span class='ocrx_word' id='word_1_264' title='bbox 1524 1865 1627 1904; x_wconf 88' lang='lat' dir='ltr'><strong>inter</strong></span> <span class='ocrx_word' id='word_1_265' title='bbox 1648 1863 1834 1903; x_wconf 86' lang='lat' dir='ltr'><strong>Hebreos</strong></span> <span class='ocrx_word' id='word_1_266' title='bbox 1857 1862 2064 1916; x_wconf 90' lang='lat' dir='ltr'><strong>pulchrio-</strong></span> 
     </span>
     <span class='ocr_line' id='line_1_30' title="bbox 675 1919 2065 1971; baseline -0.008 0"><span class='ocrx_word' id='word_1_267' title='bbox 675 1945 737 1971; x_wconf 88' lang='lat' dir='ltr'><strong>res</strong></span> <span class='ocrx_word' id='word_1_268' title='bbox 767 1944 850 1969; x_wconf 90' lang='lat' dir='ltr'><strong>non</strong></span> <span class='ocrx_word' id='word_1_269' title='bbox 872 1927 1141 1968; x_wconf 89' lang='lat' dir='ltr'><strong>inveniantur.</strong></span> <span class='ocrx_word' id='word_1_270' title='bbox 1171 1924 1225 1965; x_wconf 85' lang='lat' dir='ltr'><strong>Et</strong></span> <span class='ocrx_word' id='word_1_271' title='bbox 1244 1926 1324 1965; x_wconf 91' lang='lat' dir='ltr'><strong>hoc</strong></span> <span class='ocrx_word' id='word_1_272' title='bbox 1346 1925 1395 1964; x_wconf 94' lang='lat' dir='ltr'><strong>de</strong></span> <span class='ocrx_word' id='word_1_273' title='bbox 1420 1924 1552 1964; x_wconf 66' lang='lat' dir='ltr'><strong>sancta</strong></span> <span class='ocrx_word' id='word_1_274' title='bbox 1576 1923 1712 1963; x_wconf 81' lang='lat' dir='ltr'><strong>Maria</strong></span> <span class='ocrx_word' id='word_1_275' title='bbox 1741 1922 1810 1962; x_wconf 91' lang='lat' dir='ltr'><strong>s1bi</strong></span> <span class='ocrx_word' id='word_1_276' title='bbox 1833 1919 2065 1962; x_wconf 81' lang='lat' dir='ltr'><strong>concessum</strong></span> 
     </span>
     <span class='ocr_line' id='line_1_31' title="bbox 681 1991 835 2030; baseline -0.013 0"><span class='ocrx_word' id='word_1_277' title='bbox 681 1991 835 2030; x_wconf 90' lang='lat' dir='ltr'><strong>dicunt.</strong></span> 
     </span>
    </p>

    <p class='ocr_par' dir='ltr' id='par_1_3' title="bbox 681 2039 2073 2397">
     <span class='ocr_line' id='line_1_32' title="bbox 732 2039 2070 2100; baseline -0.008 -10"><span class='ocrx_word' id='word_1_278' title='bbox 732 2050 844 2091; x_wconf 90' lang='lat' dir='ltr'><strong>Nam</strong></span> <span class='ocrx_word' id='word_1_279' title='bbox 865 2047 902 2088; x_wconf 83' lang='lat'>&amp;</span> <span class='ocrx_word' id='word_1_280' title='bbox 925 2056 1134 2100; x_wconf 87' lang='lat' dir='ltr'><strong>parentem</strong></span> <span class='ocrx_word' id='word_1_281' title='bbox 1156 2044 1265 2084; x_wconf 90' lang='lat' dir='ltr'><strong>suam</strong></span> <span class='ocrx_word' id='word_1_282' title='bbox 1286 2045 1428 2084; x_wconf 88' lang='lat' dir='ltr'><strong>dicunt</strong></span> <span class='ocrx_word' id='word_1_283' title='bbox 1449 2059 1550 2084; x_wconf 88' lang='lat' dir='ltr'><strong>eam.</strong></span> <span class='ocrx_word' id='word_1_284' title='bbox 1574 2042 1629 2084; x_wconf 88' lang='lat' dir='ltr'><strong>Et</strong></span> <span class='ocrx_word' id='word_1_285' title='bbox 1650 2043 1747 2082; x_wconf 90' lang='lat' dir='ltr'><strong>dum</strong></span> <span class='ocrx_word' id='word_1_286' title='bbox 1775 2041 1887 2081; x_wconf 88' lang='lat' dir='ltr'><strong>nulla</strong></span> <span class='ocrx_word' id='word_1_287' title='bbox 1903 2039 1947 2080; x_wconf 92' lang='lat' dir='ltr'><strong>s1t</strong></span> <span class='ocrx_word' id='word_1_288' title='bbox 1966 2041 2070 2080; x_wconf 89' lang='lat' dir='ltr'><strong>cari-</strong></span> 
     </span>
     <span class='ocr_line' id='line_1_33' title="bbox 681 2099 2070 2158; baseline -0.008 -9"><span class='ocrx_word' id='word_1_289' title='bbox 681 2120 738 2149; x_wconf 87' lang='lat' dir='ltr'><strong>tas</strong></span> <span class='ocrx_word' id='word_1_290' title='bbox 771 2106 945 2149; x_wconf 87' lang='lat' dir='ltr'><strong>Hebreis</strong></span> <span class='ocrx_word' id='word_1_291' title='bbox 982 2118 1075 2158; x_wconf 81' lang='lat' dir='ltr'><strong>erga</strong></span> <span class='ocrx_word' id='word_1_292' title='bbox 1109 2103 1373 2154; x_wconf 87' lang='lat' dir='ltr'><strong>Christianos,</strong></span> <span class='ocrx_word' id='word_1_293' title='bbox 1414 2103 1482 2142; x_wconf 90' lang='lat' dir='ltr'><strong>ille</strong></span> <span class='ocrx_word' id='word_1_294' title='bbox 1521 2117 1617 2143; x_wconf 89' lang='lat' dir='ltr'><strong>vero</strong></span> <span class='ocrx_word' id='word_1_295' title='bbox 1657 2101 1769 2142; x_wconf 90' lang='lat' dir='ltr'><strong>omni</strong></span> <span class='ocrx_word' id='word_1_296' title='bbox 1800 2099 1874 2140; x_wconf 88' lang='lat' dir='ltr'><strong>fint</strong></span> <span class='ocrx_word' id='word_1_297' title='bbox 1904 2099 2070 2139; x_wconf 90' lang='lat' dir='ltr'><strong>caritate</strong></span> 
     </span>
     <span class='ocr_line' id='line_1_34' title="bbox 681 2158 2069 2224; baseline -0.009 -14"><span class='ocrx_word' id='word_1_298' title='bbox 681 2170 812 2224; x_wconf 89' lang='lat' dir='ltr'><strong>plene.</strong></span> <span class='ocrx_word' id='word_1_299' title='bbox 841 2166 1047 2208; x_wconf 88' lang='lat' dir='ltr'><strong>Provintia</strong></span> <span class='ocrx_word' id='word_1_300' title='bbox 1075 2164 1267 2218; x_wconf 88' lang='lat' dir='ltr'><strong>paradyso</strong></span> <span class='ocrx_word' id='word_1_301' title='bbox 1300 2163 1435 2203; x_wconf 87' lang='lat' dir='ltr'><strong>fimilis</strong></span> <span class='ocrx_word' id='word_1_302' title='bbox 1466 2163 1505 2202; x_wconf 93' lang='lat' dir='ltr'><strong>in</strong></span> <span class='ocrx_word' id='word_1_303' title='bbox 1529 2163 1677 2212; x_wconf 89' lang='lat' dir='ltr'><strong>tritico,</strong></span> <span class='ocrx_word' id='word_1_304' title='bbox 1711 2161 1750 2200; x_wconf 90' lang='lat' dir='ltr'><strong>in</strong></span> <span class='ocrx_word' id='word_1_305' title='bbox 1773 2161 1907 2213; x_wconf 83' lang='lat' dir='ltr'><strong>fruges</strong></span> <span class='ocrx_word' id='word_1_306' title='bbox 1932 2158 2069 2199; x_wconf 77' lang='lat' dir='ltr'><strong>similis</strong></span> 
     </span>
     <span class='ocr_line' id='line_1_35' title="bbox 683 2219 2070 2284; baseline -0.008 -15"><span class='ocrx_word' id='word_1_307' title='bbox 683 2229 858 2284; x_wconf 79' lang='lat' dir='ltr'><strong>Egypto.</strong></span> <span class='ocrx_word' id='word_1_308' title='bbox 883 2225 1005 2266; x_wconf 88' lang='lat' dir='ltr'><strong>Modi</strong></span> <span class='ocrx_word' id='word_1_309' title='bbox 1028 2225 1207 2278; x_wconf 90' lang='lat' dir='ltr'><strong>quidem,</strong></span> <span class='ocrx_word' id='word_1_310' title='bbox 1229 2222 1284 2263; x_wconf 88' lang='lat' dir='ltr'><strong>set</strong></span> <span class='ocrx_word' id='word_1_311' title='bbox 1301 2223 1484 2276; x_wconf 89' lang='lat' dir='ltr'><strong>precellit</strong></span> <span class='ocrx_word' id='word_1_312' title='bbox 1506 2223 1545 2262; x_wconf 90' lang='lat' dir='ltr'><strong>in</strong></span> <span class='ocrx_word' id='word_1_313' title='bbox 1568 2222 1678 2272; x_wconf 89' lang='lat' dir='ltr'><strong>vino,</strong></span> <span class='ocrx_word' id='word_1_314' title='bbox 1699 2220 1736 2261; x_wconf 84' lang='lat'>&amp;</span> <span class='ocrx_word' id='word_1_315' title='bbox 1759 2221 1866 2270; x_wconf 90' lang='lat' dir='ltr'><strong>oleo,</strong></span> <span class='ocrx_word' id='word_1_316' title='bbox 1888 2219 1926 2259; x_wconf 88' lang='lat'>&amp;</span> <span class='ocrx_word' id='word_1_317' title='bbox 1947 2232 2070 2273; x_wconf 89' lang='lat' dir='ltr'><strong>poma</strong></span> 
     </span>
     <span class='ocr_line' id='line_1_36' title="bbox 684 2278 2073 2341; baseline -0.008 -13"><span class='ocrx_word' id='word_1_318' title='bbox 684 2289 964 2341; x_wconf 89' lang='lat' dir='ltr'><strong>melliumque,</strong></span> <span class='ocrx_word' id='word_1_319' title='bbox 986 2285 1041 2325; x_wconf 89' lang='lat' dir='ltr'><strong>set</strong></span> <span class='ocrx_word' id='word_1_320' title='bbox 1062 2284 1099 2324; x_wconf 86' lang='lat'>&amp;</span> <span class='ocrx_word' id='word_1_321' title='bbox 1123 2284 1282 2323; x_wconf 89' lang='lat' dir='ltr'><strong>milium</strong></span> <span class='ocrx_word' id='word_1_322' title='bbox 1312 2294 1422 2323; x_wconf 85' lang='lat' dir='ltr'><strong>extra</strong></span> <span class='ocrx_word' id='word_1_323' title='bbox 1444 2292 1628 2322; x_wconf 89' lang='lat' dir='ltr'><strong>naturam</strong></span> <span class='ocrx_word' id='word_1_324' title='bbox 1658 2280 1785 2320; x_wconf 88' lang='lat' dir='ltr'><strong>altum</strong></span> <span class='ocrx_word' id='word_1_325' title='bbox 1807 2279 1928 2319; x_wconf 91' lang='lat' dir='ltr'><strong>nimis</strong></span> <span class='ocrx_word' id='word_1_326' title='bbox 1958 2278 2073 2332; x_wconf 89' lang='lat' dir='ltr'><strong>super</strong></span> 
     </span>
     <span class='ocr_line' id='line_1_37' title="bbox 683 2341 1329 2397; baseline -0.011 -8"><span class='ocrx_word' id='word_1_327' title='bbox 683 2348 828 2389; x_wconf 89' lang='lat' dir='ltr'><strong>statum</strong></span> <span class='ocrx_word' id='word_1_328' title='bbox 849 2345 1041 2395; x_wconf 88' lang='lat' dir='ltr'><strong>hominis,</strong></span> <span class='ocrx_word' id='word_1_329' title='bbox 1063 2345 1168 2384; x_wconf 86' lang='lat' dir='ltr'><strong>talea</strong></span> <span class='ocrx_word' id='word_1_330' title='bbox 1188 2341 1329 2397; x_wconf 76' lang='lat' dir='ltr'><strong>grossa.</strong></span> 
     </span>
    </p>

    <p class='ocr_par' dir='ltr' id='par_1_4' title="bbox 687 2395 2078 2762">
     <span class='ocr_line' id='line_1_38' title="bbox 741 2395 2075 2454; baseline -0.01 -7"><span class='ocrx_word' id='word_1_331' title='bbox 741 2406 807 2447; x_wconf 91' lang='lat' dir='ltr'><strong>De</strong></span> <span class='ocrx_word' id='word_1_332' title='bbox 829 2405 1037 2446; x_wconf 85' lang='lat' dir='ltr'><strong>Nazareth</strong></span> <span class='ocrx_word' id='word_1_333' title='bbox 1069 2403 1254 2443; x_wconf 89' lang='lat' dir='ltr'><strong>venimus</strong></span> <span class='ocrx_word' id='word_1_334' title='bbox 1292 2402 1331 2441; x_wconf 90' lang='lat' dir='ltr'><strong>in</strong></span> <span class='ocrx_word' id='word_1_335' title='bbox 1362 2413 1501 2441; x_wconf 89' lang='lat' dir='ltr'><strong>monte</strong></span> <span class='ocrx_word' id='word_1_336' title='bbox 1530 2400 1716 2451; x_wconf 87' lang='lat' dir='ltr'><strong>Thabor,</strong></span> <span class='ocrx_word' id='word_1_337' title='bbox 1743 2400 1811 2454; x_wconf 89' lang='lat' dir='ltr'><strong>qui</strong></span> <span class='ocrx_word' id='word_1_338' title='bbox 1844 2411 1961 2438; x_wconf 88' lang='lat' dir='ltr'><strong>mons</strong></span> <span class='ocrx_word' id='word_1_339' title='bbox 1992 2395 2075 2434; x_wconf 86' lang='lat' dir='ltr'><strong>exit</strong></span> 
     </span>
     <span class='ocr_line' id='line_1_39' title="bbox 687 2455 2077 2516; baseline -0.012 -7"><span class='ocrx_word' id='word_1_340' title='bbox 687 2471 726 2510; x_wconf 89' lang='lat' dir='ltr'><strong>in</strong></span> <span class='ocrx_word' id='word_1_341' title='bbox 757 2466 893 2506; x_wconf 89' lang='lat' dir='ltr'><strong>medio</strong></span> <span class='ocrx_word' id='word_1_342' title='bbox 924 2463 1148 2516; x_wconf 84' lang='lat' dir='ltr'><strong>campestri,</strong></span> <span class='ocrx_word' id='word_1_343' title='bbox 1186 2473 1287 2502; x_wconf 88' lang='lat' dir='ltr'><strong>terra</strong></span> <span class='ocrx_word' id='word_1_344' title='bbox 1322 2462 1412 2501; x_wconf 89' lang='lat' dir='ltr'><strong>viva</strong></span> <span class='ocrx_word' id='word_1_345' title='bbox 1444 2472 1585 2501; x_wconf 87' lang='lat' dir='ltr'><strong>tenens</strong></span> <span class='ocrx_word' id='word_1_346' title='bbox 1617 2460 1847 2509; x_wconf 89' lang='lat' dir='ltr'><strong>circuitum,</strong></span> <span class='ocrx_word' id='word_1_347' title='bbox 1879 2457 1990 2496; x_wconf 92' lang='lat' dir='ltr'><strong>milia</strong></span> <span class='ocrx_word' id='word_1_348' title='bbox 2010 2455 2077 2505; x_wconf 91' lang='lat' dir='ltr'><strong>vi.,</strong></span> 
     </span>
     <span class='ocr_line' id='line_1_40' title="bbox 687 2514 2075 2578; baseline -0.01 -11"><span class='ocrx_word' id='word_1_349' title='bbox 687 2525 891 2568; x_wconf 89' lang='lat' dir='ltr'><strong>ascensum</strong></span> <span class='ocrx_word' id='word_1_350' title='bbox 913 2525 1024 2564; x_wconf 89' lang='lat' dir='ltr'><strong>milia</strong></span> <span class='ocrx_word' id='word_1_351' title='bbox 1063 2524 1132 2578; x_wconf 85' lang='lat' dir='ltr'><strong>iij.,</strong></span> <span class='ocrx_word' id='word_1_352' title='bbox 1162 2522 1309 2562; x_wconf 90' lang='lat' dir='ltr'><strong>sursum</strong></span> <span class='ocrx_word' id='word_1_353' title='bbox 1337 2522 1384 2560; x_wconf 88' lang='lat' dir='ltr'><strong>ad</strong></span> <span class='ocrx_word' id='word_1_354' title='bbox 1420 2535 1546 2559; x_wconf 92' lang='lat' dir='ltr'><strong>unum</strong></span> <span class='ocrx_word' id='word_1_355' title='bbox 1579 2519 1809 2559; x_wconf 89' lang='lat' dir='ltr'><strong>miliarium.</strong></span> <span class='ocrx_word' id='word_1_356' title='bbox 1842 2517 2012 2557; x_wconf 90' lang='lat' dir='ltr'><strong>Planum</strong></span> <span class='ocrx_word' id='word_1_357' title='bbox 2035 2514 2075 2553; x_wconf 88' lang='lat' dir='ltr'><strong>in</strong></span> 
     </span>
     <span class='ocr_line' id='line_1_41' title="bbox 689 2577 2076 2643; baseline -0.009 -15"><span class='ocrx_word' id='word_1_358' title='bbox 689 2604 771 2643; x_wconf 88' lang='lat' dir='ltr'><strong>quo</strong></span> <span class='ocrx_word' id='word_1_359' title='bbox 789 2587 877 2627; x_wconf 91' lang='lat' dir='ltr'><strong>sunt</strong></span> <span class='ocrx_word' id='word_1_360' title='bbox 898 2597 975 2626; x_wconf 89' lang='lat' dir='ltr'><strong>tres</strong></span> <span class='ocrx_word' id='word_1_361' title='bbox 996 2585 1174 2635; x_wconf 81' lang='lat' dir='ltr'><strong>ecclefie,</strong></span> <span class='ocrx_word' id='word_1_362' title='bbox 1204 2583 1270 2622; x_wconf 92' lang='lat' dir='ltr'><strong>ubi</strong></span> <span class='ocrx_word' id='word_1_363' title='bbox 1292 2598 1314 2622; x_wconf 89' lang='lat' dir='ltr'><strong>a</strong></span> <span class='ocrx_word' id='word_1_364' title='bbox 1335 2582 1539 2634; x_wconf 87' lang='lat' dir='ltr'><strong>discipulis</strong></span> <span class='ocrx_word' id='word_1_365' title='bbox 1568 2581 1724 2620; x_wconf 67' lang='lat' dir='ltr'><strong>di&amp;um</strong></span> <span class='ocrx_word' id='word_1_366' title='bbox 1753 2579 1828 2619; x_wconf 85' lang='lat' dir='ltr'><strong>est:</strong></span> <span class='ocrx_word' id='word_1_367' title='bbox 1862 2577 2076 2618; x_wconf 87' lang='lat' dir='ltr'><strong>Faciamus</strong></span> 
     </span>
     <span class='ocr_line' id='line_1_42' title="bbox 690 2636 2078 2691; baseline -0.009 -3"><span class='ocrx_word' id='word_1_368' title='bbox 690 2650 756 2689; x_wconf 89' lang='lat' dir='ltr'><strong>hic</strong></span> <span class='ocrx_word' id='word_1_369' title='bbox 777 2648 850 2687; x_wconf 90' lang='lat' dir='ltr'><strong>tria</strong></span> <span class='ocrx_word' id='word_1_370' title='bbox 872 2645 1139 2686; x_wconf 87' lang='lat' dir='ltr'><strong>tabernacula.</strong></span> <span class='ocrx_word' id='word_1_371' title='bbox 1175 2643 1221 2683; x_wconf 80' lang='lat' dir='ltr'><strong>In</strong></span> <span class='ocrx_word' id='word_1_372' title='bbox 1244 2643 1414 2682; x_wconf 87' lang='lat' dir='ltr'><strong>circuitu</strong></span> <span class='ocrx_word' id='word_1_373' title='bbox 1446 2641 1595 2681; x_wconf 91' lang='lat' dir='ltr'><strong>diverse</strong></span> <span class='ocrx_word' id='word_1_374' title='bbox 1617 2641 1813 2690; x_wconf 88' lang='lat' dir='ltr'><strong>civitates,</strong></span> <span class='ocrx_word' id='word_1_375' title='bbox 1834 2653 1913 2691; x_wconf 91' lang='lat' dir='ltr'><strong>que</strong></span> <span class='ocrx_word' id='word_1_376' title='bbox 1935 2637 1973 2676; x_wconf 89' lang='lat' dir='ltr'><strong>in</strong></span> <span class='ocrx_word' id='word_1_377' title='bbox 1995 2636 2078 2676; x_wconf 88' lang='lat' dir='ltr'><strong>Re-</strong></span> 
     </span>
     <span class='ocr_line' id='line_1_43' title="bbox 692 2695 2076 2762; baseline -0.01 -15"><span class='ocrx_word' id='word_1_378' title='bbox 692 2722 788 2762; x_wconf 81' lang='lat' dir='ltr'><strong>gum</strong></span> <span class='ocrx_word' id='word_1_379' title='bbox 809 2707 1008 2760; x_wconf 81' lang='lat' dir='ltr'><strong>leguntur.</strong></span> <span class='ocrx_word' id='word_1_380' title='bbox 1044 2705 1110 2746; x_wconf 92' lang='lat' dir='ltr'><strong>De</strong></span> <span class='ocrx_word' id='word_1_381' title='bbox 1131 2704 1305 2744; x_wconf 88' lang='lat' dir='ltr'><strong>Thabor</strong></span> <span class='ocrx_word' id='word_1_382' title='bbox 1329 2702 1517 2742; x_wconf 75' lang='lat' dir='ltr'><strong>venimus</strong></span> <span class='ocrx_word' id='word_1_383' title='bbox 1545 2701 1592 2740; x_wconf 87' lang='lat' dir='ltr'><strong>ad</strong></span> <span class='ocrx_word' id='word_1_384' title='bbox 1617 2713 1724 2740; x_wconf 88' lang='lat' dir='ltr'><strong>mare</strong></span> <span class='ocrx_word' id='word_1_385' title='bbox 1744 2695 2006 2752; x_wconf 86' lang='lat' dir='ltr'><strong>Tyberiadis,</strong></span> <span class='ocrx_word' id='word_1_386' title='bbox 2037 2695 2076 2734; x_wconf 90' lang='lat' dir='ltr'><strong>in</strong></span> 
     </span>
    </p>
   </div>
  </div>
 </body>
</html>
