2216 3435
661 255 933 289 OBSIDIONIS
960 255 1226 289 DAMIATE.
1556 263 1571 292 I
1582 261 1643 305 07

275 405 440 468 optime
470 401 712 466 preliabant
751 418 904 447 contra
927 403 1184 448 Sarracenos
1216 405 1261 448 ὃς
1291 403 1451 449 multos
1484 422 1535 450 ex
1564 404 1645 450 iuis
1668 425 1745 455 1219

275 473 541 530 occiderunt,
580 475 625 518 ὃς
655 471 709 518 de
734 473 982 519 Christianis
1012 474 1172 518 mortui
1205 474 1302 518 sunt
1324 475 1396 533 xij,
1431 476 1475 520 ὃς
1507 475 1645 521 nullus

273 544 616 592 Christianorum
663 544 856 590 comedit
898 545 1031 606 usque
1078 543 1134 590 ad
1185 547 1374 591 nod'tem.
1425 547 1647 592 Sarraceni

271 615 478 661 adeuntes
521 614 718 660 dixerunt
754 614 956 660 soldano:
997 618 1065 674 Isti
1077 616 1214 677 sclavi
1253 616 1370 660 valde
1406 622 1579 677 agrestes
1603 618 1643 662 δ’

269 688 442 747 maligni
467 704 603 731 contra
628 704 699 731 nos
722 689 840 744 sunt!

332 757 491 803 XLV-11.
529 760 573 801 In
615 755 684 802 die
710 757 941 803 festivitatis
965 758 1225 803 Sanciorum
1244 765 1256 785 ¹
1291 757 1455 802 Cosme
1488 757 1532 800 ὃς
1556 757 1646 801 Da-
1667 775 1746 814 sept.
1763 784 1811 812 27.

269 828 403 873 miani
425 837 443 856 2
474 844 574 873 ante
604 845 806 873 auroram
837 845 1047 874 venerunt
1080 829 1238 891 Pagani
1269 830 1314 873 ὃς
1349 828 1569 873 Sarraceni
1602 829 1647 872 &

269 899 514 945 direxerunt
550 915 754 961 quattuor
798 899 1011 944 ier-emitas
1053 897 1251 944 ardentes
1288 915 1364 960 per
1401 896 1565 943 flumen
1602 899 1647 942 ὅ(

269 986 500 1033 coopertas
536 970 632 1032 pice
665 972 710 1015 ὃς
744 970 845 1015 oleo
884 987 985 1015 cum
1022 969 1173 1031 stipula
1210 971 1254 1014 ὃς
1289 969 1417 1032 lignis
1449 968 1578 1014 aridis
1602 970 1647 1013 ὃς

267 1041 408 1104 palea,
437 1039 759 1099 comburentes,
784 1057 834 1086 ac
858 1039 885 1085 fi
908 1038 1041 1086 effent
1059 1057 1097 1086 x.
1125 1040 1359 1102 Campane
1384 1042 1429 1084 ὃς
1450 1039 1646 1102 sulphure

269 1114 313 1158 &
334 1111 512 1157 flamma
528 1110 783 1158 videbantur
800 1128 978 1175 tangere
1004 1111 1160 1169 celum,
1175 1113 1220 1156 ὃς
1241 1109 1478 1156 credebant
1497 1110 1647 1156 ardere

64 1204 199 1234 Mf,65
217 1205 248 1233 Β,
270 1199 454 1246 pontem
478 1185 523 1228 ὃς
552 1183 707 1228 intrare
738 1183 958 1228 civitatem
994 1199 1095 1227 cum
1121 1182 1340 1227 frumento
1371 1184 1415 1226 &
1446 1182 1535 1226 aliis
1572 1201 1647 1228 ne-

269 1253 467 1313 ceffariis,
504 1256 549 1299 ὃς
584 1252 610 1298 s1
638 1253 723 1298 hoc
748 1252 1008 1317 contigisset,
1051 1271 1205 1299 omnes
1242 1254 1474 1300 Christiani
1511 1250 1648 1298 effent

268 1324 484 1370 decollati.
528 1322 657 1371 Unde
686 1323 899 1368 maximus
931 1325 1063 1369 timor
1088 1323 1240 1371 invafit
1264 1324 1547 1382 Christianos,
1574 1321 1647 1368 sed

267 1414 344 1459 per
370 1395 563 1441 divinam
586 1395 785 1457 gratiam,
817 1410 1054 1456 antequam
1074 1397 1347 1457 pervenirent
1373 1395 1429 1441 ad
1447 1410 1646 1457 pontem,

267 1468 459 1513 exierunt
483 1464 660 1511 obviam
682 1465 884 1510 ieremitis
908 1467 953 1510 ὃς
988 1466 1274 1512 exstinxerunt
1300 1484 1381 1512 eas.
1409 1466 1454 1510 Et
1476 1465 1550 1510 isso
1578 1464 1647 1510 die

266 1556 359 1584 non
395 1538 697 1599 requieverunt
731 1536 961 1582 Christiani
991 1539 1036 1582 ὃς
1069 1555 1161 1582 non
1193 1537 1479 1589 comederunt
1513 1537 1646 1598 usque

47 1630 81 1660 P.
99 1629 118 1659 f.
139 1639 197 1669 114
211 1631 246 1660 c.
265 1612 455 1656 noc‘tem.
482 1608 526 1654 Et
547 1624 650 1653 tunc
670 1607 757 1653 duo
784 1609 941 1671 Pagani
960 1607 1109 1655 divino
1134 1609 1298 1654 lumine
1316 1618 1330 1647 3
1349 1610 1451 1654 tacti
1475 1607 1531 1654 ad
1563 1608 1645 1653 do-

260 1681 430 1725 minum
449 1680 640 1744 legatum
660 1681 879 1726 venientes
898 1681 956 1725 ita
974 1679 1191 1726 dixerunt:
1215 1683 1252 1725 0
1273 1683 1508 1740 Christiani,
1530 1684 1646 1739 estote

255 1754 485 1812 prudentes,
536 1757 647 1811 quia,
680 1769 885 1810 antequam
909 1754 1065 1813 septem
1100 1754 1188 1796 dies
1216 1755 1391 1809 veniant,
1430 1754 1647 1796 sarraceni

261 1823 300 1867 ὃ*
332 1827 497 1884 Pagani
512 1831 532 1860 4
549 1840 695 1884 putant
706 1823 903 1882 foffatum
926 1824 1091 1884 implere
1115 1823 1154 1867 6³
1174 1841 1244 1867 vos
1269 1842 1422 1883 capere,
1453 1825 1645 1884 scientes,

249 1900 287 1955 fi
320 1898 378 1939 eis
403 1897 580 1953 firmiter
613 1897 852 1952 restiteritis,
885 1895 990 1953 quod
1025 1911 1149 1938 totam
1186 1897 1414 1954 Paganiam
1443 1896 1645 1955 subiuga-

259 1970 410 2011 veritis.
437 1966 595 2027 Pagani
619 1982 721 2011 vero
746 1963 802 2009 ad
829 1965 1077 2023 terminum,
1104 1963 1206 2009 sicut
1230 1963 1441 2023 dixerunt,
1468 1966 1643 2010 venien—

259 2053 319 2082 tes
346 2037 389 2082 in
420 2034 626 2081 fossatum
650 2037 807 2080 intrare
834 2037 878 2081 ὅς
902 2034 1007 2080 illud
1033 2035 1216 2098 implere
1241 2035 1459 2093 volentes,
1496 2036 1642 2081 Chris-

259 2109 362 2153 tiani
398 2125 577 2170 quoque
613 2107 700 2152 hoc
724 2106 935 2165 videntes,
973 2108 1111 2152 statim
1136 2107 1269 2152 castra
1292 2108 1515 2170 lignorum
1541 2123 1642 2153 ante

258 2196 333 2224 eos
372 2179 712 2237 construxerunt,
760 2179 882 2240 super
926 2176 1080 2240 quibus
1109 2178 1339 2224 Christiani
1384 2178 1538 2223 stantes
1578 2179 1643 2223 su-

258 2249 413 2296 dibuss
444 2251 578 2295 acutis
603 2251 648 2295 &
673 2248 886 2312 lapidibus
911 2250 1098 2314 graviter
1130 2248 1446 2312 percutiebant,
1494 2250 1642 2313 ignem

257 2324 302 2368 &
327 2321 603 2384 sulphurem6
632 2323 677 2366 ὃς
712 2320 852 2366 trabes
889 2321 1012 2384 super
1048 2322 1143 2367 illos
1184 2323 1458 2384 proiicientes
1479 2331 1495 2358 7
1532 2322 1642 2367 mul-

258 2410 324 2439 tos
352 2394 367 2422 3
410 2393 604 2456 Paganos
639 2393 770 2438 morti
812 2391 1093 2438 tradiderunt.
1133 2393 1343 2439 Videntes
1383 2410 1530 2439 tamen
1572 2393 1642 2438 Pa-

309 2517 319 2536 ι
346 2504 376 2536 Ρ.
397 2515 453 2536 om.
472 2523 516 2527 —
536 2516 554 2536 2
581 2502 706 2535 Abhinc
729 2502 828 2547 usque
858 2505 901 2535 Et
923 2510 1002 2535 tunc
1023 2503 1138 2545 desunt
1160 2503 1266 2536 omnia
1284 2503 1316 2536 in
1336 2504 1383 2542 R,
1408 2504 1464 2536 ubi
1489 2503 1643 2546 legimus.-

258 2556 388 2601 Pagani
415 2557 445 2588 δι
471 2555 641 2589 sarraceni
676 2557 718 2589 ad
746 2555 903 2589 fossatum
937 2556 1198 2589 Christianorum
1229 2569 1344 2589 omnes
1379 2557 1557 2597 venientes,
1593 2557 1639 2589 set

258 2608 430 2642 Christiani
460 2616 552 2642 extra
582 2610 684 2642 castra
703 2610 822 2642 armati
847 2617 1002 2642 exeuntes
1030 2609 1177 2653 stipulam
1201 2611 1231 2642 Sc
1261 2610 1389 2654 paleam
1416 2612 1445 2643 δι
1470 2610 1548 2642 alias
1581 2621 1641 2650 τες,

257 2674 338 2706 quas
364 2674 465 2707 prope
491 2661 645 2696 fossatum
675 2663 860 2707 posuerant,
888 2664 963 2707 igne
982 2664 1237 2696 combuxerunt.
1261 2684 1298 2687 —
1336 2676 1350 2704 3
1375 2665 1422 2697 M.
1447 2664 1639 2696 munimine.

260 2735 301 2740 —
321 2730 343 2758 4
363 2717 394 2749 P.
415 2728 471 2749 om.
494 2718 575 2749 Sarr.
595 2717 624 2749 δι
643 2718 725 2760 Pag.
746 2737 790 2741 ——
813 2730 826 2759 ς
857 2718 907 2750 Μ.
931 2716 1099 2750 subilibus.
1121 2737 1164 2742 —-
1186 2720 1204 2750 6
1231 2719 1259 2750 Ρ.
1281 2719 1362 2752 add.
1387 2718 1573 2752 accensum.
1597 2737 1640 2743 —

258 2781 274 2813 7
297 2770 327 2806 P.
348 2769 572 2817 proiiciebant.
593 2790 637 2795 —
661 2774 676 2802 8
705 2772 736 2804 P.
754 2770 859 2804 inulti.
