<?xml version="1.0" encoding="UTF-8"?>
<!DOCTYPE html PUBLIC "-//W3C//DTD XHTML 1.0 Transitional//EN"
    "http://www.w3.org/TR/xhtml1/DTD/xhtml1-transitional.dtd">
<html xmlns="http://www.w3.org/1999/xhtml" xml:lang="en" lang="en">
 <head>
  <title>
</title>
<meta http-equiv="Content-Type" content="text/html;charset=utf-8" />
  <meta name='ocr-system' content='tesseract 3.04.00' />
  <meta name='ocr-capabilities' content='ocr_page ocr_carea ocr_par ocr_line ocrx_word'/>
</head>
<body>
  <div class='ocr_page' id='page_1' title='image "./p1itinerahierosoly1tobl_0417.png"; bbox 0 0 2216 3435; ppageno 0'>
   <div class='ocr_carea' id='block_1_1' title="bbox 0 0 21 3435">
    <p class='ocr_par' dir='ltr' id='par_1_1' title="bbox 0 0 21 3435">
     <span class='ocr_line' id='line_1_1' title="bbox 0 0 21 3435; baseline 0 0"><span class='ocrx_word' id='word_1_1' title='bbox 0 0 21 3435; x_wconf 95' lang='lat' dir='ltr'> </span> 
     </span>
    </p>
   </div>
   <div class='ocr_carea' id='block_1_2' title="bbox 723 296 1654 348">
    <p class='ocr_par' dir='ltr' id='par_1_2' title="bbox 723 296 1654 348">
     <span class='ocr_line' id='line_1_2' title="bbox 723 296 1654 348; baseline 0.001 -20"><span class='ocrx_word' id='word_1_2' title='bbox 723 296 789 328; x_wconf 89' lang='lat' dir='ltr'>DE</span> <span class='ocrx_word' id='word_1_3' title='bbox 814 297 951 329; x_wconf 93' lang='lat' dir='ltr'>LOCIS</span> <span class='ocrx_word' id='word_1_4' title='bbox 980 296 1200 329; x_wconf 89' lang='lat' dir='ltr'>SANCTIS.</span> <span class='ocrx_word' id='word_1_5' title='bbox 1565 296 1654 348; x_wconf 71' lang='lat'>355</span> 
     </span>
    </p>
   </div>
   <div class='ocr_carea' id='block_1_3' title="bbox 995 376 1554 380">
    <p class='ocr_par' dir='ltr' id='par_1_3' title="bbox 995 376 1554 380">
     <span class='ocr_line' id='line_1_3' title="bbox 995 376 1554 380; baseline 0 0"><span class='ocrx_word' id='word_1_6' title='bbox 995 376 1554 380; x_wconf 95' lang='lat' dir='ltr'> </span> 
     </span>
    </p>
   </div>
   <div class='ocr_carea' id='block_1_4' title="bbox 141 445 1793 2798">
    <p class='ocr_par' dir='ltr' id='par_1_4' title="bbox 283 445 1653 558">
     <span class='ocr_line' id='line_1_4' title="bbox 283 445 1653 498; baseline 0.002 -13"><span class='ocrx_word' id='word_1_7' title='bbox 283 446 366 485; x_wconf 88' lang='lat' dir='ltr'>mil.</span> <span class='ocrx_word' id='word_1_8' title='bbox 395 461 489 496; x_wconf 85' lang='lat' dir='ltr'>xxx,</span> <span class='ocrx_word' id='word_1_9' title='bbox 509 445 576 484; x_wconf 92' lang='lat' dir='ltr'>ubi</span> <span class='ocrx_word' id='word_1_10' title='bbox 595 445 822 498; x_wconf 85' lang='lat' dir='ltr'>baptizatus</span> <span class='ocrx_word' id='word_1_11' title='bbox 839 446 894 486; x_wconf 91' lang='lat' dir='ltr'>est</span> <span class='ocrx_word' id='word_1_12' title='bbox 913 445 1069 486; x_wconf 66' lang='lat' dir='ltr'>sanetus</span> <span class='ocrx_word' id='word_1_13' title='bbox 1086 446 1305 487; x_wconf 89' lang='lat' dir='ltr'>Cornelius</span> <span class='ocrx_word' id='word_1_14' title='bbox 1327 461 1349 485; x_wconf 91' lang='lat' dir='ltr'>a</span> <span class='ocrx_word' id='word_1_15' title='bbox 1370 447 1504 487; x_wconf 60' lang='lat' dir='ltr'>saneto</span> <span class='ocrx_word' id='word_1_16' title='bbox 1524 447 1653 488; x_wconf 81' lang='lat' dir='ltr'>Petro.</span> 
     </span>
     <span class='ocr_line' id='line_1_5' title="bbox 283 503 792 558; baseline 0 -14"><span class='ocrx_word' id='word_1_17' title='bbox 283 503 343 544; x_wconf 90' lang='lat' dir='ltr'>Ibi</span> <span class='ocrx_word' id='word_1_18' title='bbox 366 505 602 558; x_wconf 86' lang='lat' dir='ltr'>martyrium</span> <span class='ocrx_word' id='word_1_19' title='bbox 623 505 792 557; x_wconf 89' lang='lat' dir='ltr'>accepit.</span> 
     </span>
    </p>

    <p class='ocr_par' dir='ltr' id='par_1_5' title="bbox 282 562 1793 793">
     <span class='ocr_line' id='line_1_6' title="bbox 337 562 1793 620; baseline -0.001 -17"><span class='ocrx_word' id='word_1_20' title='bbox 337 563 404 603; x_wconf 89' lang='lat' dir='ltr'>De</span> <span class='ocrx_word' id='word_1_21' title='bbox 425 563 583 620; x_wconf 80' lang='lat' dir='ltr'>Cesaria</span> <span class='ocrx_word' id='word_1_22' title='bbox 604 562 726 616; x_wconf 90' lang='lat' dir='ltr'>usque</span> <span class='ocrx_word' id='word_1_23' title='bbox 747 564 794 602; x_wconf 88' lang='lat' dir='ltr'>ad</span> <span class='ocrx_word' id='word_1_24' title='bbox 826 565 1015 604; x_wconf 74' lang='lat' dir='ltr'>Nazaret</span> <span class='ocrx_word' id='word_1_25' title='bbox 1033 563 1116 603; x_wconf 91' lang='lat' dir='ltr'>mil.</span> <span class='ocrx_word' id='word_1_26' title='bbox 1138 578 1176 614; x_wconf 88' lang='lat' dir='ltr'>v,</span> <span class='ocrx_word' id='word_1_27' title='bbox 1206 564 1273 602; x_wconf 92' lang='lat' dir='ltr'>ubi</span> <span class='ocrx_word' id='word_1_28' title='bbox 1295 574 1411 604; x_wconf 86' lang='lat' dir='ltr'>natus</span> <span class='ocrx_word' id='word_1_29' title='bbox 1438 564 1493 603; x_wconf 90' lang='lat' dir='ltr'>est</span> <span class='ocrx_word' id='word_1_30' title='bbox 1513 563 1655 618; x_wconf 89' lang='lat' dir='ltr'>Ioseph</span> <span class='ocrx_word' id='word_1_31' title='bbox 1680 572 1793 602; x_wconf 87' lang='lat' dir='ltr'>XXVI</span> 
     </span>
     <span class='ocr_line' id='line_1_7' title="bbox 282 620 1660 676; baseline 0.002 -15"><span class='ocrx_word' id='word_1_32' title='bbox 282 622 443 675; x_wconf 91' lang='lat' dir='ltr'>sponsus</span> <span class='ocrx_word' id='word_1_33' title='bbox 465 623 580 661; x_wconf 89' lang='lat' dir='ltr'>beate</span> <span class='ocrx_word' id='word_1_34' title='bbox 597 620 733 661; x_wconf 87' lang='lat' dir='ltr'>Marie</span> <span class='ocrx_word' id='word_1_35' title='bbox 755 623 932 676; x_wconf 84' lang='lat' dir='ltr'>virginis.</span> <span class='ocrx_word' id='word_1_36' title='bbox 956 621 1023 662; x_wconf 91' lang='lat' dir='ltr'>De</span> <span class='ocrx_word' id='word_1_37' title='bbox 1040 623 1229 663; x_wconf 79' lang='lat' dir='ltr'>Nazaret</span> <span class='ocrx_word' id='word_1_38' title='bbox 1251 623 1373 675; x_wconf 87' lang='lat' dir='ltr'>usque</span> <span class='ocrx_word' id='word_1_39' title='bbox 1393 623 1433 661; x_wconf 91' lang='lat' dir='ltr'>in</span> <span class='ocrx_word' id='word_1_40' title='bbox 1455 624 1660 664; x_wconf 78' lang='lat' dir='ltr'>Sicetaburi</span> 
     </span>
     <span class='ocr_line' id='line_1_8' title="bbox 282 679 1659 734; baseline 0.002 -14"><span class='ocrx_word' id='word_1_41' title='bbox 282 680 365 720; x_wconf 91' lang='lat' dir='ltr'>mil.</span> <span class='ocrx_word' id='word_1_42' title='bbox 387 681 454 734; x_wconf 88' lang='lat' dir='ltr'>vij,</span> <span class='ocrx_word' id='word_1_43' title='bbox 476 681 543 719; x_wconf 93' lang='lat' dir='ltr'>ubi</span> <span class='ocrx_word' id='word_1_44' title='bbox 566 680 773 720; x_wconf 86' lang='lat' dir='ltr'>Dominus</span> <span class='ocrx_word' id='word_1_45' title='bbox 795 681 883 734; x_wconf 89' lang='lat' dir='ltr'>post</span> <span class='ocrx_word' id='word_1_46' title='bbox 903 680 1237 721; x_wconf 69' lang='lat' dir='ltr'>resurreffionem</span> <span class='ocrx_word' id='word_1_47' title='bbox 1258 679 1449 733; x_wconf 90' lang='lat' dir='ltr'>apostolis</span> <span class='ocrx_word' id='word_1_48' title='bbox 1472 684 1659 734; x_wconf 88' lang='lat' dir='ltr'>apparuit</span> 
     </span>
     <span class='ocr_line' id='line_1_9' title="bbox 285 739 726 793; baseline -0.002 -14"><span class='ocrx_word' id='word_1_49' title='bbox 285 739 529 793; x_wconf 86' lang='lat' dir='ltr'>piscantibus</span> <span class='ocrx_word' id='word_1_50' title='bbox 551 739 590 777; x_wconf 91' lang='lat' dir='ltr'>in</span> <span class='ocrx_word' id='word_1_51' title='bbox 613 739 726 778; x_wconf 90' lang='lat' dir='ltr'>mari.</span> 
     </span>
    </p>

    <p class='ocr_par' dir='ltr' id='par_1_6' title="bbox 335 797 1760 852">
     <span class='ocr_line' id='line_1_10' title="bbox 335 797 1760 852; baseline 0.003 -14"><span class='ocrx_word' id='word_1_52' title='bbox 335 798 402 838; x_wconf 88' lang='lat' dir='ltr'>De</span> <span class='ocrx_word' id='word_1_53' title='bbox 425 797 605 837; x_wconf 81' lang='lat' dir='ltr'>Nacaret</span> <span class='ocrx_word' id='word_1_54' title='bbox 622 797 744 850; x_wconf 89' lang='lat' dir='ltr'>usque</span> <span class='ocrx_word' id='word_1_55' title='bbox 767 799 813 837; x_wconf 93' lang='lat' dir='ltr'>ad</span> <span class='ocrx_word' id='word_1_56' title='bbox 838 798 975 838; x_wconf 89' lang='lat' dir='ltr'>locum</span> <span class='ocrx_word' id='word_1_57' title='bbox 993 800 1058 839; x_wconf 91' lang='lat' dir='ltr'>ubi</span> <span class='ocrx_word' id='word_1_58' title='bbox 1081 800 1303 852; x_wconf 84' lang='lat' dir='ltr'>baptizavit</span> <span class='ocrx_word' id='word_1_59' title='bbox 1324 799 1480 839; x_wconf 61' lang='lat' dir='ltr'>sanetus</span> <span class='ocrx_word' id='word_1_60' title='bbox 1504 798 1657 852; x_wconf 85' lang='lat' dir='ltr'>Philip·</span> <span class='ocrx_word' id='word_1_61' title='bbox 1679 811 1760 841; x_wconf 71' lang='lat' dir='ltr'>XXI</span> 
     </span>
    </p>

    <p class='ocr_par' dir='ltr' id='par_1_7' title="bbox 141 856 1660 1087">
     <span class='ocr_line' id='line_1_11' title="bbox 141 856 1656 912; baseline 0.002 -18"><span class='ocrx_word' id='word_1_62' title='bbox 141 863 161 894; x_wconf 91' lang='lat' dir='ltr'>f.</span> <span class='ocrx_word' id='word_1_63' title='bbox 179 873 215 903; x_wconf 89' lang='lat'>25</span> <span class='ocrx_word' id='word_1_64' title='bbox 234 864 261 894; x_wconf 90' lang='lat' dir='ltr'>b.</span> <span class='ocrx_word' id='word_1_65' title='bbox 281 871 355 911; x_wconf 88' lang='lat' dir='ltr'>pus</span> <span class='ocrx_word' id='word_1_66' title='bbox 376 856 610 896; x_wconf 89' lang='lat' dir='ltr'>eunuchum</span> <span class='ocrx_word' id='word_1_67' title='bbox 630 857 714 895; x_wconf 86' lang='lat' dir='ltr'>mil.</span> <span class='ocrx_word' id='word_1_68' title='bbox 735 857 814 911; x_wconf 82' lang='lat' dir='ltr'>xvj.</span> <span class='ocrx_word' id='word_1_69' title='bbox 850 857 1014 897; x_wconf 87' lang='lat' dir='ltr'><strong>Deinde</strong></span> <span class='ocrx_word' id='word_1_70' title='bbox 1036 858 1157 912; x_wconf 88' lang='lat' dir='ltr'>usque</span> <span class='ocrx_word' id='word_1_71' title='bbox 1178 860 1225 898; x_wconf 85' lang='lat' dir='ltr'>ad</span> <span class='ocrx_word' id='word_1_72' title='bbox 1249 870 1350 898; x_wconf 90' lang='lat' dir='ltr'>terra</span> <span class='ocrx_word' id='word_1_73' title='bbox 1370 859 1513 909; x_wconf 65' lang='lat' dir='ltr'>ventu,</span> <span class='ocrx_word' id='word_1_74' title='bbox 1547 859 1656 911; x_wconf 92' lang='lat' dir='ltr'>quod</span> 
     </span>
     <span class='ocr_line' id='line_1_12' title="bbox 281 915 1660 971; baseline -0.001 -14"><span class='ocrx_word' id='word_1_75' title='bbox 281 915 504 971; x_wconf 85' lang='lat' dir='ltr'>appellatur</span> <span class='ocrx_word' id='word_1_76' title='bbox 521 915 816 967; x_wconf 68' lang='lat' dir='ltr'>IliceMambre,</span> <span class='ocrx_word' id='word_1_77' title='bbox 833 917 916 956; x_wconf 89' lang='lat' dir='ltr'>mil.</span> <span class='ocrx_word' id='word_1_78' title='bbox 928 918 982 971; x_wconf 89' lang='lat' dir='ltr'>iij.</span> <span class='ocrx_word' id='word_1_79' title='bbox 999 915 1325 970; x_wconf 87' lang='lat' dir='ltr'>Ibirequiescunt</span> <span class='ocrx_word' id='word_1_80' title='bbox 1341 931 1517 970; x_wconf 87' lang='lat' dir='ltr'>corpora</span> <span class='ocrx_word' id='word_1_81' title='bbox 1529 917 1660 956; x_wconf 82' lang='lat' dir='ltr'>Abra-</span> 
     </span>
     <span class='ocr_line' id='line_1_13' title="bbox 280 973 1657 1030; baseline -0.001 -15"><span class='ocrx_word' id='word_1_82' title='bbox 280 977 386 1025; x_wconf 88' lang='lat' dir='ltr'>ham,</span> <span class='ocrx_word' id='word_1_83' title='bbox 407 973 513 1013; x_wconf 88' lang='lat' dir='ltr'>Isaac</span> <span class='ocrx_word' id='word_1_84' title='bbox 529 973 708 1015; x_wconf 86' lang='lat' dir='ltr'>&amp;Iacob</span> <span class='ocrx_word' id='word_1_85' title='bbox 745 974 812 1014; x_wconf 87' lang='lat' dir='ltr'>De</span> <span class='ocrx_word' id='word_1_86' title='bbox 830 986 931 1015; x_wconf 88' lang='lat' dir='ltr'>terra</span> <span class='ocrx_word' id='word_1_87' title='bbox 947 977 1072 1016; x_wconf 85' lang='lat' dir='ltr'>vetitu</span> <span class='ocrx_word' id='word_1_88' title='bbox 1089 976 1210 1030; x_wconf 91' lang='lat' dir='ltr'>usque</span> <span class='ocrx_word' id='word_1_89' title='bbox 1229 978 1267 1016; x_wconf 88' lang='lat' dir='ltr'>in</span> <span class='ocrx_word' id='word_1_90' title='bbox 1285 976 1473 1029; x_wconf 88' lang='lat' dir='ltr'>spelunca</span> <span class='ocrx_word' id='word_1_91' title='bbox 1490 975 1657 1028; x_wconf 86' lang='lat' dir='ltr'>duplici,</span> 
     </span>
     <span class='ocr_line' id='line_1_14' title="bbox 282 1034 977 1087; baseline 0.003 -15"><span class='ocrx_word' id='word_1_92' title='bbox 282 1048 361 1087; x_wconf 90' lang='lat' dir='ltr'>que</span> <span class='ocrx_word' id='word_1_93' title='bbox 383 1044 549 1072; x_wconf 87' lang='lat' dir='ltr'>vocatur</span> <span class='ocrx_word' id='word_1_94' title='bbox 570 1034 725 1084; x_wconf 74' lang='lat' dir='ltr'><em>Cebron,</em></span> <span class='ocrx_word' id='word_1_95' title='bbox 746 1034 858 1074; x_wconf 90' lang='lat' dir='ltr'>milia</span> <span class='ocrx_word' id='word_1_96' title='bbox 883 1035 977 1074; x_wconf 91' lang='lat' dir='ltr'>duo.</span> 
     </span>
    </p>

    <p class='ocr_par' dir='ltr' id='par_1_8' title="bbox 283 1091 1790 1205">
     <span class='ocr_line' id='line_1_15' title="bbox 335 1091 1790 1148; baseline 0 -17"><span class='ocrx_word' id='word_1_97' title='bbox 335 1091 403 1132; x_wconf 89' lang='lat' dir='ltr'>De</span> <span class='ocrx_word' id='word_1_98' title='bbox 429 1092 677 1148; x_wconf 69' lang='lat' dir='ltr'>Hierusalem</span> <span class='ocrx_word' id='word_1_99' title='bbox 708 1093 828 1146; x_wconf 86' lang='lat' dir='ltr'>usque</span> <span class='ocrx_word' id='word_1_100' title='bbox 859 1095 898 1133; x_wconf 92' lang='lat' dir='ltr'>in</span> <span class='ocrx_word' id='word_1_101' title='bbox 926 1093 1138 1145; x_wconf 77' lang='lat' dir='ltr'>Ramatha,</span> <span class='ocrx_word' id='word_1_102' title='bbox 1168 1095 1235 1134; x_wconf 91' lang='lat' dir='ltr'>ubi</span> <span class='ocrx_word' id='word_1_103' title='bbox 1266 1093 1478 1148; x_wconf 86' lang='lat' dir='ltr'>requiescit</span> <span class='ocrx_word' id='word_1_104' title='bbox 1498 1093 1659 1134; x_wconf 84' lang='lat' dir='ltr'>Samuel</span> <span class='ocrx_word' id='word_1_105' title='bbox 1679 1101 1790 1132; x_wconf 85' lang='lat' dir='ltr'>XXIV</span> 
     </span>
     <span class='ocr_line' id='line_1_16' title="bbox 283 1152 642 1205; baseline 0.003 -15"><span class='ocrx_word' id='word_1_106' title='bbox 283 1152 480 1205; x_wconf 89' lang='lat' dir='ltr'>propheta</span> <span class='ocrx_word' id='word_1_107' title='bbox 501 1152 584 1191; x_wconf 90' lang='lat' dir='ltr'>mil.</span> <span class='ocrx_word' id='word_1_108' title='bbox 607 1166 642 1191; x_wconf 87' lang='lat' dir='ltr'>v.</span> 
     </span>
    </p>

    <p class='ocr_par' dir='ltr' id='par_1_9' title="bbox 281 1210 1741 1325">
     <span class='ocr_line' id='line_1_17' title="bbox 336 1210 1741 1265; baseline 0 -15"><span class='ocrx_word' id='word_1_109' title='bbox 336 1210 500 1250; x_wconf 85' lang='lat' dir='ltr'>Deinde</span> <span class='ocrx_word' id='word_1_110' title='bbox 530 1214 650 1264; x_wconf 71' lang='lat' dir='ltr'>utque</span> <span class='ocrx_word' id='word_1_111' title='bbox 677 1211 724 1250; x_wconf 91' lang='lat' dir='ltr'>ad</span> <span class='ocrx_word' id='word_1_112' title='bbox 757 1212 926 1250; x_wconf 90' lang='lat' dir='ltr'>domum</span> <span class='ocrx_word' id='word_1_113' title='bbox 949 1212 1151 1251; x_wconf 90' lang='lat' dir='ltr'>Zacharie</span> <span class='ocrx_word' id='word_1_114' title='bbox 1183 1213 1306 1265; x_wconf 88' lang='lat' dir='ltr'>patris</span> <span class='ocrx_word' id='word_1_115' title='bbox 1336 1211 1530 1252; x_wconf 84' lang='lat' dir='ltr'>Iohannis</span> <span class='ocrx_word' id='word_1_116' title='bbox 1553 1212 1659 1265; x_wconf 88' lang='lat' dir='ltr'>Bap-</span> <span class='ocrx_word' id='word_1_117' title='bbox 1679 1220 1741 1250; x_wconf 89' lang='lat' dir='ltr'>XV</span> 
     </span>
     <span class='ocr_line' id='line_1_18' title="bbox 281 1268 1138 1325; baseline 0.002 -17"><span class='ocrx_word' id='word_1_118' title='bbox 281 1270 368 1308; x_wconf 85' lang='lat' dir='ltr'>tiste</span> <span class='ocrx_word' id='word_1_119' title='bbox 391 1269 428 1309; x_wconf 66' lang='grc' dir='ltr'>ἃ</span> <span class='ocrx_word' id='word_1_120' title='bbox 449 1269 586 1308; x_wconf 88' lang='lat' dir='ltr'>matris</span> <span class='ocrx_word' id='word_1_121' title='bbox 607 1269 655 1308; x_wconf 83' lang='lat' dir='ltr'>sei</span> <span class='ocrx_word' id='word_1_122' title='bbox 679 1270 759 1324; x_wconf 76' lang='lat' dir='ltr'>(stc)</span> <span class='ocrx_word' id='word_1_123' title='bbox 781 1268 984 1309; x_wconf 85' lang='lat' dir='ltr'>Elisabeth</span> <span class='ocrx_word' id='word_1_124' title='bbox 1008 1270 1091 1311; x_wconf 88' lang='lat' dir='ltr'>mil.</span> <span class='ocrx_word' id='word_1_125' title='bbox 1107 1271 1138 1325; x_wconf 91' lang='lat' dir='ltr'>j.</span> 
     </span>
    </p>

    <p class='ocr_par' dir='ltr' id='par_1_10' title="bbox 281 1327 1757 1440">
     <span class='ocr_line' id='line_1_19' title="bbox 336 1327 1757 1383; baseline 0.001 -17"><span class='ocrx_word' id='word_1_126' title='bbox 336 1327 499 1367; x_wconf 87' lang='lat' dir='ltr'>Deinde</span> <span class='ocrx_word' id='word_1_127' title='bbox 529 1328 708 1377; x_wconf 62' lang='lat' dir='ltr'>Anatha,</span> <span class='ocrx_word' id='word_1_128' title='bbox 737 1329 804 1367; x_wconf 93' lang='lat' dir='ltr'>ubi</span> <span class='ocrx_word' id='word_1_129' title='bbox 838 1339 955 1369; x_wconf 90' lang='lat' dir='ltr'>natus</span> <span class='ocrx_word' id='word_1_130' title='bbox 987 1329 1042 1368; x_wconf 86' lang='lat' dir='ltr'>est</span> <span class='ocrx_word' id='word_1_131' title='bbox 1071 1329 1226 1370; x_wconf 63' lang='lat' dir='ltr'>sancstus</span> <span class='ocrx_word' id='word_1_132' title='bbox 1256 1330 1521 1370; x_wconf 90' lang='lat' dir='ltr'>Hieronimus</span> <span class='ocrx_word' id='word_1_133' title='bbox 1553 1330 1659 1383; x_wconf 86' lang='lat' dir='ltr'>pres-</span> <span class='ocrx_word' id='word_1_134' title='bbox 1678 1338 1757 1368; x_wconf 90' lang='lat' dir='ltr'>XIV</span> 
     </span>
     <span class='ocr_line' id='line_1_20' title="bbox 281 1387 888 1440; baseline 0 -14"><span class='ocrx_word' id='word_1_135' title='bbox 281 1388 394 1437; x_wconf 82' lang='lat' dir='ltr'>biter,</span> <span class='ocrx_word' id='word_1_136' title='bbox 416 1387 469 1426; x_wconf 92' lang='lat' dir='ltr'>ibi</span> <span class='ocrx_word' id='word_1_137' title='bbox 490 1387 715 1440; x_wconf 74' lang='lat' dir='ltr'>requiescit,</span> <span class='ocrx_word' id='word_1_138' title='bbox 732 1387 815 1426; x_wconf 89' lang='lat' dir='ltr'>mil.</span> <span class='ocrx_word' id='word_1_139' title='bbox 836 1387 888 1440; x_wconf 87' lang='lat' dir='ltr'>vj.</span> 
     </span>
    </p>

    <p class='ocr_par' dir='ltr' id='par_1_11' title="bbox 176 1444 1760 1678">
     <span class='ocr_line' id='line_1_21' title="bbox 176 1444 1760 1499; baseline 0.001 -15"><span class='ocrx_word' id='word_1_140' title='bbox 176 1445 195 1474; x_wconf 92' lang='lat' dir='ltr'>f.</span> <span class='ocrx_word' id='word_1_141' title='bbox 213 1446 264 1476; x_wconf 80' lang='lat'>26·</span> <span class='ocrx_word' id='word_1_142' title='bbox 336 1445 500 1485; x_wconf 91' lang='lat' dir='ltr'>Deinde</span> <span class='ocrx_word' id='word_1_143' title='bbox 521 1446 561 1484; x_wconf 90' lang='lat' dir='ltr'>in</span> <span class='ocrx_word' id='word_1_144' title='bbox 573 1444 759 1484; x_wconf 72' lang='lat' dir='ltr'>Bethania</span> <span class='ocrx_word' id='word_1_145' title='bbox 775 1445 859 1485; x_wconf 84' lang='lat' dir='ltr'>mil.</span> <span class='ocrx_word' id='word_1_146' title='bbox 877 1447 916 1499; x_wconf 86' lang='lat' dir='ltr'>ij,</span> <span class='ocrx_word' id='word_1_147' title='bbox 939 1447 1004 1486; x_wconf 92' lang='lat' dir='ltr'>ubi</span> <span class='ocrx_word' id='word_1_148' title='bbox 1026 1447 1209 1488; x_wconf 88' lang='lat' dir='ltr'>Christus</span> <span class='ocrx_word' id='word_1_149' title='bbox 1227 1447 1435 1487; x_wconf 84' lang='lat' dir='ltr'>Lazarum</span> <span class='ocrx_word' id='word_1_150' title='bbox 1449 1446 1658 1486; x_wconf 88' lang='lat' dir='ltr'>suscitavit.</span> <span class='ocrx_word' id='word_1_151' title='bbox 1679 1449 1760 1481; x_wconf 84' lang='lat' dir='ltr'>XIII</span> 
     </span>
     <span class='ocr_line' id='line_1_22' title="bbox 282 1503 1659 1560; baseline 0 -15"><span class='ocrx_word' id='word_1_152' title='bbox 282 1504 350 1545; x_wconf 90' lang='lat' dir='ltr'>De</span> <span class='ocrx_word' id='word_1_153' title='bbox 368 1503 556 1544; x_wconf 71' lang='lat' dir='ltr'>Bethania</span> <span class='ocrx_word' id='word_1_154' title='bbox 577 1503 700 1557; x_wconf 90' lang='lat' dir='ltr'>usque</span> <span class='ocrx_word' id='word_1_155' title='bbox 723 1504 760 1543; x_wconf 93' lang='lat' dir='ltr'>in</span> <span class='ocrx_word' id='word_1_156' title='bbox 782 1514 897 1544; x_wconf 82' lang='lat' dir='ltr'>monte</span> <span class='ocrx_word' id='word_1_157' title='bbox 919 1505 1076 1557; x_wconf 76' lang='lat' dir='ltr'>oliveti,</span> <span class='ocrx_word' id='word_1_158' title='bbox 1107 1507 1217 1559; x_wconf 90' lang='lat' dir='ltr'>quod</span> <span class='ocrx_word' id='word_1_159' title='bbox 1241 1506 1422 1546; x_wconf 89' lang='lat' dir='ltr'>scribitur</span> <span class='ocrx_word' id='word_1_160' title='bbox 1449 1506 1571 1545; x_wconf 88' lang='lat' dir='ltr'>stadia</span> <span class='ocrx_word' id='word_1_161' title='bbox 1592 1506 1659 1560; x_wconf 87' lang='lat' dir='ltr'>vij,</span> 
     </span>
     <span class='ocr_line' id='line_1_23' title="bbox 279 1561 1656 1618; baseline 0.001 -15"><span class='ocrx_word' id='word_1_162' title='bbox 279 1564 496 1603; x_wconf 90' lang='lat' dir='ltr'>miliarium</span> <span class='ocrx_word' id='word_1_163' title='bbox 518 1577 656 1602; x_wconf 91' lang='lat' dir='ltr'>unum.</span> <span class='ocrx_word' id='word_1_164' title='bbox 690 1561 791 1602; x_wconf 90' lang='lat' dir='ltr'>Inde</span> <span class='ocrx_word' id='word_1_165' title='bbox 814 1563 1022 1604; x_wconf 89' lang='lat' dir='ltr'>Dominus</span> <span class='ocrx_word' id='word_1_166' title='bbox 1045 1566 1084 1604; x_wconf 92' lang='lat' dir='ltr'>in</span> <span class='ocrx_word' id='word_1_167' title='bbox 1107 1565 1214 1605; x_wconf 87' lang='lat' dir='ltr'>caelis</span> <span class='ocrx_word' id='word_1_168' title='bbox 1244 1565 1421 1605; x_wconf 87' lang='lat' dir='ltr'>ascendit</span> <span class='ocrx_word' id='word_1_169' title='bbox 1453 1565 1491 1605; x_wconf 85' lang='lat'>&amp;</span> <span class='ocrx_word' id='word_1_170' title='bbox 1513 1566 1551 1604; x_wconf 91' lang='lat' dir='ltr'>in</span> <span class='ocrx_word' id='word_1_171' title='bbox 1574 1564 1656 1618; x_wconf 93' lang='lat' dir='ltr'>ipso</span> 
     </span>
     <span class='ocr_line' id='line_1_24' title="bbox 279 1621 1306 1678; baseline 0.002 -16"><span class='ocrx_word' id='word_1_172' title='bbox 279 1632 418 1662; x_wconf 88' lang='lat' dir='ltr'>monte</span> <span class='ocrx_word' id='word_1_173' title='bbox 439 1621 527 1660; x_wconf 87' lang='lat' dir='ltr'>sunt</span> <span class='ocrx_word' id='word_1_174' title='bbox 547 1621 768 1675; x_wconf 83' lang='lat' dir='ltr'>fabricat[e]</span> <span class='ocrx_word' id='word_1_175' title='bbox 793 1622 969 1662; x_wconf 86' lang='lat' dir='ltr'>ecclefiae</span> <span class='ocrx_word' id='word_1_176' title='bbox 989 1637 1159 1664; x_wconf 90' lang='lat' dir='ltr'>numero</span> <span class='ocrx_word' id='word_1_177' title='bbox 1181 1625 1306 1678; x_wconf 88' lang='lat' dir='ltr'>xxiiij.</span> 
     </span>
    </p>

    <p class='ocr_par' dir='ltr' id='par_1_12' title="bbox 276 1680 1740 1854">
     <span class='ocr_line' id='line_1_25' title="bbox 332 1680 1740 1737; baseline 0.001 -17"><span class='ocrx_word' id='word_1_178' title='bbox 332 1680 399 1720; x_wconf 90' lang='lat' dir='ltr'>De</span> <span class='ocrx_word' id='word_1_179' title='bbox 427 1690 541 1720; x_wconf 84' lang='lat' dir='ltr'>monte</span> <span class='ocrx_word' id='word_1_180' title='bbox 564 1680 709 1721; x_wconf 82' lang='lat' dir='ltr'>Oliveti</span> <span class='ocrx_word' id='word_1_181' title='bbox 737 1681 860 1734; x_wconf 84' lang='lat' dir='ltr'>usque</span> <span class='ocrx_word' id='word_1_182' title='bbox 887 1682 926 1721; x_wconf 91' lang='lat' dir='ltr'>in</span> <span class='ocrx_word' id='word_1_183' title='bbox 949 1682 1013 1722; x_wconf 91' lang='lat' dir='ltr'>via</span> <span class='ocrx_word' id='word_1_184' title='bbox 1032 1683 1224 1737; x_wconf 85' lang='lat' dir='ltr'>Ermippo,</span> <span class='ocrx_word' id='word_1_185' title='bbox 1253 1684 1317 1723; x_wconf 94' lang='lat' dir='ltr'>ubi</span> <span class='ocrx_word' id='word_1_186' title='bbox 1342 1684 1533 1723; x_wconf 89' lang='lat' dir='ltr'>dormivit</span> <span class='ocrx_word' id='word_1_187' title='bbox 1555 1683 1658 1723; x_wconf 87' lang='lat' dir='ltr'>Abi-</span> <span class='ocrx_word' id='word_1_188' title='bbox 1678 1693 1740 1723; x_wconf 90' lang='lat' dir='ltr'>XV</span> 
     </span>
     <span class='ocr_line' id='line_1_26' title="bbox 276 1739 1657 1795; baseline 0.001 -14"><span class='ocrx_word' id='word_1_189' title='bbox 276 1741 440 1791; x_wconf 84' lang='lat' dir='ltr'>milech,</span> <span class='ocrx_word' id='word_1_190' title='bbox 467 1739 684 1792; x_wconf 89' lang='lat' dir='ltr'>discipulus</span> <span class='ocrx_word' id='word_1_191' title='bbox 705 1740 780 1779; x_wconf 90' lang='lat' dir='ltr'>fuit</span> <span class='ocrx_word' id='word_1_192' title='bbox 801 1740 1008 1781; x_wconf 89' lang='lat' dir='ltr'>Hieremie</span> <span class='ocrx_word' id='word_1_193' title='bbox 1030 1743 1244 1795; x_wconf 87' lang='lat' dir='ltr'>prophete,</span> <span class='ocrx_word' id='word_1_194' title='bbox 1278 1742 1316 1782; x_wconf 84' lang='lat'>&amp;</span> <span class='ocrx_word' id='word_1_195' title='bbox 1337 1743 1391 1782; x_wconf 89' lang='lat' dir='ltr'>ibi</span> <span class='ocrx_word' id='word_1_196' title='bbox 1422 1744 1496 1782; x_wconf 86' lang='lat' dir='ltr'>fuit</span> <span class='ocrx_word' id='word_1_197' title='bbox 1527 1742 1657 1783; x_wconf 84' lang='lat' dir='ltr'>Baruc</span> 
     </span>
     <span class='ocr_line' id='line_1_27' title="bbox 277 1798 1179 1854; baseline 0.003 -15"><span class='ocrx_word' id='word_1_198' title='bbox 277 1801 475 1854; x_wconf 87' lang='lat' dir='ltr'>propheta</span> <span class='ocrx_word' id='word_1_199' title='bbox 494 1799 534 1838; x_wconf 91' lang='lat' dir='ltr'>in</span> <span class='ocrx_word' id='word_1_200' title='bbox 557 1798 746 1851; x_wconf 89' lang='lat' dir='ltr'>spelunca</span> <span class='ocrx_word' id='word_1_201' title='bbox 766 1799 988 1852; x_wconf 88' lang='lat' dir='ltr'>absconsus,</span> <span class='ocrx_word' id='word_1_202' title='bbox 1010 1801 1093 1841; x_wconf 87' lang='lat' dir='ltr'>mil.</span> <span class='ocrx_word' id='word_1_203' title='bbox 1115 1817 1179 1842; x_wconf 88' lang='lat' dir='ltr'>xv.</span> 
     </span>
    </p>

    <p class='ocr_par' dir='ltr' id='par_1_13' title="bbox 275 1858 1709 2092">
     <span class='ocr_line' id='line_1_28' title="bbox 331 1858 1709 1915; baseline 0.002 -16"><span class='ocrx_word' id='word_1_204' title='bbox 331 1859 399 1899; x_wconf 90' lang='lat' dir='ltr'>De</span> <span class='ocrx_word' id='word_1_205' title='bbox 423 1858 662 1915; x_wconf 79' lang='lat' dir='ltr'>Hierosalem</span> <span class='ocrx_word' id='word_1_206' title='bbox 683 1858 846 1898; x_wconf 88' lang='lat' dir='ltr'>civitate</span> <span class='ocrx_word' id='word_1_207' title='bbox 868 1859 990 1913; x_wconf 91' lang='lat' dir='ltr'>usque</span> <span class='ocrx_word' id='word_1_208' title='bbox 1011 1862 1058 1899; x_wconf 91' lang='lat' dir='ltr'>ad</span> <span class='ocrx_word' id='word_1_209' title='bbox 1083 1871 1198 1901; x_wconf 75' lang='lat' dir='ltr'>monte</span> <span class='ocrx_word' id='word_1_210' title='bbox 1223 1861 1410 1901; x_wconf 74' lang='lat' dir='ltr'>Calvarie</span> <span class='ocrx_word' id='word_1_211' title='bbox 1430 1863 1477 1901; x_wconf 90' lang='lat' dir='ltr'>ad</span> <span class='ocrx_word' id='word_1_212' title='bbox 1505 1862 1659 1912; x_wconf 87' lang='lat' dir='ltr'>locum,</span> <span class='ocrx_word' id='word_1_213' title='bbox 1677 1872 1709 1902; x_wconf 95' lang='lat' dir='ltr'>II</span> 
     </span>
     <span class='ocr_line' id='line_1_29' title="bbox 277 1916 1657 1974; baseline 0.003 -16"><span class='ocrx_word' id='word_1_214' title='bbox 277 1919 344 1958; x_wconf 91' lang='lat' dir='ltr'>ubi</span> <span class='ocrx_word' id='word_1_215' title='bbox 367 1917 422 1957; x_wconf 89' lang='lat' dir='ltr'>est</span> <span class='ocrx_word' id='word_1_216' title='bbox 443 1916 715 1971; x_wconf 56' lang='lat' dir='ltr'>Sepulchruſtrn]</span> <span class='ocrx_word' id='word_1_217' title='bbox 747 1918 914 1968; x_wconf 81' lang='lat' dir='ltr'>Domini,</span> <span class='ocrx_word' id='word_1_218' title='bbox 945 1919 1028 1959; x_wconf 89' lang='lat' dir='ltr'>mil.</span> <span class='ocrx_word' id='word_1_219' title='bbox 1059 1920 1099 1974; x_wconf 85' lang='lat' dir='ltr'>ij,</span> <span class='ocrx_word' id='word_1_220' title='bbox 1130 1920 1168 1960; x_wconf 87' lang='lat'>&amp;</span> <span class='ocrx_word' id='word_1_221' title='bbox 1193 1921 1246 1960; x_wconf 89' lang='lat' dir='ltr'>ibi</span> <span class='ocrx_word' id='word_1_222' title='bbox 1278 1921 1426 1960; x_wconf 88' lang='lat' dir='ltr'>obtulit</span> <span class='ocrx_word' id='word_1_223' title='bbox 1448 1922 1657 1962; x_wconf 85' lang='lat' dir='ltr'>Abraham</span> 
     </span>
     <span class='ocr_line' id='line_1_30' title="bbox 275 1976 1656 2032; baseline 0.002 -14"><span class='ocrx_word' id='word_1_224' title='bbox 275 1978 404 2018; x_wconf 88' lang='lat' dir='ltr'>filium</span> <span class='ocrx_word' id='word_1_225' title='bbox 426 1976 538 2015; x_wconf 90' lang='lat' dir='ltr'>suum</span> <span class='ocrx_word' id='word_1_226' title='bbox 569 1976 606 2014; x_wconf 91' lang='lat' dir='ltr'>in</span> <span class='ocrx_word' id='word_1_227' title='bbox 638 1976 919 2016; x_wconf 87' lang='lat' dir='ltr'>holocaustum</span> <span class='ocrx_word' id='word_1_228' title='bbox 949 1977 1088 2031; x_wconf 88' lang='lat' dir='ltr'>&amp;ipse</span> <span class='ocrx_word' id='word_1_229' title='bbox 1119 1994 1236 2019; x_wconf 89' lang='lat' dir='ltr'>mons</span> <span class='ocrx_word' id='word_1_230' title='bbox 1269 1991 1428 2032; x_wconf 88' lang='lat' dir='ltr'>petreus</span> <span class='ocrx_word' id='word_1_231' title='bbox 1459 1981 1527 2032; x_wconf 87' lang='lat' dir='ltr'>est,</span> <span class='ocrx_word' id='word_1_232' title='bbox 1557 1981 1656 2022; x_wconf 84' lang='lat' dir='ltr'>&amp;in</span> 
     </span>
     <span class='ocr_line' id='line_1_31' title="bbox 277 2035 1658 2092; baseline 0.003 -16"><span class='ocrx_word' id='word_1_233' title='bbox 277 2036 359 2090; x_wconf 92' lang='lat' dir='ltr'>ipso</span> <span class='ocrx_word' id='word_1_234' title='bbox 382 2046 520 2075; x_wconf 89' lang='lat' dir='ltr'>monte</span> <span class='ocrx_word' id='word_1_235' title='bbox 543 2035 638 2074; x_wconf 89' lang='lat' dir='ltr'>fecit</span> <span class='ocrx_word' id='word_1_236' title='bbox 654 2036 863 2075; x_wconf 88' lang='lat' dir='ltr'>Abraham</span> <span class='ocrx_word' id='word_1_237' title='bbox 881 2037 992 2076; x_wconf 88' lang='lat' dir='ltr'>altari</span> <span class='ocrx_word' id='word_1_238' title='bbox 1011 2068 1135 2078; x_wconf 91' lang='grc'><strong>.....</strong></span> <span class='ocrx_word' id='word_1_239' title='bbox 1159 2040 1197 2078; x_wconf 90' lang='lat' dir='ltr'>in</span> <span class='ocrx_word' id='word_1_240' title='bbox 1221 2039 1328 2089; x_wconf 76' lang='grc' dir='ltr'>Ιοςο,</span> <span class='ocrx_word' id='word_1_241' title='bbox 1350 2040 1389 2078; x_wconf 91' lang='lat' dir='ltr'>in</span> <span class='ocrx_word' id='word_1_242' title='bbox 1408 2054 1490 2092; x_wconf 91' lang='lat' dir='ltr'>quo</span> <span class='ocrx_word' id='word_1_243' title='bbox 1508 2041 1658 2081; x_wconf 85' lang='lat' dir='ltr'>obtulit</span> 
     </span>
    </p>

    <p class='ocr_par' dir='ltr' id='par_1_14' title="bbox 141 2093 1654 2195">
     <span class='ocr_line' id='line_1_32' title="bbox 141 2093 1654 2148; baseline 0.002 -12"><span class='ocrx_word' id='word_1_244' title='bbox 141 2106 213 2136; x_wconf 90' lang='lat' dir='ltr'>f.26</span> <span class='ocrx_word' id='word_1_245' title='bbox 229 2106 256 2135; x_wconf 85' lang='lat' dir='ltr'>b.</span> <span class='ocrx_word' id='word_1_246' title='bbox 275 2095 404 2135; x_wconf 87' lang='lat' dir='ltr'>filium</span> <span class='ocrx_word' id='word_1_247' title='bbox 419 2095 544 2134; x_wconf 91' lang='lat' dir='ltr'>suum.</span> <span class='ocrx_word' id='word_1_248' title='bbox 566 2093 627 2134; x_wconf 88' lang='lat' dir='ltr'>Ibi</span> <span class='ocrx_word' id='word_1_249' title='bbox 645 2094 738 2134; x_wconf 83' lang='lat' dir='ltr'>&amp;in</span> <span class='ocrx_word' id='word_1_250' title='bbox 757 2094 839 2148; x_wconf 88' lang='lat' dir='ltr'>ipso</span> <span class='ocrx_word' id='word_1_251' title='bbox 857 2096 950 2135; x_wconf 92' lang='lat' dir='ltr'>loco</span> <span class='ocrx_word' id='word_1_252' title='bbox 964 2096 1172 2137; x_wconf 84' lang='lat' dir='ltr'>Dominus</span> <span class='ocrx_word' id='word_1_253' title='bbox 1193 2097 1325 2137; x_wconf 88' lang='lat' dir='ltr'>noster</span> <span class='ocrx_word' id='word_1_254' title='bbox 1341 2096 1449 2138; x_wconf 89' lang='lat' dir='ltr'>Iesus</span> <span class='ocrx_word' id='word_1_255' title='bbox 1470 2099 1654 2140; x_wconf 89' lang='lat' dir='ltr'>Christus</span> 
     </span>
     <span class='ocr_line' id='line_1_33' title="bbox 275 2154 578 2195; baseline 0.007 -2"><span class='ocrx_word' id='word_1_256' title='bbox 275 2154 490 2194; x_wconf 88' lang='lat' dir='ltr'>crucifixus</span> <span class='ocrx_word' id='word_1_257' title='bbox 513 2155 578 2195; x_wconf 88' lang='lat' dir='ltr'>est.</span> 
     </span>
    </p>

    <p class='ocr_par' dir='ltr' id='par_1_15' title="bbox 267 2213 1718 2445">
     <span class='ocr_line' id='line_1_34' title="bbox 329 2213 1718 2268; baseline 0.003 -15"><span class='ocrx_word' id='word_1_258' title='bbox 329 2213 493 2253; x_wconf 89' lang='lat' dir='ltr'>Deinde</span> <span class='ocrx_word' id='word_1_259' title='bbox 523 2215 571 2253; x_wconf 91' lang='lat' dir='ltr'>ad</span> <span class='ocrx_word' id='word_1_260' title='bbox 600 2214 816 2268; x_wconf 79' lang='lat' dir='ltr'>Sepulcrum</span> <span class='ocrx_word' id='word_1_261' title='bbox 847 2214 1003 2253; x_wconf 79' lang='lat' dir='ltr'>Domini</span> <span class='ocrx_word' id='word_1_262' title='bbox 1032 2214 1123 2267; x_wconf 85' lang='lat' dir='ltr'>paffi</span> <span class='ocrx_word' id='word_1_263' title='bbox 1155 2214 1242 2254; x_wconf 89' lang='lat' dir='ltr'>sunt</span> <span class='ocrx_word' id='word_1_264' title='bbox 1273 2229 1443 2255; x_wconf 88' lang='lat' dir='ltr'>numero</span> <span class='ocrx_word' id='word_1_265' title='bbox 1477 2231 1550 2266; x_wconf 83' lang='lat' dir='ltr'>xv3</span> <span class='ocrx_word' id='word_1_266' title='bbox 1587 2217 1654 2258; x_wconf 91' lang='lat' dir='ltr'>sub</span> <span class='ocrx_word' id='word_1_267' title='bbox 1676 2230 1718 2261; x_wconf 85' lang='lat' dir='ltr'>lv</span> 
     </span>
     <span class='ocr_line' id='line_1_35' title="bbox 274 2272 1654 2329; baseline 0.003 -18"><span class='ocrx_word' id='word_1_268' title='bbox 274 2272 431 2326; x_wconf 75' lang='lat' dir='ltr'>unu[m]</span> <span class='ocrx_word' id='word_1_269' title='bbox 455 2272 639 2326; x_wconf 43' lang='lat' dir='ltr'>tectum]</span> <span class='ocrx_word' id='word_1_270' title='bbox 664 2283 797 2312; x_wconf 89' lang='lat' dir='ltr'>toturn</span> <span class='ocrx_word' id='word_1_271' title='bbox 823 2273 889 2312; x_wconf 89' lang='lat' dir='ltr'>est.</span> <span class='ocrx_word' id='word_1_272' title='bbox 922 2272 988 2313; x_wconf 89' lang='lat' dir='ltr'>De</span> <span class='ocrx_word' id='word_1_273' title='bbox 1010 2274 1197 2314; x_wconf 71' lang='lat' dir='ltr'>Calvarie</span> <span class='ocrx_word' id='word_1_274' title='bbox 1218 2274 1312 2314; x_wconf 88' lang='lat' dir='ltr'>locu</span> <span class='ocrx_word' id='word_1_275' title='bbox 1342 2275 1463 2329; x_wconf 88' lang='lat' dir='ltr'>usque</span> <span class='ocrx_word' id='word_1_276' title='bbox 1498 2276 1536 2315; x_wconf 90' lang='lat' dir='ltr'>in</span> <span class='ocrx_word' id='word_1_277' title='bbox 1564 2275 1654 2315; x_wconf 75' lang='lat' dir='ltr'><em>Gol-</em></span> 
     </span>
     <span class='ocr_line' id='line_1_36' title="bbox 267 2331 1651 2385; baseline 0.002 -14"><span class='ocrx_word' id='word_1_278' title='bbox 267 2331 380 2385; x_wconf 75' lang='lat' dir='ltr'>gotha</span> <span class='ocrx_word' id='word_1_279' title='bbox 409 2331 499 2384; x_wconf 87' lang='lat' dir='ltr'>paffi</span> <span class='ocrx_word' id='word_1_280' title='bbox 530 2331 617 2371; x_wconf 90' lang='lat' dir='ltr'>sunt</span> <span class='ocrx_word' id='word_1_281' title='bbox 644 2345 814 2370; x_wconf 87' lang='lat' dir='ltr'>numero</span> <span class='ocrx_word' id='word_1_282' title='bbox 837 2332 905 2385; x_wconf 82' lang='lat' dir='ltr'>xij,</span> <span class='ocrx_word' id='word_1_283' title='bbox 936 2333 1002 2372; x_wconf 93' lang='lat' dir='ltr'>ubi</span> <span class='ocrx_word' id='word_1_284' title='bbox 1025 2346 1121 2372; x_wconf 86' lang='lat' dir='ltr'>crux</span> <span class='ocrx_word' id='word_1_285' title='bbox 1155 2333 1326 2373; x_wconf 88' lang='lat' dir='ltr'>Domini</span> <span class='ocrx_word' id='word_1_286' title='bbox 1350 2335 1563 2375; x_wconf 87' lang='lat' dir='ltr'>inventum</span> <span class='ocrx_word' id='word_1_287' title='bbox 1584 2334 1651 2385; x_wconf 88' lang='lat' dir='ltr'>est,</span> 
     </span>
     <span class='ocr_line' id='line_1_37' title="bbox 274 2388 874 2445; baseline 0.002 -15"><span class='ocrx_word' id='word_1_288' title='bbox 274 2392 369 2445; x_wconf 90' lang='lat' dir='ltr'>quia</span> <span class='ocrx_word' id='word_1_289' title='bbox 391 2390 601 2444; x_wconf 80' lang='lat' dir='ltr'>Golgatha</span> <span class='ocrx_word' id='word_1_290' title='bbox 621 2388 787 2430; x_wconf 84' lang='lat' dir='ltr'>ecclefia</span> <span class='ocrx_word' id='word_1_291' title='bbox 808 2391 874 2431; x_wconf 87' lang='lat' dir='ltr'>est.</span> 
     </span>
    </p>

    <p class='ocr_par' dir='ltr' id='par_1_16' title="bbox 276 2449 1715 2623">
     <span class='ocr_line' id='line_1_38' title="bbox 331 2449 1715 2504; baseline 0.003 -15"><span class='ocrx_word' id='word_1_292' title='bbox 331 2449 396 2489; x_wconf 87' lang='lat' dir='ltr'>De</span> <span class='ocrx_word' id='word_1_293' title='bbox 420 2449 600 2503; x_wconf 81' lang='lat' dir='ltr'>Golgotha</span> <span class='ocrx_word' id='word_1_294' title='bbox 622 2449 743 2503; x_wconf 88' lang='lat' dir='ltr'>usque</span> <span class='ocrx_word' id='word_1_295' title='bbox 773 2449 905 2490; x_wconf 62' lang='lat' dir='ltr'>saneta</span> <span class='ocrx_word' id='word_1_296' title='bbox 936 2451 1016 2490; x_wconf 78' lang='lat' dir='ltr'>Sion</span> <span class='ocrx_word' id='word_1_297' title='bbox 1046 2451 1136 2504; x_wconf 85' lang='lat' dir='ltr'>paffi</span> <span class='ocrx_word' id='word_1_298' title='bbox 1169 2452 1257 2492; x_wconf 89' lang='lat' dir='ltr'>sunt</span> <span class='ocrx_word' id='word_1_299' title='bbox 1285 2467 1454 2492; x_wconf 89' lang='lat' dir='ltr'>numero</span> <span class='ocrx_word' id='word_1_300' title='bbox 1475 2468 1521 2492; x_wconf 87' lang='lat' dir='ltr'>cc</span> <span class='ocrx_word' id='word_1_301' title='bbox 1553 2453 1590 2493; x_wconf 68' lang='grc' dir='ltr'>δι</span> <span class='ocrx_word' id='word_1_302' title='bbox 1613 2454 1650 2493; x_wconf 89' lang='lat' dir='ltr'>in</span> <span class='ocrx_word' id='word_1_303' title='bbox 1673 2458 1715 2488; x_wconf 85' lang='lat' dir='ltr'>VI</span> 
     </span>
     <span class='ocr_line' id='line_1_39' title="bbox 276 2508 1654 2563; baseline 0.002 -14"><span class='ocrx_word' id='word_1_304' title='bbox 276 2508 357 2562; x_wconf 92' lang='lat' dir='ltr'>ipsa</span> <span class='ocrx_word' id='word_1_305' title='bbox 376 2519 502 2548; x_wconf 88' lang='lat' dir='ltr'>mater</span> <span class='ocrx_word' id='word_1_306' title='bbox 522 2508 576 2548; x_wconf 90' lang='lat' dir='ltr'>est</span> <span class='ocrx_word' id='word_1_307' title='bbox 597 2510 781 2548; x_wconf 89' lang='lat' dir='ltr'>omnium</span> <span class='ocrx_word' id='word_1_308' title='bbox 803 2509 1070 2561; x_wconf 81' lang='lat' dir='ltr'>ecclesiarum,</span> <span class='ocrx_word' id='word_1_309' title='bbox 1092 2525 1170 2563; x_wconf 91' lang='lat' dir='ltr'>que</span> <span class='ocrx_word' id='word_1_310' title='bbox 1193 2511 1272 2550; x_wconf 81' lang='lat' dir='ltr'>Sion</span> <span class='ocrx_word' id='word_1_311' title='bbox 1292 2511 1499 2553; x_wconf 83' lang='lat' dir='ltr'>Dominus</span> <span class='ocrx_word' id='word_1_312' title='bbox 1521 2512 1654 2552; x_wconf 84' lang='lat' dir='ltr'>noster</span> 
     </span>
     <span class='ocr_line' id='line_1_40' title="bbox 276 2567 1653 2623; baseline 0.003 -15"><span class='ocrx_word' id='word_1_313' title='bbox 276 2567 382 2608; x_wconf 89' lang='lat' dir='ltr'>Iesus</span> <span class='ocrx_word' id='word_1_314' title='bbox 413 2567 594 2608; x_wconf 87' lang='lat' dir='ltr'>Christus</span> <span class='ocrx_word' id='word_1_315' title='bbox 624 2582 718 2607; x_wconf 87' lang='lat' dir='ltr'>curn</span> <span class='ocrx_word' id='word_1_316' title='bbox 749 2568 939 2620; x_wconf 85' lang='lat' dir='ltr'>apostolis</span> <span class='ocrx_word' id='word_1_317' title='bbox 963 2569 1157 2620; x_wconf 79' lang='lat' dir='ltr'>fundavit,</span> <span class='ocrx_word' id='word_1_318' title='bbox 1188 2570 1226 2609; x_wconf 87' lang='lat'>&amp;</span> <span class='ocrx_word' id='word_1_319' title='bbox 1251 2571 1286 2609; x_wconf 88' lang='lat' dir='ltr'>in</span> <span class='ocrx_word' id='word_1_320' title='bbox 1310 2571 1389 2623; x_wconf 81' lang='lat' dir='ltr'>ipsa</span> <span class='ocrx_word' id='word_1_321' title='bbox 1412 2572 1484 2611; x_wconf 89' lang='lat' dir='ltr'>fuit</span> <span class='ocrx_word' id='word_1_322' title='bbox 1506 2572 1653 2612; x_wconf 82' lang='lat' dir='ltr'>domus</span> 
     </span>
    </p>

    <p class='ocr_par' dir='ltr' id='par_1_17' title="bbox 171 2626 1655 2798">
     <span class='ocr_line' id='line_1_41' title="bbox 171 2626 1654 2684; baseline 0.005 -21"><span class='ocrx_word' id='word_1_323' title='bbox 171 2633 192 2663; x_wconf 93' lang='lat' dir='ltr'>f.</span> <span class='ocrx_word' id='word_1_324' title='bbox 208 2643 257 2672; x_wconf 92' lang='lat'>27.</span> <span class='ocrx_word' id='word_1_325' title='bbox 277 2626 398 2667; x_wconf 68' lang='lat' dir='ltr'>santsti</span> <span class='ocrx_word' id='word_1_326' title='bbox 433 2628 569 2667; x_wconf 86' lang='lat' dir='ltr'>Marci</span> <span class='ocrx_word' id='word_1_327' title='bbox 599 2627 852 2682; x_wconf 78' lang='lat' dir='ltr'>evangeliste.</span> <span class='ocrx_word' id='word_1_328' title='bbox 894 2628 961 2668; x_wconf 87' lang='lat' dir='ltr'>De</span> <span class='ocrx_word' id='word_1_329' title='bbox 992 2628 1124 2668; x_wconf 65' lang='lat' dir='ltr'>saneta</span> <span class='ocrx_word' id='word_1_330' title='bbox 1154 2630 1234 2669; x_wconf 75' lang='lat' dir='ltr'>Sion</span> <span class='ocrx_word' id='word_1_331' title='bbox 1273 2629 1393 2684; x_wconf 89' lang='lat' dir='ltr'>usque</span> <span class='ocrx_word' id='word_1_332' title='bbox 1429 2632 1475 2670; x_wconf 83' lang='lat' dir='ltr'>ad</span> <span class='ocrx_word' id='word_1_333' title='bbox 1511 2632 1654 2670; x_wconf 83' lang='lat' dir='ltr'>domum</span> 
     </span>
     <span class='ocr_line' id='line_1_42' title="bbox 279 2686 1655 2744; baseline 0.004 -19"><span class='ocrx_word' id='word_1_334' title='bbox 279 2686 430 2740; x_wconf 76' lang='lat' dir='ltr'>Caiphe,</span> <span class='ocrx_word' id='word_1_335' title='bbox 451 2703 530 2740; x_wconf 88' lang='lat' dir='ltr'>que</span> <span class='ocrx_word' id='word_1_336' title='bbox 555 2687 711 2741; x_wconf 77' lang='lat' dir='ltr'>{mo]do</span> <span class='ocrx_word' id='word_1_337' title='bbox 736 2687 792 2726; x_wconf 90' lang='lat' dir='ltr'>est</span> <span class='ocrx_word' id='word_1_338' title='bbox 822 2687 969 2744; x_wconf 79' lang='lat' dir='ltr'>ecclesta</span> <span class='ocrx_word' id='word_1_339' title='bbox 992 2689 1114 2728; x_wconf 63' lang='lat' dir='ltr'>Sanai</span> <span class='ocrx_word' id='word_1_340' title='bbox 1138 2689 1251 2740; x_wconf 68' lang='lat' dir='ltr'>Petri,</span> <span class='ocrx_word' id='word_1_341' title='bbox 1283 2690 1374 2729; x_wconf 88' lang='lat' dir='ltr'>inde</span> <span class='ocrx_word' id='word_1_342' title='bbox 1403 2690 1491 2743; x_wconf 87' lang='lat' dir='ltr'>plus</span> <span class='ocrx_word' id='word_1_343' title='bbox 1523 2691 1655 2730; x_wconf 85' lang='lat' dir='ltr'>minus</span> 
     </span>
     <span class='ocr_line' id='line_1_43' title="bbox 281 2745 598 2798; baseline 0.009 -15"><span class='ocrx_word' id='word_1_344' title='bbox 281 2745 373 2798; x_wconf 84' lang='lat' dir='ltr'>passi</span> <span class='ocrx_word' id='word_1_345' title='bbox 396 2748 549 2787; x_wconf 87' lang='lat' dir='ltr'>numeri</span> <span class='ocrx_word' id='word_1_346' title='bbox 574 2746 598 2786; x_wconf 92' lang='lat' dir='ltr'>l.</span> 
     </span>
    </p>
   </div>
  </div>
 </body>
</html>
