2216 3435
561 202 623 263 98
1175 211 1343 244 GESTA

466 382 540 412 ιαμ)
561 376 620 405 tes
640 369 650 389 ¹
673 360 920 419 Christiani,
947 359 1067 423 quod
1096 360 1268 406 fortuna
1292 358 1517 406 invidebat
1541 361 1615 419 eis,
1641 358 1756 421 quafi
1787 361 1947 406 mortui

562 433 757 494 prostrati
791 433 833 477 in
871 449 1027 478 terram
1060 434 1104 477 ὅ(
1140 431 1319 477 flumine
1349 432 1672 493 lachrymarum
1708 450 1800 478 non
1842 431 1947 479 defi-

558 505 719 549 cientes
755 502 1005 551 clamabant
1040 503 1258 550 dicentes:
1308 509 1482 550 ‘Domine
1518 508 1628 566 llzesu
1666 508 1836 566 Christe,
1879 524 1947 550 rex

555 577 703 636 glorie,
725 581 794 636 qui
813 595 853 620 es
865 594 1010 638 potens
1029 580 1070 621 in
1090 579 1283 635 omnibus,
1305 579 1605 637 adiu11aservos
1629 577 1736 624 ‘Tuos
1757 579 1797 622 6³
1818 579 1946 623 libera

555 666 627 692 nos
651 651 696 692 ab
723 650 798 693 illa
815 652 980 708 stamma
999 657 1016 676 2
1044 649 1083 693 6³
1121 668 1143 692 a
1170 651 1350 693 manibus
1376 652 1600 708 iniquorum
1634 652 1944 695 sarracenorum
1965 661 1998 690 P·
2016 660 2109 691 f.112
2126 661 2164 691 D.

546 738 623 781 per
655 722 780 765 ‘Tuam
804 720 1092 780 sancsliffimam
1126 724 1326 776 virtutem,
1358 738 1514 766 creator
1547 723 1626 766 celi
1656 722 1696 766 ἓν·
1725 740 1841 778 terre,
1876 726 1945 782 qui

556 796 653 837 vivit
680 792 719 836 ὃ
744 809 885 853 regnat
912 796 951 836 in
964 792 1105 853 secula
1128 793 1395 852 seculorum!
1420 796 1566 839 cAmen.
1603 797 1780 838 ‘Domine
1798 803 1812 832 3
1830 796 1944 855 Iliesu

526 855 529 857 ’
559 867 727 923 Christe,
765 868 833 923 qui
850 881 929 923 pro
955 866 1066 907 nobis
1091 867 1301 908 humanam
1329 882 1485 909 carnem
1510 866 1754 926 affumpfisti,
1779 882 1945 910 mortem

557 936 596 980 ὃ·
614 937 831 997 pastionem
855 937 1091 996 subtinuisti
1117 936 1157 980 ὃ·
1191 938 1258 981 die
1291 939 1411 980 tertia
1439 939 1686 998 resurrexisti
1722 937 1761 982 E·-
1788 941 1879 998 post
1903 938 1946 981 xl

555 1010 643 1053 dies
667 1009 791 1053 celum
826 1010 1050 1068 ascendisti,
1081 1027 1128 1053 ne
1156 1011 1354 1069 respicias
1383 1012 1437 1054 ad
1453 1027 1622 1071 peccata
1652 1009 1692 1054 ὃ*
1719 1011 1772 1054 ad
1783 1011 1944 1070 scelera

557 1082 796 1140 nostra,sed
822 1081 994 1138 attende,
1023 1098 1101 1140 pro
1126 1098 1200 1139 quo
1229 1084 1293 1124 lzic
1306 1082 1451 1140 sumus
1483 1084 1733 1142 congregati.
1773 1083 1944 1127 eAdiuva

557 1170 644 1208 nos,
682 1153 849 1211 Christe,
882 1155 977 1210 quia
983 1156 1088 1213 ficut
1097 1152 1237 1213 palme
1258 1153 1398 1212 perse
1427 1170 1503 1197 non
1520 1154 1683 1213 poffunt
1694 1155 1813 1212 ferre
1825 1155 1945 1210 fruc-

553 1241 649 1282 tum,
687 1228 756 1267 niz
784 1225 1003 1283 manserint
1028 1227 1067 1267 in
1090 1227 1169 1268 vite
1195 1221 1383 1281 (mann,
1410 1237 1492 1282 XV,
1517 1226 1585 1286 4),
1623 1228 1682 1269 ita
1699 1242 1772 1269 nos
1801 1227 1946 1286 absque

554 1299 640 1340 ‘Dei
665 1295 820 1339 auxilio
845 1311 995 1339 certare
1013 1299 1234 1354 nequimus,
1267 1295 1306 1339 ἔκ
1324 1299 1418 1354 quia
1439 1301 1544 1358 ficut
1573 1314 1665 1342 aves
1700 1300 1803 1341 inter
1827 1296 1945 1357 lupos

551 1372 628 1423 fine
646 1371 801 1427 pastore
822 1369 1129 1428 contremiscunt
1151 1365 1228 1423 (cf.
1254 1369 1418 1424 [oann.,
1437 1380 1486 1425 X,
1515 1370 1607 1428 12),
1633 1372 1689 1413 ita
1707 1386 1778 1413 nos
1795 1387 1818 1413 a
1840 1371 1944 1413 ‘Tur-

552 1441 609 1482 cis
635 1441 861 1483 conturbati
879 1445 966 1501 fine
998 1443 1119 1498 vestro
1147 1441 1354 1484 adiutorio
1395 1457 1463 1484 eos
1492 1442 1679 1499 infestare
1714 1458 1791 1485 non
1804 1441 1944 1502 poffu-

551 1528 651 1554 mus.
697 1511 838 1555 Finitis
871 1508 1090 1569 omnibus,
1116 1518 1137 1548 4
1165 1510 1388 1556 Ianuenses
1421 1511 1576 1557 virtute
1608 1511 1793 1557 Domini
1810 1511 1943 1557 nostri
1962 1524 2006 1553 Μ.
2024 1523 2045 1554 f.
2060 1525 2097 1564 65
2116 1525 2157 1554 A.

554 1580 671 1626 Ihesu
698 1581 855 1627 Christi
883 1581 1090 1629 Crucifixi
1116 1600 1141 1627 a
1164 1581 1360 1645 predie'ta
1382 1598 1496 1627 turre
1519 1581 1796 1646 indempnes,
1822 1583 1942 1629 scalis

552 1653 640 1699 fere
656 1652 860 1698 omnibus
881 1653 1050 1712 rehcf'tis,
1072 1652 1330 1699 secefferunt
1348 1655 1407 1712 &‚
1428 1652 1536 1698 dum
1552 1653 1633 1699 hec
1645 1670 1893 1718 agerentur,
1911 1662 1926 1694 5

554 1725 714 1788 Pagani
737 1726 782 1771 ὃς
806 1726 1028 1771 sarraceni
1051 1742 1153 1771 cum
1177 1725 1311 1788 galeis
1336 1726 1382 1770 ὃς
1406 1722 1574 1770 barchis
1595 1743 1673 1788 per
1694 1724 1860 1772 flumen
1884 1724 1943 1772 ad

552 1812 739 1858 pontem
754 1798 772 1826 ⁶
796 1796 1145 1843 Christianorum
1169 1795 1517 1860 expugnandum
1540 1813 1767 1858 venerunt,
1810 1814 1944 1860 quem

555 1866 640 1912 due
682 1867 808 1932 galee
843 1867 1191 1915 Christianorum
1228 1867 1545 1927 custodiebant,
1588 1887 1722 1915 unam
1757 1886 1944 1932 quarum

553 1939 714 2002 pagani
752 1938 1097 1997 combusserunt,
1125 1949 1143 1978 7
1171 1940 1304 1987 altera
1341 1940 1507 1986 fortiter
1541 1957 1643 1986 cum
1676 1939 1774 2004 ipfis
1809 1958 1943 2004 expu-

554 2012 707 2074 gnavit
730 2013 775 2056 ὃς
800 2028 902 2057 cum
923 2011 1014 2057 aliis
1045 2013 1157 2072 viris,
1185 2013 1259 2074 qui
1273 2011 1329 2058 acl
1349 2010 1689 2058 succurrendum
1707 2030 1805 2058 eam
1822 2013 1942 2059 velo-

551 2083 655 2128 citer
686 2100 900 2130 venerunt
919 2084 1058 2147 ipsam
1092 2099 1280 2146 pontem
1304 2082 1606 2130 defenderunt.
1633 2083 1941 2147 prospicientes

552 2154 800 2214 Christiani,
833 2154 956 2217 quod
976 2155 1153 2202 fortuna
1178 2155 1236 2201 eis
1259 2153 1365 2201 effet
1382 2154 1574 2215 adversa,
1595 2154 1818 2202 dicebant:
1850 2159 1938 2202 ‘Do-

551 2232 656 2272 mine
688 2229 802 2289 Ilzesu
831 2230 999 2286 Christe,
1036 2245 1190 2273 creator
1216 2229 1293 2272 celi
1316 2228 1356 2272 E·
1380 2245 1496 2285 terre,
1531 2232 1598 2272 cui
1624 2233 1757 2273 omnia
1782 2229 1939 2287 celestia

551 2299 591 2343 ἃ
616 2302 816 2358 terrestria
832 2300 1127 2359 subiiciuntur‚
1162 2303 1231 2358 qui
1253 2317 1332 2359 pro
1362 2301 1474 2343 nobis
1498 2300 1545 2343 de
1561 2303 1754 2360 potestate
1783 2299 1941 2344 diaboli

549 2372 798 2415 redimendis
824 2375 864 2415 in
891 2372 1076 2416 mundum
1102 2374 1256 2430 venisti,
1281 2388 1326 2415 ne
1355 2372 1551 2431 respicias
1569 2370 1584 2398 8
1605 2388 1773 2432 peccata
1796 2375 1938 2432 nostra,

602 2546 613 2564 1
640 2535 672 2567 P.
689 2546 746 2568 om.
758 2534 975 2578 sententiam:
998 2536 1183 2568 Cernentes
1204 2560 1211 2567 .
1228 2560 1235 2566 .
1254 2560 1260 2567 .
1279 2533 1483 2575 clamabant,
1502 2533 1628 2578 legens.-
1650 2534 1807 2568 Videntes
1825 2533 1938 2578 itaque

553 2587 729 2621 Christiani
753 2588 849 2621 valde
879 2587 1067 2632 plorabant.
1098 2607 1142 2612 —
1165 2601 1183 2621 2
1209 2588 1243 2621 P.
1277 2599 1335 2621 om.
1369 2607 1413 2611 —
1447 2599 1462 2628 3
1496 2588 1530 2620 P.
1567 2599 1624 2621 om.
1660 2588 1809 2621 Domine
1840 2587 1939 2632 usque

551 2652 618 2673 non
637 2640 819 2685 possumus.
849 2661 895 2665 —-
921 2653 943 2681 4
967 2642 1002 2674 P.
1030 2642 1107 2679 Qua
1135 2640 1287 2674 oratione
1310 2640 1408 2674 fana.
1436 2660 1481 2664 —
1506 2652 1522 2683 5
1550 2642 1583 2674 P.
1608 2648 1779 2685 geruntur.
1801 2660 1844 2666 —
1863 2644 1882 2674 6
1902 2641 1935 2674 P.

550 2693 674 2727 flumen
696 2705 754 2739 per
775 2702 972 2739 pontem
988 2701 1220 2738 pervenerunt.
1240 2713 1285 2718 —-
1305 2705 1323 2734 7
1343 2695 1395 2728 M.
1416 2694 1683 2737 combuxerunt3
1704 2695 1738 2728 P.
1759 2694 1936 2728 combure-

550 2756 637 2780 runt.
657 2767 702 2771 ——-
722 2750 739 2780 8
763 2748 796 2780 P.
819 2747 966 2792 espicias.
