2216 3435
660 298 726 331 DE
761 297 898 330 LOCIS
932 296 1151 330 SANCTIS.
1505 289 1590 350 189

220 445 401 507 regioni,
441 460 524 504 que
562 443 716 505 procul
750 441 883 488 dubio
911 442 1153 504 pluviarum
1187 440 1336 504 indiga
1369 443 1439 498 est,
1465 445 1590 504 :Nili

218 517 375 574 irrigua
400 514 663 576 spontaneos
689 511 845 558 imbres
865 513 1116 570 ministrant,
1143 511 1215 557 ubi
1235 528 1465 574 utrumque
1490 531 1590 559 arva

217 600 442 646 temperat,
468 584 553 629 hoc
578 585 649 641 est,
675 584 754 629 celi
778 582 947 628 ubertas
977 585 1021 628 ὅ(
1055 601 1156 628 terre
1172 586 1426 643 fecunditas,
1453 585 1497 628 &
1522 582 1594 628 ubi

218 655 410 716 optime‘¹
434 655 571 699 nautis
587 656 631 699 ὅ(
650 653 850 717 agricolis
867 653 1003 698 solum
1024 653 1138 698 usuib
1162 652 1452 698 commodum
1468 652 1595 698 habe-

219 740 296 770 tur.
308 724 365 769 Hi
380 724 670 787 navigant‚illi
687 724 839 781 serunt,
857 724 919 768 isti
935 725 1313 770 circumvehuntur
1326 725 1521 786 navigiis,
1537 725 1595 769 illi

219 795 423 840 excolunt
460 810 617 840 terram
654 793 739 839 sine
777 811 916 839 aratro
956 795 1157 854 serentes,
1188 796 1352 841 viantes
1385 793 1470 840 sine
1507 812 1596 841 car-

218 867 369 928 pentis.
412 865 668 910 Distincffam
706 863 874 910 fluentis
906 882 1053 911 cernas
1096 867 1340 928 regionem,
1375 868 1419 910 ὅ(
1455 864 1596 927 quasis

218 934 478 997 quibusdam
514 935 676 981 excelsa
707 935 904 981 menibus
936 937 1211 999 navigiorum
1247 937 1346 982 totis
1373 935 1597 982 domicilia

218 1007 348 1065 terris,
374 1023 458 1068 que
487 1006 572 1050 Nili
596 1004 784 1051 fluminis
815 1007 1006 1068 riparum
1041 1006 1307 1069 marginibus
1337 1025 1388 1052 ex
1416 1023 1596 1069 utraque

215 1075 424 1122 adherent
456 1091 592 1138 parte.
630 1074 897 1138 Navigabilis
933 1077 1049 1121 enim
1086 1078 1143 1122 est
1178 1078 1310 1138 usque
1346 1077 1401 1122 acl
1430 1076 1594 1135 urbem,

218 1163 263 1192 ut
298 1146 541 1209 appellant,
573 1146 927 1209 Elephantorum:
962 1147 1131 1192 ulterius
1163 1165 1319 1194 navem
1356 1148 1596 1210 procedere

216 1221 428 1274 cataraffle,
456 1217 541 1262 hoc
560 1218 617 1262 est
639 1216 878 1262 fluminales
900 1235 1111 1279 aquarum
1138 1218 1313 1277 colles,d
1336 1236 1424 1264 non
1443 1218 1597 1279 finum,

216 1306 307 1334 non
334 1287 505 1334 defeelu
536 1289 730 1350 gurgitis,
763 1288 835 1333 sed
866 1290 997 1333 totius
1028 1288 1213 1334 fluminis
1245 1291 1596 1352 precipitatione*

215 1361 259 1405 ὃς
285 1358 476 1420 quadam
502 1360 621 1403 ruina
646 1360 908 1403 currentium
931 1377 1154 1421 aquarum.

279 1430 421 1476 Sancsti
452 1431 580 1492 igitur
605 1428 762 1474 Arculfi
788 1430 936 1475 relatio
969 1429 1022 1476 de
1048 1430 1305 1476 Alexandrie
1331 1430 1404 1477 fitu
1440 1435 1484 1477 ὃ(
1508 1433 1593 1479 Nili

216 1519 304 1547 non
335 1500 571 1562 discrepare
596 1499 910 1563 comprobatur
930 1500 983 1546 ab
1003 1502 1078 1560 his,
1106 1519 1189 1563 que
1210 1503 1252 1547 in
1273 1503 1458 1548 aliorum
1477 1503 1593 1549 libris

216 1572 370 1634 scripta
391 1589 440 1617 ex
460 1572 647 1617 leelione
669 1574 973 1635 cognovimus.
1003 1574 1070 1617 De
1093 1571 1243 1633 quibus
1265 1572 1455 1634 quedam
1477 1573 1596 1621 brevi

216 1660 330 1690 textu
364 1660 566 1706 excerpta
586 1645 640 1692 ‚in
682 1644 762 1689 hac
798 1645 983 1706 presenti
1019 1643 1307 1707 descriptione
1343 1645 1589 1707 interpofita

214 1716 481 1774 inseruimus,
508 1717 592 1762 hoc
610 1718 681 1773 est,
710 1715 763 1761 de
781 1716 888 1761 illius
911 1715 1254 1778 importuositate
1274 1715 1386 1761 urbis
1409 1717 1477 1762 vel
1494 1736 1595 1780 por-

212 1786 346 1832 tuensi
374 1787 641 1844 difficultate,
671 1786 723 1832 de
749 1787 883 1832 insula
907 1789 950 1832 ὅ(
978 1803 1090 1832 turre
1116 1788 1158 1832 in
1185 1805 1234 1832 ea
1260 1788 1514 1846 consti-ueta,
1537 1789 1591 1835 de

215 1858 476 1903 Alexandria
516 1860 624 1903 inter
660 1877 777 1904 mare
810 1861 854 1904 ὅς
889 1859 993 1903 ostia
1024 1857 1212 1903 fluminis
1243 1858 1328 1903 Nili
1366 1861 1595 1905 terminata

216 1927 442 1991 positione,
475 1931 519 1974 ὃς
554 1928 606 1973 de
639 1930 798 1974 ceteris.
837 1930 938 1990 Que
970 1929 1123 1990 procul
1153 1927 1288 1974 dubio
1322 1930 1445 1975 causa
1479 1931 1592 1988 facit,

216 2016 260 2044 ut
290 1999 481 2044 eiusdem
512 2000 693 2045 civitatis
725 1999 860 2055 locus7
894 2001 966 2060 qui
997 2000 1054 2044 ita
1084 2016 1134 2044 ex
1160 1998 1325 2044 duabus
1352 2004 1594 2046 coarcffatus

214 2070 404 2133 partibus
446 2071 738 2134 strangulatur,
773 2071 909 2134 longo
951 2070 1075 2117 valde
1105 2073 1149 2117 ὃς
1191 2073 1373 2136 angusto
1417 2073 1594 2117 tramitis

213 2141 350 2204 spatio
393 2140 446 2186 ab
488 2142 642 2186 occasu
684 2143 725 2186 in
771 2158 916 2186 ortum
965 2141 1251 2203 protenditur,
1295 2143 1416 2204 quod
1463 2145 1593 2188 etiam

216 2210 376 2255 Arculfi
404 2213 590 2256 narratio
612 2211 901 2257 demonstrat:
929 2213 1015 2273 qui,
1043 2229 1086 2258 ut
1108 2213 1195 2275 ipse
1218 2212 1357 2271 refert,
1383 2214 1488 2258 hora
1511 2213 1594 2258 diei

214 2282 335 2327 tertia
365 2283 478 2345 cepit
498 2284 653 2328 intrare
678 2284 897 2329 civitatem
918 2285 960 2328 in
983 2285 1128 2329 mense
1148 2283 1331 2343 octobri,
1357 2302 1433 2347 per
1451 2285 1592 2347 longi-

217 2351 413 2397 tudinem
439 2353 721 2400 deambulans
747 2353 874 2411 urbis‚
900 2356 945 2399 &
964 2356 1033 2400 vix
1057 2371 1156 2400 ante
1176 2356 1464 2417 vespertinum
1485 2373 1593 2401 tem-

218 2439 296 2484 pus
325 2423 379 2468 ad
411 2427 724 2472 extremitatem
757 2424 1042 2489 longitudinis
1074 2427 1162 2471 eius
1190 2427 1410 2488 pervenire
1436 2429 1589 2489 potuit.

216 2494 309 2539 l-lec
352 2494 490 2558 longo
532 2514 756 2541 murorum
798 2495 960 2541 ambitu
999 2496 1154 2541 crebris
1197 2497 1365 2559 insuper
1408 2496 1588 2543 turribus

213 2567 602 2625 communitorum,
633 2585 708 2629 per
739 2569 981 2631 marginem
1012 2567 1199 2613 fluminis
1226 2570 1270 2613 δε
1300 2586 1423 2614 oram
1449 2567 1593 2615 curvis

214 2637 340 2681 maris
364 2635 550 2683 ambitur
572 2637 932 2701 compositorum.

262 2743 289 2763 a.
330 2733 444 2772 Rern„
478 2732 521 2764 al.
559 2733 777 2776 opimentum.
817 2754 857 2757 —
946 2747 970 2766 e.
996 2735 1040 2773 Ι,.,
1059 2734 1103 2766 al.
1128 2734 1302 2778 precipiti&
1321 2755 1361 2758 —
1378 2734 1398 2767 f.
1415 2736 1463 2776 B„
1484 2736 1590 2776 Bet-n„

216 2784 248 2816 b.
275 2784 384 2825 Bern„
414 2786 452 2816 G.
483 2804 523 2808 —
551 2796 579 2817 c.
602 2786 714 2826 Bet-n„
738 2788 775 2818 G.
801 2798 857 2818 om.
950 2787 994 2828 V.,
1015 2789 1049 2819 R.
1069 2787 1166 2833 culpi.

215 2837 313 2883 quasi.
336 2857 377 2861 -—
396 2838 427 2871 d.
450 2839 556 2880 Rern„
581 2839 627 2879 V.,
650 2840 681 2870 B.
703 2839 780 2873 tolli.
817 2859 857 2864 —
