2216 3435
648 143 712 193 44
1050 141 1225 175 PAULA
1252 143 1282 175 ἃ
1311 142 1644 176 EUSTOCHIUM

650 306 783 351 quam
803 287 858 334 ad
880 287 1118 334 studiorum
1140 289 1305 353 fastigia
1326 287 1595 351 pervenisse?
1615 289 1707 334 Nec
1725 289 1811 335 hoc
1830 289 2028 349 dicimus,

649 359 771 422 quod
802 378 1032 406 renuamus
1064 379 1249 425 regnum
1281 363 1363 407 Dei
1394 363 1505 407 intra
1536 379 1617 407 nos
1649 360 1749 418 effe,
1785 364 1829 407 ὃς
1860 362 2029 407 sanc'los

648 433 763 478 viros
797 434 927 477 etiam
963 433 1006 477 in
1044 433 1191 478 ceteris
1228 431 1313 478 esse
1352 431 1619 495 regionibus,
1666 432 1739 478 sed
1781 433 1903 496 quod
1945 434 2030 479 hoc

650 501 881 549 afferamus
907 503 974 549 vel
1001 505 1204 562 maxime,
1230 521 1319 563 eos,
1345 505 1417 566 qui
1442 505 1485 549 in
1513 520 1607 550 toto
1633 503 1738 550 orbe
1765 505 1860 550 sunt
1888 506 2031 568 primi,

650 574 735 620 huc
760 576 915 638 pariter
941 576 1214 640 congregari.

717 650 758 693 11.
785 645 855 691 Ad
892 664 974 709 que
1008 664 1089 692 nos
1124 647 1223 692 loca
1263 664 1355 693 non
1393 664 1438 694 ut
1465 649 1618 711 prime,
1667 648 1740 694 sed
1781 665 1826 694 ut
1860 664 2033 694 externe

650 720 862 777 venimus,
889 734 934 763 ut
957 719 1122 781 primos
1146 719 1190 764 in
1216 720 1274 764 eis
1303 721 1501 765 omnium
1527 721 1725 783 gentium
1751 737 2034 766 cerneremus.

650 792 782 837 Certe
802 788 881 835 flos
899 788 1079 851 quidam
1097 792 1141 835 ὃς
1161 789 1477 853 pretiosissimus
1498 792 1606 854 lapis
1632 793 1742 837 inter
1757 790 2035 837 ecclesiastica

651 878 910 907 ornamenta
940 862 1263 908 monachorum
1294 865 1338 908 ὃς
1369 864 1588 926 virginum
1621 862 1778 908 chorus
1809 863 1878 908 est.
1923 864 2033 926 Qi-

652 950 840 994 cumque
864 934 908 978 in
936 934 1081 979 Gallia
1121 934 1246 979 fuerit
1277 934 1455 996 primus,
1488 932 1572 979 huc
1607 950 1825 996 properat.
1863 934 2034 980 Divisus

651 1002 705 1049 ab
746 1003 852 1050 orbe
890 1005 1035 1050 nostro
1081 1006 1319 1063 Britannus,
1363 1004 1388 1050 si
1430 1007 1475 1050 in
1521 1005 1731 1068 religione
1767 1002 2034 1066 processerit,

651 1076 839 1121 occiduo
867 1076 954 1122 sole
980 1075 1169 1135 dimisso,
1204 1078 1343 1139 querit
1373 1076 1523 1122 locum
1555 1076 1673 1121 fama
1696 1074 1770 1121 fibi
1796 1092 1966 1121 tantum
1990 1077 2035 1121 ὅς

652 1148 956 1210 scripturarum
983 1149 1191 1195 relatione
1211 1150 1454 1213 cognitum.
1484 1146 1608 1211 Qid
1629 1148 1863 1194 referamus
1882 1149 2038 1193 Arme-

651 1222 761 1280 nios,
784 1219 889 1282 quid
912 1221 1063 1279 Persam,
1088 1219 1193 1282 quid
1216 1221 1333 1266 lndie
1348 1223 1393 1266 ὃ(
1411 1221 1607 1284 Ethiopie
1634 1221 1853 1284 populosa
1876 1221 2036 1283 ipsam-

653 1311 737 1357 que
768 1293 885 1337 iuxta
915 1292 1129 1355 Egyptum
1161 1293 1344 1338 fertilem
1389 1292 1728 1351 monachorum,
1764 1293 1951 1338 Pontum
1992 1294 2037 1338 ὃς

652 1362 1008 1427 Cappadociam,
1041 1364 1206 1423 Syriam
1230 1363 1369 1409 Celen
1400 1365 1445 1408 ὃ(
1468 1363 1839 1426 Mesopotamiam
1864 1366 2039 1408 cumsta-

654 1453 738 1498 que
775 1435 949 1481 orientis
987 1436 1222 1481 examina?
1272 1453 1356 1498 que
1392 1436 1509 1480 iuxta
1544 1435 1765 1482 salvatoris
1801 1434 2042 1497 eloquium,

654 1508 867 1554 dicentis:
907 1510 1150 1567 Ubicumque
1185 1511 1321 1567 fuerit
1360 1526 1518 1569 corpus,
1556 1508 1655 1552 illuc
1695 1509 2042 1568 congregabuntur

654 1582 802 1640 aquile,
834 1595 1098 1624 concurrunt
1121 1577 1178 1623 ad
1212 1578 1290 1624 hec
1312 1579 1411 1624 loca
1435 1580 1480 1624 ὃς
1504 1577 1770 1625 diversarum
1796 1577 1922 1624 nobis
1958 1579 2040 1624 vir-

656 1669 797 1698 tutum
822 1652 1041 1713 specimen
1067 1650 1313 1697 ostendunt.

722 1728 780 1771 lll.
816 1724 918 1769 Vox
945 1721 1125 1785 quidem
1153 1721 1339 1783 dissona,
1372 1721 1445 1768 sed
1473 1740 1558 1768 una
1589 1722 1755 1786 religio
1808 1723 1898 1768 Tot
1928 1740 2041 1785 pene

656 1795 931 1858 psallentium
961 1794 1097 1851 chori,
1133 1810 1243 1856 quot
1274 1794 1473 1858 gentium
1498 1792 1771 1839 diverfitates.
1811 1796 1921 1839 Inter
1947 1793 2041 1853 hec,

658 1884 742 1929 que
767 1866 837 1912 vel
874 1866 1016 1928 prima
1051 1867 1094 1912 in
1135 1865 1371 1911 christianis
1406 1866 1536 1911 virtus
1573 1865 1644 1924 est,
1679 1865 1787 1910 nihil
1822 1881 2044 1929 arrogan8‚

657 1937 762 1983 nihil
780 1936 853 1984 {ibi
871 1937 925 1984 de
944 1939 1215 1984 continentia
1233 1937 1465 2000 supercilii:
1487 1936 1739 1982 humilitatis
1758 1937 1870 1982 inter
1888 1954 2043 1983 omnes

657 2011 884 2056 contentio
912 2010 981 2056 est.
1019 2011 1304 2072 Quicumque
1329 2008 1581 2054 novissimus
1608 2008 1747 2066 fuerit,
1779 2008 1849 2053 hic
1877 2009 2044 2071 primus

657 2098 841 2146 putatur.
858 2085 902 2127 In
915 2082 1028 2127 veste
1045 2082 1161 2127 nulla
1173 2080 1388 2139 discretio,
1403 2079 1521 2126 nulla
1533 2078 1778 2125 admiratio.
1791 2080 2043 2142 Utcumque

658 2155 867 2218 placuerit
885 2153 1102 2211 incedere,
1124 2171 1204 2200 nec
1229 2152 1507 2199 detracffionis
1524 2152 1595 2210 est,
1614 2168 1695 2196 nec
1712 2149 1864 2197 laudis
1886 2152 2045 2198 Ieiunia

660 2242 837 2289 quoque
873 2226 1097 2271 neminem
1136 2223 1372 2283 sublevant,
1409 2240 1492 2269 nec
1533 2222 1721 2269 defertur
1761 2221 1919 2283 inedie,
1960 2241 2043 2270 nec

660 2295 856 2341 modesta
880 2297 1073 2342 saturitas
1099 2295 1431 2341 condemnatur.
1469 2294 1555 2340 Suo
1585 2292 1772 2339 domino
1812 2294 1891 2340 stat
1913 2295 2040 2340 unus-

661 2369 842 2431 quisque
867 2384 940 2414 aut
957 2367 1085 2414 cadit.
1122 2368 1267 2413 Nemo
1286 2366 1449 2412 iudicat
1482 2366 1679 2423 alterum,
1715 2384 1770 2411 ne
1798 2384 1822 2412 a
1842 2367 2041 2412 Domino

660 2440 883 2487 iudicetur.
902 2440 946 2485 Et
969 2439 1091 2502 quod
1117 2440 1161 2485 in
1180 2439 1394 2502 plerisque
1409 2438 1647 2501 provinciis
1667 2437 1877 2483 familiare
1901 2438 1972 2496 est,
1997 2454 2044 2482 ut

661 2513 857 2577 genuino
891 2511 1020 2558 dente
1046 2513 1087 2558 se
1105 2512 1310 2571 lacerent,
1331 2511 1400 2556 hic
1422 2511 1593 2573 penitus
1613 2526 1704 2555 non
1726 2508 1919 2555 habetur.
1946 2510 2042 2555 Pro-

662 2585 732 2631 cul
759 2584 942 2643 luxuria,
970 2584 1126 2647 procul
1149 2583 1362 2646 voluptas

729 2656 797 2702 1V.
834 2656 976 2701 Tanta
1000 2656 1043 2699 in
1074 2655 1164 2720 ipsa
1189 2653 1295 2701 urbe
1320 2655 1571 2719 orationum
1595 2652 1707 2712 loca,
1729 2667 1774 2697 ut
1794 2651 1851 2697 ad
1873 2668 1923 2697 ea
1948 2668 2043 2717 per-

709 2763 743 2786 a.
767 2751 826 2784 Ed.
847 2749 1001 2798 populus,
