2216 3435
642 206 860 239 SANCTAE
884 206 1084 238 PAULAE.
1491 206 1545 257 33

189 373 302 415 quam
328 356 568 415 expugnavit
595 354 747 408 David,
773 353 818 396 &
842 350 895 396 de
920 369 983 408 ea,
1019 369 1103 412 que
1137 350 1335 396 edificata
1359 353 1429 410 est,
1463 352 1552 397 dic-

189 443 281 471 tum
308 424 391 469 est:
416 425 679 468 Fundamenta
703 426 790 467 eius
813 426 853 466 in
877 424 1253 483 montibussancssis.
1282 423 1444 483 ‘Diligit
1465 429 1554 468 ‘Do-

189 499 318 539 minus
333 512 479 556 portas
501 497 599 539 Sion
613 497 739 556 super
762 498 893 538 omnia
917 495 1169 537 tabernacula
1194 496 1309 538 Iacob
1324 514 1339 545 ;
1372 510 1463 538 non
1487 512 1556 539 eas

190 581 351 627 portaS,
388 582 492 627 quas
517 563 649 610 hodie
674 565 887 610 cernimus
910 565 954 608 in
981 564 1173 609 favillam
1197 565 1241 608 ὃς
1266 565 1454 609 cinerem
1478 564 1556 610 dis-

190 637 361 695 solutas,
386 636 458 682 sed
482 652 643 699 portas,
676 634 828 696 quibus
854 652 944 680 non
971 634 1161 697 prevalet
1183 635 1374 680 infernus
1407 637 1452 679 ὃς
1482 652 1559 698 per

190 725 295 770 quas
322 705 590 752 credentium
615 705 670 750 ad
695 705 913 750 Christum
931 704 1171 768 ingreditur
1192 704 1437 752 multitudo.
1478 707 1559 752 Os-

190 776 445 824 tendebatur
464 777 550 822 illic
570 777 776 822 columna
807 774 980 821 ecclesie
1004 777 1222 838 porticum
1246 777 1464 835 sustinens,
1496 779 1560 822 in-

189 850 300 895 feeia
324 865 476 894 cruore
507 848 705 905 Domini,
732 846 789 893 ad
813 865 949 909 quam
972 849 1138 893 vinetus
1164 846 1318 892 dicitur
1341 850 1385 892 ὃ(
1412 847 1561 912 flagel-

190 919 323 979 latus3
360 917 675 965 monstrabatur
694 918 831 976 locus,
857 917 930 964 ubi
954 919 1080 981 super
1106 934 1282 963 centum
1300 919 1454 981 viginti
1476 937 1564 965 cre-

190 990 386 1036 dentium
422 992 587 1035 animas
624 991 790 1053 spiritus
828 990 995 1034 sancius
1028 987 1326 1048 descendisset,
1360 1006 1406 1034 ut
1443 991 1564 1036 Ioelis

190 1062 441 1108 vaticinium
466 1061 768 1123 compleretur.

255 1132 359 1178 VIII.
396 1130 583 1191 Deinde,
623 1149 702 1194 pro
734 1131 983 1176 facultatula
1022 1132 1108 1189 sua,
1141 1129 1400 1194 pauperihus
1436 1147 1565 1193 atque

193 1204 405 1249 conservis
441 1206 628 1266 pecunia
665 1202 899 1261 distributa,
936 1203 1120 1265 perrexit
1151 1202 1414 1261 Bethlehem,
1441 1205 1486 1248 ὃς
1520 1205 1563 1249 in

195 1272 343 1320 dextra
373 1291 494 1337 parte
525 1275 685 1320 itineris
715 1274 826 1319 stetit
856 1273 911 1319 ad
933 1276 1165 1336 sepulcrum
1198 1276 1368 1337 Rachel,
1399 1276 1443 1320 in
1475 1291 1564 1336 quo
1607 1290 1802 1330 sepulchrum

195 1345 433 1405 Beniamin,
458 1363 565 1406 non,
599 1362 645 1391 ut
667 1361 901 1392 vocaverat
929 1347 1134 1405 moriens,
1164 1347 1345 1404 Benoni,
1378 1345 1464 1391 hoc
1492 1346 1563 1403 est,
1657 1331 1783 1361 hehel

194 1414 304 1461 filius
334 1415 497 1462 doloris
527 1419 629 1477 mei,
664 1416 753 1475 sed,
784 1433 829 1463 ut
858 1433 980 1479 pater
1009 1418 1288 1480 prophetavit
1316 1418 1360 1463 in
1402 1417 1564 1479 spiritu,

194 1486 328 1532 filium
351 1487 497 1534 dextre
523 1490 780 1551 procreavit.
828 1490 972 1549 Atque
997 1487 1098 1534 inde
1122 1490 1353 1533 Bethlehem
1382 1486 1567 1551 ingressa
1608 1502 1797 1533 Bethlehem.

194 1560 302 1603 &in
327 1559 504 1621 specum
521 1560 740 1607 salvatoris
765 1560 987 1618 introiens,
1012 1560 1247 1621 postquam
1269 1558 1379 1606 vidit
1404 1560 1571 1605 sacrum

196 1630 371 1692 virginis
391 1629 673 1677 diversorium
697 1632 742 1676 δε
768 1629 997 1690 stabulum,
1024 1631 1068 1675 in
1090 1648 1178 1692 quo
1202 1636 1367 1692 agnovit
1388 1634 1457 1676 bos
1473 1633 1572 1692 pos-

188 1703 505 1763 sefforemsuum
520 1703 559 1747 6›
577 1704 874 1765 afinusprqsepe
889 1705 1156 1763 Dominisui,
1178 1719 1223 1748 ut
1243 1701 1348 1747 illud
1372 1702 1572 1764 implere-

198 1787 278 1828 tur,
303 1771 425 1832 quod
448 1773 493 1817 in
520 1772 681 1818 eodem
702 1773 919 1835 propheta
936 1773 1147 1835 scriptum
1177 1773 1264 1819 est:
1309 1778 1474 1830 Beatus,
1502 1778 1570 1834 qui

190 1845 505 1906 seminatsuper
528 1863 665 1904 aquas,
689 1848 757 1889 ubi
776 1848 846 1890 bos
870 1846 909 1889 6⁴
935 1851 1060 1908 afinus
1091 1847 1261 1903 calcant,
1284 1864 1354 1891 me
1374 1846 1575 1892 audiente

203 1912 367 1958 iurabat
392 1930 563 1960 cernere
584 1916 625 1960 se
650 1915 785 1960 oculis
805 1914 905 1960 fidei
924 1916 1136 1961 infantem
1156 1917 1311 1978 pannis
1329 1917 1575 1963 involutum

201 1984 447 2047 vagientem
461 1987 502 2031 in
520 1987 697 2049 presepe
712 1987 972 2043 Dominum,
986 2003 1140 2049 magos
1157 1986 1400 2045 adorantes,
1416 1988 1577 2033 stellam

206 2055 449 2118 fulgentem
468 2055 664 2119 desuper,
682 2073 863 2103 matrem
877 2058 1107 2120 virginem,
1126 2059 1348 2103 nutritium
1367 2058 1576 2116 sedulum,

203 2126 390 2189 pastores
406 2131 535 2173 noeie
549 2130 784 2187 venientes,
801 2145 847 2174 ut
857 2127 1053 2175 viderent
1066 2127 1263 2187 verbum,
1282 2130 1403 2192 quod
1417 2131 1579 2176 facium

203 2212 306 2256 erat,
328 2199 373 2241 ὃς
397 2199 484 2243 iam
498 2214 601 2244 tunc
620 2199 879 2263 evangeliste
898 2198 1098 2244 Iohannis
1118 2200 1381 2263 principium
1407 2200 1582 2247 dedica-

205 2283 298 2312 rent
313 2289 322 2313 :
337 2271 380 2312 In
393 2273 599 2331 principio
615 2288 699 2316 erar
713 2274 883 2327 verbum,
904 2271 944 2315 &a
962 2274 1115 2316 verbum
1132 2275 1387 2331 carofac‘ium
1406 2278 1471 2333 est,
1488 2291 1583 2336 par—

206 2339 329 2384 vulos
347 2341 612 2401 interfeef‘tos‚
636 2341 869 2394 Herodem
890 2343 1137 2401 sevientem,
1167 2342 1316 2406 Ioseph
1339 2346 1383 2389 ὃς
1404 2345 1585 2390 Mariam

210 2411 420 2475 fugientes
445 2413 488 2457 in
511 2413 737 2477 Egyptum.
783 2415 1008 2476 Mixtisque
1028 2413 1194 2477 gaudio
1220 2415 1406 2460 lacrimis
1433 2416 1586 2478 loque-

208 2481 351 2528 batur:
376 2483 514 2541 Salve,
530 2484 793 2543 Bethlehem,
808 2485 967 2530 domus
987 2486 1122 2547 panis,
1142 2486 1183 2530 in
1201 2502 1286 2547 qua
1305 2503 1427 2532 natus
1444 2488 1501 2532 est
1521 2488 1587 2534 ille

208 2554 346 2613 panis,
375 2555 447 2615 qui
471 2553 525 2600 de
549 2556 645 2601 celo
670 2555 916 2614 descendit,
953 2556 1077 2613 salve,
1101 2556 1295 2618 Ephrata,
1320 2559 1441 2620 regio
1466 2558 1585 2604 uher-

211 2623 317 2668 rima
340 2640 471 2685 atque
498 2621 763 2693 καρποφόρε,
790 2628 908 2672 cuius
937 2627 1124 2672 fertilitas
1153 2629 1271 2673 Deus
1296 2629 1365 2674 est.
1408 2630 1474 2674 De
1499 2647 1588 2692 quo

212 2693 439 2754 quondam
453 2696 643 2742 Micheus
659 2699 913 2743 vaticinatus
926 2698 1002 2743 est:
1024 2702 1072 2742 Et
1086 2700 1586 2761 ru,‘Betlzlel1emEphrem,

213 2783 289 2810 non
310 2771 475 2812 minima
495 2786 535 2812 es
554 2771 592 2812 in
613 2769 789 2813 millibus
814 2771 926 2814 Iuda.
967 2773 1024 2814 Ex
1043 2787 1077 2813 te
1099 2774 1199 2814 milti
1218 2773 1445 2831 egredienti*
1463 2776 1528 2831 qui
1545 2779 1590 2833 fir

1411 2891 1425 2921 5
