2216 3435
348 474 513 514 Golgotha.

253 765 282 794 S.
300 764 392 793 Maria
410 762 524 792 Latina.

255 931 423 978 Templum
449 929 515 958 Do-

338 982 422 1001 mim.

260 1615 430 1662 Templum
448 1613 532 1643 Salo-

342 1666 451 1685 monis.

261 1703 414 1734 Probatica
423 1701 543 1743 piscina.

262 1839 358 1869 Vallis
376 1837 521 1878 Iosaphat.

286 2127 378 2156 Mons
396 2123 518 2154 Oliveti.

385 2555 529 2585 Iordanis.

361 2696 530 2728 Bethleem.

556 302 648 363 348
985 308 1249 347 QUALITER
1274 306 1394 340 SITA
1419 306 1510 339 EST

555 458 613 504 est
640 459 859 520 Golgotlm.
894 459 933 502 A
962 474 1051 519 quo
1079 471 1231 501 monte
1254 455 1310 501 est
1329 454 1463 518 longe
1482 452 1768 516 Sepulchrum
1796 470 1933 515 quan-

556 546 647 575 tum
671 530 812 592 potest
837 529 975 574 homo
1000 530 1139 573 iacere
1163 544 1332 590 petram
1358 525 1610 591 pugnalem.
1638 524 1709 570 Ad
1731 523 1936 570 finistram

554 605 700 647 montis
727 603 919 646 Calvarie
956 600 1013 645 est
1040 616 1196 657 carcer,
1233 600 1278 644 &
1301 614 1440 661 prope
1474 614 1694 643 carcerem
1727 595 1785 642 ad
1823 594 1939 641 finis-

555 690 666 720 tram
681 690 850 736 partem
875 672 1129 734 columpna,
1154 672 1197 716 in
1225 687 1309 732 qua
1334 670 1391 715 est
1414 669 1584 732 ligatus.
1615 669 1787 714 Contra
1813 668 1938 712 meri-

556 743 674 790 diem
699 762 723 789 a
742 745 900 790 Sanclo
923 742 1159 805 Sepulchro
1184 744 1332 787 sanga
1354 744 1515 787 Maria
1536 743 1691 785 Latina.
1720 742 1759 784 A
1786 754 1941 784 monte

556 834 659 862 vero
685 815 887 862 Calvarie
926 814 983 860 est
1014 814 1135 859 locus
1167 812 1223 858 ad
1257 814 1469 858 orientem
1499 810 1572 856 ub'i
1599 811 1745 856 sanf’ta
1772 810 1943 855 Helena

555 887 722 933 invenit
747 905 921 933 crucem
942 887 1142 932 Domini.
1176 884 1278 930 Inde
1301 883 1357 929 ad
1377 885 1590 929 orientem
1616 882 1673 928 est
1692 900 1816 943 porta
1841 885 1943 944 Spe-

555 961 664 1022 ciosa
704 977 788 1022 que
822 958 941 1005 ducit
976 957 1033 1004 ad
1070 956 1285 1019 templum
1311 955 1508 1001 Domini.
1552 952 1694 1017 QOd
1731 954 1945 1017 templum

557 1032 613 1077 est
645 1030 899 1089 rotundum,
927 1031 1055 1076 trinas
1075 1027 1238 1074 habens
1263 1044 1412 1090 portas
1437 1028 1481 1072 ὅ(
1507 1028 1549 1072 in
1574 1027 1754 1071 circuitu
1789 1026 1947 1071 atrium

556 1101 684 1148 valde
709 1103 1007 1165 conspicuum.
1037 1105 1080 1147 ln
1101 1118 1191 1163 quo
1217 1099 1385 1162 templo
1410 1099 1455 1143 in
1475 1096 1624 1143 medio
1652 1098 1711 1143 est
1731 1097 1947 1160 templum

558 1191 648 1219 non
676 1174 993 1231 manufaflum‚
1032 1173 1075 1219 id
1102 1173 1159 1218 est
1183 1170 1537 1229 tabernaculum3
1563 1171 1608 1215 ὃς
1632 1170 1753 1233 virga
1778 1171 1945 1227 Aaron,

558 1248 603 1292 ὃς
638 1262 769 1308 caput
792 1245 1022 1304 Zacharie,
1064 1243 1137 1303 filij
1163 1241 1382 1298 Barachie,
1420 1243 1465 1286 ὃ(
1491 1240 1624 1286 altare
1657 1238 1780 1302 quod
1819 1239 1948 1286 Iacob

559 1316 778 1363 edificavit
802 1318 1018 1375 Domino,
1058 1318 1103 1361 ὃς
1145 1314 1229 1361 clue
1264 1312 1411 1359 tabule
1433 1312 1714 1368 Testamenti,
1749 1313 1795 1357 ὃς
1820 1311 1951 1358 archa

560 1387 717 1435 federis
744 1389 944 1447 Domini,
975 1390 1020 1434 ὃς
1050 1404 1216 1433 manna
1256 1384 1372 1431 unde
1402 1382 1691 1447 pascebantur
1723 1383 1796 1443 filij
1829 1383 1952 1429 lsrael

561 1463 605 1508 in
647 1460 831 1519 deserto,
865 1459 1044 1505 condita
1087 1456 1172 1504 effe
1229 1456 1487 1515 creduntur3
1530 1457 1575 1500 δε
1619 1456 1664 1501 in
1705 1455 1952 1501 summitate

562 1533 715 1597 templi
739 1532 796 1578 est
820 1530 1027 1594 lampada
1052 1547 1182 1577 aurea
1209 1527 1418 1592 pendens.
1461 1529 1499 1572 A
1525 1526 1692 1590 templo
1725 1544 1830 1573 vero
1858 1528 1953 1572 Do-

565 1606 671 1652 mini
691 1621 847 1650 contra
877 1601 1106 1648 meridiem
1131 1602 1189 1647 est
1212 1602 1401 1663 templum
1427 1602 1456 1643 5
1460 1601 1678 1645 alomonis.
1717 1597 1789 1644 Ad
1809 1598 1953 1644 orien-

565 1694 654 1724 tem
692 1695 717 1722 a
741 1675 909 1738 templo
937 1675 1123 1720 Domini
1149 1690 1266 1719 extra
1290 1688 1468 1735 portam
1495 1671 1588 1728 atrij
1617 1674 1833 1731 probatica
1860 1672 1954 1732 Pzs-

565 1755 669 1807 cina,
706 1748 900 1810 quinque
931 1747 1122 1809 porticus
1150 1743 1328 1790 habens.
1369 1741 1471 1788 [nde
1497 1741 1555 1787 ad
1580 1743 1745 1787 exitum
1770 1742 1955 1787 civitatis

566 1838 721 1867 contra
756 1821 969 1866 orientem
1002 1820 1059 1865 est
1096 1819 1220 1864 vallis
1256 1818 1459 1878 Iosaplmt³
1501 1814 1574 1860 ubi
1606 1813 1664 1859 est
1701 1812 1879 1859 ecclesia
1911 1815 1956 1859 ὃς

565 1891 811 1940 venerabile
845 1891 1121 1955 sepulchrum
1159 1886 1413 1935 sanfflffime
1448 1888 1494 1931 ὅ(
1526 1884 1782 1931 venerabilis
1805 1887 1956 1944 Marie,

565 1969 610 2012 ὃς
638 1983 747 2011 ortus
775 1967 1048 2026 Gethsemani,
1087 1960 1161 2007 ubi
1189 1960 1410 2006 Dominus
1449 1957 1589 2003 oravit
1612 1974 1714 2003 cum
1740 1956 1958 2020 discipulis

566 2038 646 2083 suis
670 2039 715 2082 ὃς
739 2034 812 2081 ubi
839 2053 863 2081 a
881 2033 1186 2097 condiscipulo
1217 2032 1292 2077 suo
1320 2028 1425 2075 Iuda
1450 2028 1658 2075 traditore
1683 2029 1741 2074 est
1766 2028 1958 2075 traditus.

566 2109 670 2157 Inde
697 2108 753 2155 ad
779 2110 996 2154 orientem
1021 2107 1079 2152 est
1102 2124 1214 2151 mons
1242 2106 1413 2161 oliveti,
1450 2100 1571 2148 unde
1597 2102 1816 2147 Dominus
1841 2101 1959 2147 celos

566 2181 758 2229 ascendit
772 2184 817 2226 &
830 2179 904 2226 ubi
923 2178 1140 2242 discipulis
1162 2177 1241 2223 suis
1259 2181 1382 2221 Pater
1396 2177 1570 2236 Noster
1583 2171 1754 2235 scripslt.
1776 2174 1817 2218 A
1832 2191 1962 2219 monte

565 2271 670 2301 vero
709 2255 866 2299 Oliveti
905 2269 993 2297 uno
1032 2250 1187 2296 miliari
1228 2247 1320 2312 (fic)
1357 2247 1416 2292 est
1452 2261 1809 2302 monumentum,
1843 2243 1961 2291 unde

568 2327 788 2372 Dominus
821 2322 1165 2387 quatriduanum
1192 2319 1407 2366 suscitavit
1426 2318 1650 2362 Lazarum.
1700 2315 1804 2363 Inde
1829 2318 1962 2363 etiam

568 2397 624 2443 ad
644 2399 860 2443 orientem
879 2396 989 2441 ultra
1010 2394 1159 2457 leugas
1184 2392 1268 2450 sex,
1296 2390 1354 2436 est
1372 2389 1496 2435 locus
1521 2386 1597 2434 ubi
1615 2387 1837 2433 Dominus
1856 2388 1960 2433 ieiu-

569 2471 687 2516 navit
711 2467 862 2515 diebus
887 2467 929 2513 xl
949 2469 994 2512 &
1013 2465 1086 2512 ubi
1105 2483 1130 2510 a
1152 2462 1332 2510 diabolo
1360 2461 1418 2507 est
1441 2475 1693 2522 temptatUS,
1719 2476 1813 2504 non
1837 2459 1963 2522 supe-

570 2558 696 2587 ratus*
723 2542 763 2586 A
787 2557 876 2603 quo
905 2555 1057 2584 monte
1084 2537 1217 2599 usque
1236 2532 1292 2580 ad
1316 2532 1481 2578 flumen
1505 2534 1692 2576 Iordanis
1716 2531 1790 2576 sex
1827 2531 1962 2576 milia-

571 2614 631 2660 ria
651 2613 756 2659 sunt.
791 2614 830 2657 A
848 2612 1060 2672 Ierusalem
1084 2626 1190 2656 vero
1211 2623 1366 2653 contra
1385 2602 1616 2650 meridiem
1640 2603 1751 2649 ultra
1771 2617 1960 2664 quatuor

573 2685 756 2730 miliaria
783 2684 840 2730 est
866 2684 1073 2728 ‘Bellehem
1103 2679 1197 2744 (fic)
1223 2678 1372 2724 civitas
1399 2674 1559 2734 David,
1583 2676 1628 2721 in
1655 2691 1742 2736 qua
1767 2673 1960 2719 Christus

577 2772 716 2812 natus,
744 2757 789 2801 ὅς
812 2770 966 2816 puteus
986 2752 1111 2814 super
1135 2766 1269 2812 quem
1268 2747 1404 2800 stella
1428 2744 1668 2805 descendit,
1694 2762 1779 2808 que
1806 2745 1962 2808 Magos

575 2827 697 2877 duxit
732 2825 788 2873 ad
820 2842 1006 2891 puerum
1042 2819 1332 2870 adorandum.
1370 2818 1492 2865 Extra
1525 2833 1703 2883 portam
1737 2815 1962 2864 Ierusalem
