2216 3435
593 110 679 167 xlvj
1144 122 1442 158 PRAEFATIO.

593 264 695 305 Belli
718 265 830 317 (heri,
846 267 883 306 in
900 266 1013 307 libros
1032 266 1118 308 VII
1133 268 1284 324 divisae,
1299 269 1836 328 Bernardumquesapientem
1853 273 1981 326 appel-

591 330 649 371 lat
662 352 677 377 ,·
702 330 759 372 hic
779 332 873 372 enim
895 331 1014 372 Scotus
1029 333 1188 383 natione,
1207 333 1269 374 ille
1294 349 1385 375 vero
1407 335 1580 378 Francus
1594 358 1609 384 ‚·
1629 337 1686 378 hic
1704 338 1752 378 X
1750 338 1814 378 [mo
1827 338 1982 393 finiente

588 396 884 452 floruit-saeculo,
903 398 962 437 ille
982 413 1074 437 vero
1094 413 1183 437 nono
1203 400 1329 440 medio.

644 462 844 502 Bernardi
876 473 998 503 autem
1027 464 1099 503 iter
1118 464 1208 518 fuit
1237 465 1362 506 illud:
1400 467 1525 507 Roma
1559 468 1746 522 digreffus
1773 484 1854 508 cum
1869 468 1984 525 sociis

588 526 679 582 suis,
700 526 874 568 Montem
901 528 933 568 S.
957 528 1107 581 Angeli,
1136 532 1213 569 iam
1241 540 1326 570 tunc
1340 534 1673 586 peregrinantibus
1701 535 1980 574 celeberrimum

591 592 719 644 locum,
749 594 857 644 adiit,
890 594 984 633 unde
1016 594 1211 647 AEgyptum
1242 596 1398 637 devenit.
1434 598 1526 639 Inde
1555 599 1778 652 Babylonia,
1809 610 1849 639 ut
1867 600 1982 653 vulgo

590 668 674 698 tunc
695 659 890 699 dicebatur
910 658 947 698 le
969 658 1105 710 Caire,
1125 660 1269 715 invisa,
1297 672 1368 715 per
1396 662 1465 702 El-
1475 663 1537 703 W
1535 665 1689 704 arrada
1721 664 1904 711 (Albara)
1937 666 1981 704 {5⁵

590 723 852 764 El-Hakkara
875 724 1094 772 (Albacara
1114 732 1148 772 1)
1177 726 1340 781 transtit,
1361 738 1469 780 atque
1490 729 1574 769 inde
1596 729 1825 788 El-Arffch‚
1855 729 1982 770 Ram-

589 789 645 829 leh
666 805 709 829 ac
730 789 942 846 Ierusalem
963 790 1125 840 devenit,
1145 790 1350 845 Sanctaque
1382 793 1484 833 Loca
1514 793 1703 849 vifitavit.
1739 795 1866 836 Mari
1890 807 1979 836 tan-

590 855 668 894 dem
702 855 840 913 rursus
877 856 1058 906 invectus,
1098 857 1174 910 post
1204 857 1486 910 navigationem
1520 859 1608 899 LX
1636 861 1782 901 dierum
1817 861 1981 902 Italiam

583 921 762 973 pervenit
781 936 824 960 ac
851 921 1003 973 denique
1024 920 1248 973 Franciam,
1283 923 1320 963 in
1342 938 1416 976 qua
1446 924 1479 964 S.
1502 924 1714 966 Michaelis
1745 927 1784 966 in
1808 926 1985 967 Pericula

590 985 732 1026 Maris
751 987 1013 1041 monasterium
1033 987 1198 1043 invisere
1218 988 1346 1029 voluit.

643 1051 722 1107 Etst
739 1062 862 1092 autem
882 1053 920 1092 in
937 1052 1006 1092 hac
1025 1053 1223 1093 Bernardi
1237 1054 1415 1095 relatione
1427 1066 1555 1109 pauca
1558 1056 1641 1110 stnt
1657 1057 1699 1096 de
1716 1056 1826 1097 Locis
1842 1056 1985 1098 Sanctis

590 1119 727 1168 verba,
746 1134 814 1157 non
836 1119 879 1158 id
894 1128 980 1172 opus
1000 1120 1141 1158 omnino
1161 1120 1432 1173 negligendum,
1460 1132 1577 1175 utpote
1597 1122 1696 1174 quod
1720 1122 1818 1162 mille
1851 1122 1985 1163 abhinc

592 1199 700 1223 annis
707 1184 898 1240 scriptum
916 1183 983 1239 fit,
1010 1186 1055 1225 Εἴ
1083 1186 1131 1224 ab
1161 1185 1238 1241 ipso
1259 1193 1409 1227 auctore
1439 1187 1648 1243 absolutum
1671 1188 1864 1228 videatur.
1897 1188 1985 1229 Hoc

590 1260 712 1290 autem
734 1259 828 1290 certe
844 1250 1076 1301 mirandum,
1097 1251 1195 1303 quod
1211 1266 1254 1290 ea
1276 1266 1360 1304 quae
1381 1253 1437 1292 ad
1443 1253 1786 1306 peregrinationem
1804 1269 1874 1294 non
1890 1264 1983 1308 per-

589 1316 717 1367 tinent,
743 1316 922 1355 maiorem
944 1315 1058 1355 locum
1087 1317 1123 1355 in
1144 1316 1220 1357 eius
1238 1318 1463 1358 narratione
1483 1329 1662 1372 occupent.
1684 1319 1736 1358 N
1735 1321 1850 1360 otabis
1870 1321 1980 1360 etiam

590 1382 665 1422 eius
686 1381 728 1421 de
743 1381 881 1437 saneto
901 1382 983 1434 igne
1009 1382 1047 1421 in
1076 1381 1272 1435 Sepulchri
1297 1383 1443 1439 ecclesta
1474 1386 1611 1435 verba,
1648 1386 1692 1424 {3⁷
1726 1387 1825 1438 quod
1839 1387 1877 1426 in
1898 1386 1980 1443 dff-

589 1447 766 1501 criptione
785 1447 942 1502 eiusdem
965 1446 1122 1502 ecclcfiae
1141 1447 1256 1488 Bedae
1282 1448 1504 1488 Historiam
1527 1449 1762 1503 Anglorum
1784 1452 1983 1492 brevitatis

583 1514 720 1566 gratia
753 1513 898 1554 lectores
929 1513 1048 1566 legere
1079 1513 1179 1553 iubet
1214 1515 1326 1569 (pag.
1350 1521 1453 1568 315).
1490 1515 1563 1555 Sed
1590 1516 1644 1555 ibi
1668 1526 1746 1556 tam
1773 1517 1914 1558 vitiata
1938 1519 1983 1572 est

578 1578 798 1634 scriptura,
832 1589 873 1619 ut
900 1594 980 1618 eam
1004 1581 1041 1618 in
1068 1579 1197 1619 melius
1219 1590 1370 1620 mutare
1404 1581 1534 1620 debeat
1559 1581 1701 1628 editor‚·
1730 1589 1861 1623 auctor
1888 1584 1983 1624 enim

576 1644 724 1701 saepius
749 1645 790 1684 de
814 1644 888 1684 illis
909 1655 1070 1697 quatuor
1087 1644 1237 1700 ecclestis
1257 1645 1436 1698 loquitur,
1457 1661 1539 1699 quae
1561 1647 1826 1701 apudBedam
1847 1664 1980 1689 memo-

588 1721 745 1751 rantur:
766 1711 860 1750 duas
874 1720 997 1750 autem
1013 1720 1158 1750 tantum
1175 1712 1343 1758 inelicat,·
1363 1711 1459 1751 locus
1480 1713 1604 1765 itaque
1625 1712 1688 1752 ille
1691 1713 1801 1767 forte
1822 1715 1877 1754 ita
1899 1730 1982 1760 cor-

588 1776 790 1829 rigendus;
810 1776 882 1815 loco
906 1793 921 1812 «
944 1790 1022 1816 una
1039 1775 1231 1816 videlicet
1252 1776 1299 1816 ad
1324 1777 1541 1828 orientem,
1567 1794 1582 1813 »
1596 1777 1843 1834 scribendum
1863 1796 1878 1817 «
1902 1794 1983 1820 una

589 1841 626 1881 Sc
647 1841 774 1881 altera
794 1841 1000 1892 videlicet,
1020 1858 1035 1878 »
1060 1842 1190 1882 deinde
1214 1859 1229 1878 «
1251 1852 1392 1895 quarta
1413 1841 1579 1883 ecclefia
1596 1843 1644 1883 ad
1664 1844 1942 1897 occidentem,
1966 1862 1981 1882 »

582 1918 657 1962 pro
676 1917 803 1948 tertia.

643 2043 834 2085 Commzs
849 2059 857 2084 :

643 2145 675 2171 a.
697 2131 871 2183 Londini,
900 2131 1058 2187 Musaeo
1091 2133 1325 2184 Britannice,
1354 2133 1607 2185 Cottonianus,
1644 2135 1847 2190 Faustina,
1874 2138 1920 2178 B.
1948 2151 1981 2188 Ι,

588 2197 637 2236 X
635 2197 709 2237 III
714 2197 859 2253 saeculo
877 2208 1069 2239 exaratus.

642 2269 680 2308 b.
702 2268 874 2319 Oxoniae,
895 2270 1062 2310 Lincoln.
1085 2271 1207 2324 colleg.
1229 2270 1294 2324 96,
1313 2270 1362 2309 X
1359 2270 1432 2310 III
1439 2271 1575 2327 saecul.
1599 2282 1789 2314 exaratus.

641 2354 675 2380 c.
703 2339 744 2381 V
739 2341 940 2392 indobonae,
960 2342 1110 2382 Bibliot.
1129 2342 1276 2399 Caesar.
1296 2341 1426 2382 Palat.
1446 2354 1547 2396 2432
1560 2364 1576 2389 ,·
1597 2344 1646 2383 X
1644 2344 1669 2383 I
1674 2343 1716 2385 V
1715 2345 1853 2401 saecul.
1873 2361 1979 2386 exar.

644 2406 681 2447 d.
702 2406 843 2458 Remis,
891 2407 975 2446 olim
1021 2408 1058 2447 in
1107 2408 1317 2448 bibliotheca
1363 2408 1528 2448 abbatiae
1575 2409 1609 2449 S.
1650 2409 1837 2464 Remigij,
1882 2411 1983 2451 hodie

590 2472 811 2527 deperditus.

643 2615 652 2634 1
680 2602 854 2637 Clermont
875 2603 1044 2637 Ganneau
1065 2604 1098 2637 in
1123 2605 1241 2638 Revue
1324 2605 1355 2638 &
1394 2603 1568 2638 Albakara
1612 2617 1716 2638 unum
1758 2607 1982 2654 eumdemque

589 2656 736 2703 critique,
758 2659 856 2700 1876,
872 2664 894 2691 t.
909 2658 952 2699 II,
964 2670 994 2704 p.
1013 2669 1092 2703 394,
1109 2657 1241 2693 Albara
1323 2657 1437 2710 lqcum
1455 2657 1549 2693 fuiffe
1568 2658 1745 2695 existimat.
