2216 3435
559 273 966 306 CRUCIGERORUM
1002 272 1379 305 RHENANORUM.
1598 272 1653 323 33

284 423 513 481 vielorum,
533 420 775 479 afferentes,
797 421 1141 468 candidiffimam
1159 422 1311 478 aciem,
1343 438 1489 466 cruces
1508 419 1658 466 rubeas
1722 434 1797 462 1217

284 510 495 557 gerentes,
518 493 693 539 suorum
712 510 928 539 catervam
948 494 990 539 in
1012 493 1161 555 fugam
1181 489 1451 537 convertisse.
1490 493 1660 553 Insuper

0 602 3 619 ,
285 567 329 610 &
357 565 494 628 galee,
532 582 636 627 quas
658 583 736 627 per
762 582 880 609 mare
904 580 1055 609 contra
1074 563 1240 608 nostros
1259 561 1541 621 adduxerant,
1566 563 1660 608 sunt

285 636 447 700 fugate,
462 636 750 698 relinquentes
770 637 921 682 nostris
941 653 1092 697 equos,
1109 634 1395 680 kemmelinos
1413 636 1458 678 ὃς
1477 635 1661 678 tentoria

285 723 385 751 cum
400 723 491 752 tota
506 707 785 769 suppellectili
798 708 881 752 sua.
904 716 913 735 ¹
934 705 1106 752 Deinde
1119 706 1268 761 nostri,
1289 706 1450 751 comite
1471 703 1660 750 Girardo

284 778 453 840 semper
472 777 596 835 duce,
624 778 679 824 ad
704 779 878 824 insultus
904 795 1128 823 murorum
1152 777 1247 822 sunt
1272 775 1434 833 reversi,
1464 779 1509 822 &
1531 777 1660 821 inter-

285 849 385 894 feffl
417 849 512 894 sunt
549 867 638 895 tam
674 850 728 895 de
776 850 1007 894 christianis
1041 866 1173 910 quam
1216 847 1270 893 de
1307 849 1560 905 Sarracenis,
1600 847 1662 891 isti

0 947 3 969 1
284 919 513 982 lapidibus,
538 921 599 966 illi
624 922 798 984 sagittis.
826 922 911 965 Hic
937 920 1135 966 Westfali
1159 922 1203 964 ὃς
1229 921 1418 965 Saxones
1443 919 1563 964 suam
1590 936 1662 963 au-

0 982 2 1000 '
286 989 456 1036 daciam
481 1009 603 1037 more
628 992 704 1037 suo
731 990 1032 1053 profuderunt,
1059 993 1104 1036 &
1128 991 1383 1049 Rhenenses,
1414 991 1593 1053 ingenio
1618 991 1662 1034 ὃς

0 1039 3 1110 l
284 1063 401 1106 facio
430 1079 521 1107 non
543 1065 743 1124 impares,
761 1061 817 1107 ad
835 1080 931 1108 eam
951 1062 1124 1108 viriliter
1138 1060 1450 1121 convolabant,
1470 1060 1662 1105 Nuffien—

0 1128 3 1178 l
285 1131 392 1177 fium
418 1150 595 1195 quoque
612 1143 630 1162 2
653 1133 781 1196 clipei
806 1131 881 1178 sub
907 1131 1002 1178 alba
1029 1150 1155 1178 cruce
1180 1133 1289 1178 rosei
1314 1134 1356 1177 in
1382 1149 1506 1178 muro
1531 1132 1662 1177 succi-

287 1203 435 1249 dendo
461 1221 552 1249 non
577 1203 805 1249 modicum
826 1204 921 1249 sunt
938 1203 1109 1249 incenfi.
1130 1204 1356 1250 Erexerunt
1379 1205 1518 1249 eciam
1535 1204 1663 1248 nostri

286 1275 566 1321 instrumenta
600 1275 796 1337 diligenti
820 1274 959 1319 studio
986 1275 1175 1331 inventa,
1193 1284 1207 1313 3
1227 1292 1311 1336 que
1336 1273 1389 1320 de
1413 1275 1614 1321 heuenho
1644 1282 1664 1311 4

286 1362 605 1408 nuncupantur.

351 1418 481 1464 Circa
527 1418 681 1463 festum
720 1435 824 1464 vero
872 1415 1089 1463 Undecim
1124 1416 1290 1462 Milium
1324 1417 1557 1480 Virginum
1587 1434 1665 1479 per
1684 1428 1858 1457 octob.21.

0 1497 3 1581 j
287 1485 468 1533 fossores
493 1488 648 1534 cecidit
674 1489 805 1534 altera
830 1489 965 1534 turris.
993 1489 1119 1533 Tunc
1137 1487 1318 1534 demum
1342 1489 1552 1550 perterriti
1570 1498 1584 1527 5
1600 1489 1665 1533 in—

0 1590 3 1614 ,
286 1558 430 1604 felices
448 1559 507 1604 illi
525 1561 706 1606 castrum
726 1559 1020 1617 reddiderunt,
1041 1557 1190 1605 dantes
1209 1560 1250 1605 se
1269 1561 1313 1604 ὅ(
1334 1560 1406 1605 sua
1424 1561 1469 1605 in
1489 1559 1664 1606 manus6

0 1633 3 1686 f
287 1632 619 1693 peregrinorum
639 1649 692 1677 eo
711 1634 858 1695 paclo,
886 1631 1007 1693 quod
1022 1629 1189 1694 singuli,
1212 1630 1396 1678 totidem
1416 1632 1665 1680 christianos

0 1708 64 1752 lv„
80 1715 100 1744 f.
118 1724 131 1753 3
147 1718 192 1752 vo,
205 1726 230 1744 c.
243 1723 270 1743 2.
290 1700 345 1747 de
363 1703 612 1764 captivitate
637 1703 875 1759 restituturi,
903 1703 1036 1748 vitam
1057 1702 1329 1748 redimerent.
1357 1703 1438 1749 Sed
1460 1703 1664 1750 dominus

0 1749 97 1827 iB.‚p.
117 1797 186 1825 224,
206 1797 271 1816 c.2.
290 1772 423 1830 castri,
457 1771 577 1819 Abur
603 1773 755 1833 dicius,
781 1791 882 1819 cum
907 1772 1095 1836 pluribus
1120 1772 1349 1834 vobfidibus
1374 1775 1498 1838 super
1532 1780 1664 1838 pac'to

290 1842 503 1889 servando
541 1846 728 1907 acceptis
760 1843 1023 1907 baptismum
1044 1845 1190 1908 peciit,
1227 1862 1308 1889 nec
1332 1844 1466 1908 longe
1490 1848 1587 1910 post
1622 1850 1665 1894 in

291 1931 478 1960 errorem
503 1916 725 1977 pristinum
759 1916 816 1961 est
841 1917 1039 1962 reversus.
1079 1919 1254 1962 Invente
1279 1916 1373 1961 sunt
1399 1916 1442 1961 in
1466 1916 1553 1963 hoc
1577 1920 1664 1964 cas-

291 2001 357 2030 tro
384 2001 473 2030 tarn
498 1986 554 2032 de
580 1988 678 2034 viris
704 2004 836 2049 quam
862 1986 916 2032 de
941 1988 1208 2046 mulieribus,
1249 1988 1435 2050 parvulis
1460 1991 1504 2034 ὃς
1528 1992 1665 2035 maio-

290 2053 418 2115 ribus,
453 2058 619 2103 circiter
649 2059 727 2104 tria
751 2058 868 2104 milia
893 2060 1088 2121 persone,
1117 2077 1200 2121 que
1225 2076 1377 2105 omnes
1402 2062 1666 2107 venumdate

289 2127 385 2173 sunt
403 2130 448 2173 ὃς
471 2129 580 2175 inter
598 2131 850 2193 peregrinos
869 2132 1042 2193 partite3
1069 2131 1139 2175 hic
1163 2148 1188 2176 a
1207 2132 1351 2176 matris
1372 2130 1501 2178 ubere
1527 2133 1665 2180 infans

290 2198 348 2243 est
378 2216 538 2262 raptus,
577 2202 622 2246 ὃς
650 2201 830 2264 sponsus
860 2220 885 2247 a
914 2202 1081 2264 sponsa,
1120 2218 1250 2264 prout
1280 2203 1367 2248 sors
1394 2202 1584 2264 dicf’tavit,
1610 2205 1667 2250 est

291 2267 460 2316 divisus.
496 2271 590 2317 Nec
622 2270 864 2334 [putamus]
884 2282 899 2309 7
918 2273 1227 2332 omittendum,
1265 2273 1386 2335 quod
1412 2273 1591 2336 quidam
1617 2294 1666 2322 ex

291 2340 536 2400 christianis,
578 2342 764 2389 odorem
798 2344 903 2390 lucri
942 2346 1161 2404 rhei-antes,
1202 2361 1355 2391 contra
1389 2345 1667 2393 interdic‘lum

293 2429 440 2458 muros
469 2413 839 2473 transcenderunt,
877 2433 1083 2478 purpuras
1114 2433 1215 2461 cum
1239 2419 1504 2463 ornamentis
1530 2420 1667 2465 aureis

291 2484 336 2527 ἃ
384 2486 599 2547 argenteis
642 2485 931 2533 distrahentes
970 2487 1053 2533 Sed
1091 2486 1403 2535 admonicione
1441 2488 1514 2535 sub
1554 2507 1667 2553 pena

292 2557 768 2602 excommunicacionis
788 2558 914 2616 facia,
939 2556 1106 2622 singuli,
1135 2559 1256 2621 quod
1283 2577 1531 2622 rapuerant,
1558 2578 1667 2608 retu-

346 2751 355 2770 ι
383 2740 419 2772 V.
442 2739 623 2783 superlec‘ti.
644 2759 688 2763 —
704 2753 721 2772 2
741 2742 939 2784 V.quoru1n.
1076 2754 1090 2783 5
1120 2743 1156 2773 V.
1179 2741 1344 2785 preteriti3
1371 2742 1404 2774 B.
1428 2742 1596 2786 preterriti.
1625 2763 1667 2766 -«

294 2811 337 2815 -
362 2803 376 2833 3
400 2793 436 2824 V.
457 2792 596 2826 invecla.
624 2813 666 2816 ——
693 2806 714 2833 4
742 2795 780 2825 V.
802 2793 939 2826 heveho.
1027 2795 1537 2834 6V.=nanum.—-7Vacuumin
1548 2797 1583 2828 V.
1595 2796 1666 2830 &R

1486 2877 1502 2909 5
