2216 3435
617 201 682 233 DE
718 200 856 233 LOCIS
892 198 1112 231 SANCTIS.
1493 194 1553 248 95

175 350 341 396 dantur.
374 349 435 395 Ibi
460 350 517 395 est
540 346 870 394 xenodochium
905 343 960 390 ad
993 343 1189 406 publicas
1223 342 1408 388 delicias,
1436 344 1558 388 Hora

174 422 415 485 vespertina
434 419 700 465 mundantur
720 418 898 464 therme.
916 419 1029 462 Ante
1048 416 1190 479 ipsum
1209 414 1432 460 clibanum
1447 431 1559 475 aque

178 492 345 557 grande
381 493 438 538 est
466 492 636 549 solium,
669 489 790 552 quod
828 489 934 534 dum
969 488 1200 550 impletum
1230 487 1372 544 fuerit,
1408 486 1558 530 omnia

179 565 285 610 ostia
309 563 580 610 clauduntur.
604 563 649 607 Et
673 579 749 624 per
773 561 991 623 porticum
1016 560 1244 604 mittuntur
1260 559 1375 602 intus
1399 555 1560 601 infirmi

175 653 275 681 cum
298 632 583 680 luminaribus
613 635 658 678 ὅ(
685 633 878 690 incenso,
905 633 950 676 ὃς
975 629 1126 676 sedent
1154 629 1198 673 in
1226 628 1300 673 illo
1334 627 1441 673 solio
1468 643 1560 672 tota

174 709 320 765 noc'te,
350 708 395 751 ὃς
426 705 533 751 dum
558 705 749 767 soporati
778 703 949 760 fuerint,
974 700 1093 748 videt
1117 700 1201 758 ille,
1235 701 1309 760 qui
1343 696 1559 744 curandus

175 778 248 835 est,
266 778 459 839 aliquam
477 776 702 836 visionem,
722 778 767 821 ὃς
787 774 894 820 dum
912 791 1009 819 cam
1028 771 1281 828 recitaverit,
1297 768 1561 815 abstinentur

173 850 264 912 ipse
302 848 466 894 therme
505 849 671 910 septem
707 844 872 904 diebus,
908 845 1089 890 &intra
1119 842 1284 904 septem
1315 840 1404 886 dies
1434 857 1560 885 mun-

171 921 340 967 dantur.
374 918 521 982 Ibique
546 935 743 964 mortuus
777 918 834 963 est
865 916 1038 980 collega
1072 913 1216 960 noster
1253 911 1464 957 Iohannes
1505 909 1560 956 de

169 992 395 1051 Placentia,
423 993 598 1037 maritus
617 990 793 1036 Thecle.
818 989 905 1050 Ipse
919 992 1071 1048 fluvius
1089 983 1267 1043 calidus,
1294 984 1367 1045 qui
1389 986 1557 1028 Gadara

169 1062 338 1123 dicitur,
364 1061 588 1109 descendit
613 1077 779 1106 torrens
803 1062 848 1105 ὃς
883 1059 1014 1103 intrat
1039 1054 1284 1112 Iordanem,
1317 1055 1362 1098 ὃς
1390 1072 1441 1100 ex
1462 1054 1556 1117 ipso

170 1135 402 1197 ampliatur
427 1132 620 1179 Iordanis
645 1135 690 1178 ὃς
714 1132 855 1177 maior
879 1130 937 1175 fit.

319 1293 422 1338 VIII.
463 1293 736 1354 Scythopolis,
765 1294 936 1351 Sebaste,
965 1293 1218 1335 Samaritani
1245 1292 1396 1349 infesti.

233 1418 277 1463 Et
312 1433 415 1463 tunc
449 1415 755 1462 descendimus
791 1434 868 1478 per
904 1415 1123 1461 Calileam
1157 1416 1278 1460 iuxta
1313 1411 1558 1469 Iordanem,

169 1490 433 1535 transeuntes
454 1488 609 1533 multas
635 1489 843 1546 civitates,
876 1505 961 1550 que
983 1487 1201 1550 leguntur,
1226 1488 1271 1531 ὃς
1295 1486 1493 1531 venimus
1513 1484 1555 1527 in

170 1561 404 1619 civitatem,
431 1559 716 1621 metropolim
742 1559 928 1617 Galilee,
967 1575 1051 1620 que
1075 1574 1260 1604 vocatur
1283 1557 1557 1617 Scythopolis,

168 1634 213 1678 in
236 1648 388 1678 monte
408 1630 608 1695 positam,
634 1629 706 1676 ubi
736 1631 903 1676 sanclus
923 1628 1148 1675 Eusebiusa
1172 1629 1329 1674 multas
1356 1642 1558 1690 operatus

170 1704 228 1749 est
245 1705 435 1751 virtutes.
450 1701 607 1747 Exinde
629 1700 931 1747 descendimus
951 1719 1028 1764 per
1041 1699 1213 1763 aliquab
1236 1700 1336 1745 loca
1349 1701 1534 1744 samarie
1548 1709 1561 1726 s

171 1775 214 1820 in
249 1776 469 1821 civitatem
507 1777 704 1833 sebasten,
749 1775 793 1818 in
835 1790 921 1834 qua
960 1773 1186 1833 requiescit
1224 1771 1420 1816 Heliseus
1457 1786 1557 1832 pro-

170 1846 311 1908 pheta.
334 1843 657 1891 Descendentes
677 1862 753 1907 per
776 1844 1045 1906 campestria,
1071 1861 1148 1906 pet
1167 1844 1359 1889 civitates
1384 1843 1429 1886 &
1447 1845 1559 1886 vicos

170 1919 515 1963 Samaritanorum
552 1919 597 1962 δε
635 1917 812 1978 plateas,
853 1914 969 1961 unde
1006 1914 1287 1972 tranfivimus,
1324 1911 1559 1959 veniebant

171 1988 267 2050 post
291 2007 371 2033 nos
396 1987 511 2034 Iudei
539 1988 671 2050 paleis
705 1988 880 2050 vestigia
915 1987 1057 2031 nostra
1088 1984 1386 2031 incendentes.
1414 1985 1559 2029 Tanta

170 2060 228 2105 est
252 2060 333 2105 illis
361 2060 576 2106 execratio
602 2058 774 2115 Clu-isti,
811 2074 856 2103 ut
887 2059 956 2104 vix
992 2057 1228 2103 christianis
1269 2054 1448 2118 quidem
1475 2056 1558 2100 res-

170 2132 359 2193 ponsum
386 2133 558 2191 faciant,
600 2134 645 2177 &
673 2132 767 2176 sunt
791 2131 974 2189 ratione,
1001 2146 1045 2175 ut
1075 2126 1197 2190 quod
1225 2126 1280 2173 ab
1305 2126 1385 2172 illis
1412 2144 1557 2172 emere

171 2203 246 2262 vis,
276 2219 368 2250 non
394 2221 562 2268 tangas,
582 2219 821 2265 antequam
839 2203 1028 2265 pretium
1055 2200 1156 2246 des:
1184 2197 1337 2261 quodsi
1369 2199 1555 2262 tetigeris

171 2275 216 2318 ὃς
240 2292 331 2320 non
358 2276 694 2339 comparaveris,
723 2291 827 2319 mox
857 2269 1272 2318 scandalizabuntur.
1310 2269 1427 2315 Nam
1452 2269 1554 2313 foris

171 2345 317 2391 vicum
342 2347 615 2392 condomam
646 2344 808 2391 habent
834 2343 1018 2407 positam
1043 2345 1088 2388 ἃ
1112 2344 1155 2388 in
1182 2342 1273 2405 ipsa
1303 2340 1434 2386 talem
1458 2357 1554 2402 per-

172 2417 341 2478 sonam,
370 2436 454 2480 que
479 2417 554 2464 dat
579 2416 831 2480 responsum
850 2412 1149 2471 venientibus3
1176 2429 1382 2458 nummos
1409 2426 1555 2456 autem

174 2505 265 2535 non
290 2491 512 2553 accipiunt
537 2489 591 2535 de
618 2505 750 2534 manu
776 2504 864 2546 tua,
892 2485 964 2532 scd
986 2487 1029 2530 in
1056 2501 1217 2547 aquam
1240 2484 1440 2547 proiicies
1466 2498 1555 2536 cOS,

172 2561 218 2605 δε
259 2558 524 2607 denunciant
563 2559 652 2620 tibi,
694 2558 871 2623 quando
913 2555 1178 2621 ingrediaris.
1213 2557 1280 2601 Tu
1317 2571 1420 2602 vcro
1465 2551 1555 2600 noli

223 2734 250 2755 a.
264 2722 333 2765 ?Sic
350 2734 416 2768 ego,
434 2721 665 2764 al.Iohanne=<‚
678 2720 732 2754 ubi
749 2721 819 2753 Do-
948 2732 975 2751 ‹·.
1006 2716 1122 2750 Omitto
1141 2717 1171 2749 ἃ
1198 2714 1307 2748 Iudcc.

179 2776 295 2810 minus.
315 2796 357 2801 -—
381 2778 410 2809 b.
436 2778 465 2809 P.
485 2776 558 2808 aIia.
