2216 3435
507 280 572 313 DE
598 279 832 313 IOHANNE
858 279 992 312 REGE
1018 277 1322 312 IERUSALEM.
1533 274 1614 322 125

246 445 330 491 que
352 428 396 472 in
425 441 540 487 aqua
562 423 786 484 natabant,
820 423 906 471 fine
929 425 1050 488 gravi
1079 422 1277 486 dampno
1304 423 1477 468 fuerunt
1499 438 1617 467 recu·
1643 436 1719 465 1218

246 514 403 562 perata.
438 497 564 542 Tunc
590 495 821 541 Christiani
844 495 1056 559 gaudium
1088 493 1347 553 habuerunt,
1385 496 1430 539 ὃς
1467 491 1521 538 fic
1546 510 1621 555 per

244 586 383 616 totam
406 567 597 612 hiemem
633 566 733 629 paffi
767 567 924 612 fuimus
950 568 1023 625 ita,
1060 564 1183 628 quod
1208 566 1359 627 quinta
1383 582 1481 627 pars
1506 581 1620 609 exer-

243 642 350 687 citus
374 654 546 684 mortua
580 638 674 696 fuit,
712 640 757 684 δε
781 639 904 684 multi
928 639 1111 702 ungulas
1136 639 1370 683 amiserunt
1393 639 1438 682 ὅ(
1462 634 1621 681 habue-

241 727 340 756 runt
366 709 529 755 malum
564 710 609 754 in
634 727 708 755 ore
743 711 788 755 ὃς
814 711 858 755 in
884 708 1083 771 pedibu3‚
1111 707 1232 770 quod
1261 708 1441 771 agnosci
1464 706 1616 769 potest.
1644 729 1720 758 1219

305 781 405 827 XIII.
437 779 708 842 Perpendens
733 797 878 826 autem
914 779 1121 825 dominus
1145 779 1327 842 legatus,
1353 776 1475 840 quod
1501 776 1621 822 nullo

242 851 381 897 modo
410 849 634 897 manendo
653 852 697 896 in
722 850 873 896 sabulo
895 852 955 896 eis
979 867 1138 896 nocere
1156 866 1423 912 poteramus,
1448 849 1622 894 vocavit

243 940 397 969 omnes
416 938 515 968 ante
534 923 574 968 se
589 924 633 968 ὃς
647 921 769 967 dixit:
793 925 905 984 Qid
912 926 1097 982 facimus
1115 925 1194 980 hic,
1209 922 1397 980 cariffimi
1407 927 1427 964 Β
1446 922 1620 965 Melius

242 1000 292 1055 cst
316 997 428 1040 nobis
450 997 554 1039 mori
574 998 613 1039 in
633 995 753 1051 bello,
778 1012 892 1053 quam
923 997 962 1038 in
984 994 1118 1038 aliena
1146 1010 1252 1038 terra
1272 997 1401 1038 vivere
1407 998 1510 1053 ficut
1528 1011 1619 1053 cap-

240 1070 339 1112 tivi!
373 1065 418 1110 Et
448 1065 643 1127 precepit
668 1062 885 1121 omnibus,
924 1062 1008 1109 effe
1038 1079 1213 1126 paratos
1237 1064 1283 1109 in
1307 1062 1620 1126 purificacione

240 1138 366 1182 Beate
393 1137 540 1193 Marie,
570 1137 615 1181 ὃ(
639 1134 708 1195 fic,
742 1136 854 1181 faRa
877 1152 1046 1193 aurora,
1075 1152 1227 1179 omnes
1251 1136 1296 1180 in
1326 1133 1475 1179 cochis
1500 1136 1545 1179 ὃς
1574 1135 1618 1180 in
1637 1155 1721 1185 Febr,
1739 1165 1767 1184 2,

240 1208 373 1272 galeis
392 1206 675 1253 ascenderunt
693 1209 737 1252 &
756 1222 965 1269 ceperunt
980 1205 1143 1251 flumen
1161 1206 1405 1263 ascendere,
1426 1205 1497 1251 sed
1517 1223 1618 1268 pro-
1636 1221 1719 1256 febr.
1738 1229 1764 1258 3.

242 1280 359 1325 xima
377 1294 470 1324 orta
487 1279 545 1324 est
563 1279 789 1341 tempestas
810 1295 928 1323 tanta
948 1279 992 1322 in
1011 1281 1123 1334 aere,
1139 1277 1296 1323 scilicet
1311 1293 1618 1339 aqua‚ventus⁷

242 1349 430 1414 grando,
459 1350 608 1413 frigus,
634 1349 756 1411 quod
776 1367 911 1395 unum
932 1348 986 1394 de
1011 1350 1162 1394 nostris
1183 1348 1310 1413 signis
1335 1366 1427 1394 non
1445 1347 1621 1395 videbat

242 1421 374 1480 aliud,
408 1423 453 1466 ὃς
477 1438 555 1483 per
581 1437 661 1466 tres
687 1420 778 1465 dies
802 1423 846 1466 &
871 1423 1020 1465 nocsies
1045 1420 1287 1483 predicf'tam
1321 1420 1621 1482 tempestatem

242 1493 523 1539 sustinuimus.

307 1563 418 1609 XIV.
454 1564 653 1610 Similiter
685 1565 730 1609 ὅ(
750 1564 971 1609 Sarraceni
998 1561 1296 1625 paciebantur,
1320 1564 1365 1607 &
1391 1561 1624 1607 Christiani

243 1632 296 1679 de
332 1633 623 1680 misericordia
657 1635 739 1680 Dei
776 1650 897 1679 erant
933 1633 1144 1695 desperati
1182 1636 1227 1679 ὃς
1263 1632 1465 1679 dicebant
1490 1633 1624 1679 Davi-

242 1704 389 1750 dicum
423 1706 609 1751 versum:
653 1707 814 1751 Oblitus
846 1709 897 1765 est
931 1709 1045 1750 Deus
1077 1707 1190 1750 nobis
1231 1705 1270 1749 ὃ»
1305 1709 1447 1750 avertit
1466 1708 1621 1764 faciem

229 1779 365 1837 suam,
404 1796 450 1822 ne
484 1779 619 1821 videat
656 1795 727 1822 nos
755 1781 794 1821 in
820 1780 945 1836 finem
975 1775 1146 1831 (Psalm.
1185 1789 1252 1835 ΙΧ,
1295 1779 1389 1840 31).
1427 1775 1472 1820 Et
1496 1792 1622 1838 cepe-

242 1865 340 1894 runt:
359 1847 518 1893 dicere:
538 1849 613 1905 Tu,
632 1851 822 1905 Domine,
841 1852 910 1908 qui
929 1851 1061 1893 omnia
1080 1849 1226 1909 noscis,
1248 1857 1259 1876 1
1280 1851 1618 1907 antequamfiant,

242 1920 281 1964 6³
300 1922 471 1979 custodis
495 1921 606 1975 illos,
634 1924 702 1979 qui
729 1921 784 1963 Te
808 1936 972 1978 querunt
997 1938 1041 1963 ex
1060 1935 1143 1963 toto
1168 1922 1299 1975 corde,
1327 1920 1401 1974 Tu,
1428 1922 1618 1978 Domine,

228 1994 350 2052 serva
380 2009 451 2035 nos
481 1991 520 2035 Er·
555 1993 703 2049 custodi
733 1993 781 2034 ab
815 1994 885 2048 zsta
913 1991 1102 2050 perversa
1134 1990 1174 2034 ὅ*
1199 1992 1374 2049 nefanda
1410 2007 1540 2050 gente,
1573 2009 1621 2035 ne

229 2067 346 2123 forte
369 2065 519 2107 dicam:
551 2062 641 2108 UBI
667 2074 757 2107 EST
779 2063 911 2107 DEUS
936 2074 1117 2107 EORUM
1152 2064 1485 2107 CRUCIFIXUS?
1523 2064 1618 2106 cAd-

243 2139 332 2179 iuva
351 2152 437 2190 nos,
465 2137 656 2189 Domine,
683 2151 724 2178 ut
742 2152 816 2178 non
829 2139 947 2195 fimus
965 2144 1317 2179 SUBSANNACIO
1339 2145 1408 2178 ET
1428 2145 1617 2178 ILLUSIO

242 2218 352 2264 ΗΠε,
366 2218 452 2257 QUI
467 2218 518 2250 IN
534 2217 780 2251 CIRomTU
796 2217 995 2250 NosTRo
1010 2207 1156 2250 SUNT!
1177 2203 1345 2262 (Psalm.
1361 2216 1499 2260 xun,
1525 2209 1618 2268 13.)

294 2277 392 2322 XV.
415 2276 458 2321 Et:
478 2278 594 2322 Deus
609 2293 727 2321 tanta
741 2276 854 2321 mala
868 2276 1011 2337 posuit
1025 2275 1256 2332 interillos,
1278 2275 1400 2336 quod
1416 2275 1619 2321 soldanus

242 2349 341 2394 fecit
363 2347 545 2393 interfici
571 2365 706 2392 unum
733 2346 786 2392 de
812 2348 891 2392 suis
916 2346 1183 2403 ammirariis,
1208 2347 1252 2391 ὃ(
1276 2347 1456 2392 sandius
1477 2349 1619 2393 Geor-

240 2421 336 2484 gius
354 2420 462 2464 visus
483 2418 540 2464 ibi
556 2419 627 2478 est,
644 2421 689 2464 ὅ(
705 2419 860 2482 Pagani
875 2433 1083 2481 ceperunt
1101 2417 1263 2480 fugere,
1284 2418 1344 2462 ita
1364 2417 1484 2479 quod
1499 2436 1620 2482 pater

242 2509 333 2537 non
358 2489 632 2553 exspefsabat
660 2490 811 2547 filium,
845 2492 890 2535 ὃς
922 2488 1171 2535 dimiserunt
1202 2490 1367 2546 omnia,
1410 2492 1455 2535 ὃ(
1480 2491 1619 2537 nullus

242 2561 496 2625 sequebatur
514 2579 601 2607 eos.
620 2562 746 2606 Tunc
759 2561 989 2607 Christiani
1003 2578 1215 2625 magnum
1234 2562 1440 2607 timorem
1459 2562 1619 2609 habue-

243 2651 357 2691 runt,
385 2632 471 2691 sed,
498 2634 611 2679 fatsta
637 2650 806 2690 aurora,
832 2632 1053 2678 neminem
1077 2649 1152 2695 per
1176 2649 1383 2696 campum
1407 2632 1619 2695 viderunt,

292 2798 303 2820 1
333 2788 405 2820 Cod.
425 2787 539 2821 noscit.
