2216 3435
384 722 473 751 Mons
493 720 639 750 GarIzIm.

381 932 512 963 Sichem.

663 125 716 171 16
1164 138 1520 171 ITINERARIUM

657 282 804 328 civitas
829 281 1053 328 Stradela⁰
1184 322 1191 329 .
1642 323 1649 330 .
1838 285 1971 332 millia
2007 299 2040 331 Χ

723 356 782 397 lbi
799 356 915 414 sedit
940 357 1086 400 eAclzab
1113 373 1194 411 rex,
1226 355 1266 399 δ’
1298 356 1446 399 Helias
1462 359 1733 417 prophetavit
1775 358 1837 400 lbi
1860 361 1912 416 est
1934 376 2042 402 cam-

650 443 743 487 pus,
770 428 837 471 ubi
865 429 1010 471 ‘David
1035 427 1180 471 Goliat
1206 429 1368 471 occidit.

657 497 824 543 Civitas
851 499 1108 560 Scythopolis
1337 536 1344 544 .
1490 537 1497 545 .
1643 537 1650 544 .
1797 538 1804 545 .
1969 514 2041 546 XII

658 569 776 627 Aser,
803 567 876 614 ubi
899 569 977 614 fuit
1001 569 1101 615 vifla
1131 567 1204 614 Iob
1223 569 1239 597 ὁ
1338 608 1344 615 .
1490 609 1497 616 .
1643 609 1650 616 .
1796 610 1803 616 .
1994 586 2043 618 v1

661 641 809 687 civitas
834 642 1065 702 Qeapolis
1184 680 1191 686 .
1338 680 1345 686 .
1491 680 1497 686 .
1644 682 1650 687 .
1797 683 1803 689 .
1976 657 2043 689 XV

725 710 785 758 Ibi
808 712 866 757 est
895 730 1006 757 mons
1033 715 1231 773 Gari‘gim.
1274 711 1332 758 Ibi
1360 711 1511 758 dicunt
1537 714 1794 760 Samaritani
1820 713 2044 762 Abraham

661 782 916 829 sacrificium
947 781 1162 840 obtulisse,
1207 785 1253 828 &
1286 782 1532 830 ascenditur
1568 784 1702 846 usque
1733 784 1789 831 ad
1826 786 2045 833 summum

663 872 864 901 montem
886 853 1097 919 gradibus
1132 872 1314 901 numero
1346 872 1434 901 cce.
1476 854 1577 901 Inde
1607 855 1664 902 ad
1696 856 1858 920 pedem
1883 860 2045 904 montis

662 923 787 988 ipsius
824 925 947 971 locus
983 927 1055 985 est,
1095 928 1164 972 cui
1193 943 1360 973 nomen
1396 926 1455 972 est
1484 928 1656 972 Siclzem.
1699 926 1762 979 Ibi
1795 928 1854 973 est
1888 947 2045 976 monu-

663 1014 877 1058 mentum,
904 997 977 1044 ubi
1004 997 1166 1062 pofitus
1197 999 1255 1045 est
1287 999 1437 1062 Ioseph
1472 1000 1516 1044 in
1547 999 1662 1058 villa,
1694 1017 1828 1063 quam
1853 999 1974 1047 dedit
2008 1002 2046 1047 ei

585 1078 590 1083 '
664 1067 809 1128 Iacob,
836 1085 958 1132 pater
983 1071 1084 1117 eius.
1114 1069 1216 1117 Inde
1240 1087 1364 1135 rapta
1388 1071 1446 1117 est
1465 1071 1597 1131 Dina,
1621 1071 1710 1117 filia
1734 1070 1878 1132 Iacob,
1904 1090 1930 1118 a
1950 1071 2046 1119 filiis

383 1220 495 1251 Sichar.

386 1647 504 1678 Bethar.

392 2289 559 2321 Ierusalem.

664 1141 1023 1188 Amorrheorum.
1062 1141 1164 1189 Inde
1186 1142 1329 1205 paffus
1354 1143 1471 1189 mille
1498 1143 1623 1189 locus
1655 1143 1732 1203 est,
1774 1144 1843 1190 cui
1879 1161 2046 1192 nomen

663 1214 823 1270 Siclzar,
865 1212 982 1260 unde
1020 1211 1243 1259 descendit
1278 1214 1430 1260 mulier
1468 1215 1725 1261 samaritana
1763 1215 1820 1261 ad
1857 1214 2047 1263 eundem

662 1283 827 1342 locum,
855 1283 927 1331 ubi
955 1283 1084 1331 Iacob
1108 1301 1291 1349 puteum
1316 1285 1442 1345 fodit,
1475 1302 1519 1331 ut
1546 1285 1600 1332 de
1629 1303 1683 1332 eo
1708 1303 1870 1349 aquam
1894 1287 2047 1350 imple-

664 1372 741 1413 ret,
769 1358 814 1401 ὅ(
839 1357 1059 1403 Dominus
1089 1358 1197 1402 Iesus
1227 1357 1421 1403 Christus
1447 1375 1548 1404 cum
1580 1376 1631 1404 ea
1653 1358 1825 1404 locutus
1850 1359 1937 1405 est:
1974 1357 2048 1405 ubi

665 1428 762 1473 sunt
786 1429 832 1473 ὅ(
856 1427 1033 1475 arbores
1057 1429 1237 1493 platani,
1264 1446 1370 1491 quas
1395 1430 1606 1493 plantavit:
1628 1429 1772 1491 Iacob,
1790 1432 1835 1477 ὅ(
1854 1428 2049 1490 balneus,

666 1499 741 1561 qui
764 1497 820 1544 de
846 1517 900 1545 eo
930 1517 1065 1564 puteo
1091 1500 1271 1547 lavatur.

732 1569 835 1617 Inde
861 1572 994 1618 millia
1021 1574 1148 1632 xxviij
1175 1571 1374 1619 euntibus
1395 1573 1664 1619 Hierusalem
1688 1574 1733 1619 in
1752 1590 1873 1637 parte
1893 1572 2050 1620 finistra

666 1641 725 1687 est
747 1643 863 1700 villa,
893 1661 978 1706 que
1003 1643 1159 1690 dicitur
1189 1648 1355 1690 ‘Bellum
1394 1643 1496 1690 Inde
1521 1642 1664 1708 paffus
1690 1645 1807 1691 mille
1832 1646 1890 1692 est
1910 1645 2049 1704 locus,

667 1710 739 1758 ubi
767 1712 911 1773 Iacob,
947 1732 1048 1760 cum
1072 1715 1150 1761 iret
1174 1715 1218 1760 in
1245 1716 1630 1778 Mesopotamiam,
1663 1715 1885 1776 dormivit,
1917 1718 1963 1762 ἃ
1990 1715 2050 1763 ibi

668 1784 727 1830 est
754 1783 883 1831 arbor
907 1785 1159 1850 amygdala,
1184 1788 1230 1832 ὃς
1253 1785 1360 1833 vidit
1383 1787 1538 1846 visum,
1570 1788 1616 1832 &
1646 1787 1826 1851 angelus
1865 1805 1967 1834 cum
1995 1806 2049 1835 eo

665 1856 850 1902 lutstatus
878 1857 948 1903 est.
987 1856 1046 1903 Ibi
1080 1857 1161 1903 fuit
1199 1877 1271 1905 rex
1302 1857 1592 1919 Hieroboam,
1632 1857 1690 1905 ad
1733 1877 1866 1923 quem
1904 1858 2051 1905 missus

667 1927 746 1973 fuit
769 1928 1000 1992 propheta,
1029 1945 1074 1974 ut
1104 1946 1431 1977 converteretur
1465 1929 1523 1976 ad
1553 1932 1700 1976 Deum
1726 1931 1970 1978 excelsum:
2006 1932 2052 1976 &

667 1998 826 2059 jussum
851 2000 991 2046 fuerat
1013 2000 1242 2063 prophete,
1274 2019 1332 2048 ne
1357 2019 1459 2047 cum
1487 2000 1889 2066 pseudopropheta,
1919 2019 2052 2064 quem

667 2088 740 2117 rex
762 2072 910 2118 secum
935 2071 1139 2133 habebat,
1165 2073 1462 2120 manducaret.
1506 2073 1551 2119 Et
1582 2074 1684 2136 quia
1713 2072 1911 2120 sedufius
1945 2074 2004 2119 est
2027 2092 2052 2120 a

668 2141 1058 2207 pseudopropheta
1078 2146 1123 2190 ὃ(
1148 2162 1249 2190 cum
1271 2163 1325 2190 eo
1351 2143 1649 2203 manducavit,
1676 2144 1874 2192 redeunti
1898 2162 2051 2192 occur-

669 2214 721 2258 rit
742 2213 958 2278 prophete
981 2214 1087 2261 leo
1078 2233 1121 2260 m
1146 2215 1229 2274 via,
1256 2217 1301 2262 &
1329 2215 1491 2262 occidit
1516 2235 1629 2264 eum.

737 2283 839 2331 Inde
862 2288 1119 2348 Hierusalem
1206 2326 1213 2334 .
1662 2327 1670 2335 .
1811 2289 1946 2335 millia
1980 2302 2053 2335 XII

672 2367 751 2427 Fir
794 2392 827 2428 a
882 2369 1130 2450 Cesarea
1172 2369 1450 2457 Palestina
1496 2370 1839 2451 Hierusalem
1885 2372 2053 2457 usque

755 2455 929 2518 millia
956 2459 1094 2542 cxvj,
1130 2461 1430 2544 mansiones
1454 2461 1522 2532 iv,
1549 2461 1868 2520 mutationes
1891 2461 1957 2520 iv

737 2621 874 2666 Sunt
865 2638 908 2667 m
928 2622 1200 2669 Hierusalem
1220 2623 1383 2686 piscine
1401 2640 1562 2688 magne
1582 2622 1667 2669 due
1685 2622 1742 2669 ad
1762 2623 1872 2670 latus
1889 2624 2055 2687 templi,

720 2750 750 2772 a.
783 2740 816 2772 V.
838 2739 1005 2773 Istradela.
1028 2760 1068 2764 —
1089 2741 1120 2773 b.
1147 2740 1180 2773 V.
1199 2741 1265 2784 xvj.
1284 2760 1326 2765 —
1345 2752 1371 2774 c.
1398 2741 1432 2774 V.
1454 2752 1522 2774 om.
1547 2748 1630 2774 mut.
1649 2741 1690 2774 iv.
