2216 3435
656 150 698 194 ΙΙ.
723 161 997 195 PEREGRIN.
1025 162 1246 196 SANCTAE
1271 163 1472 198 PAULAE.
1689 172 1744 202 xv

415 317 439 357 f.
474 317 585 369 1844,
607 317 751 374 Paris,
774 317 928 372 Migne,
948 319 986 358 in
1009 318 1214 374 Patrolog.
1248 320 1384 372 latina,
1405 331 1429 362 t.
1456 321 1575 373 VIII,
1595 340 1624 364 c.
1646 325 1743 379 783-

361 394 456 437 7953
483 382 793 437 Weffelingianae
810 385 972 426 editionis
992 386 1034 425 de
1053 387 1169 426 verbo
1191 387 1246 427 ad
1261 388 1421 427 verbum
1437 389 1609 441 repetitio.

412 474 448 514 g.
485 460 596 513 1845,
626 460 796 516 Parisiis,
816 462 853 501 in
875 472 980 515 opere
1000 464 1102 505 cuius
1121 465 1247 505 titulus
1255 466 1431 523 sequitur
1446 482 1460 506 :
1480 465 1652 507 Recueil
1673 470 1742 509 des

306 560 311 563 .
358 525 581 566 ἱῖίῃὲτειίῑεε
600 526 778 578 anciens,
806 528 862 579 8⁰,
877 538 917 581 p.
944 540 1012 582 171
1038 530 1082 569 ὅ
1091 530 1202 588 suiv.
1222 530 1357 585 ,Quam
1387 532 1573 572 editionem
1599 548 1641 573 ex
1667 534 1742 574 cod.

359 588 489 649 Paris.
507 590 558 644 (c)
578 590 711 631 Fortia
731 591 930 644 d'Urban,
951 593 1020 633 vel
1032 594 1152 646 potius
1171 594 1217 634 E.
1238 594 1382 635 Miller
1401 597 1564 650 confecit.

408 668 447 707 h.
482 668 594 720 1848,
622 668 800 720 Berolini,
826 669 882 720 8⁰,
909 672 964 711 ad
985 671 1119 712 calcem
1149 671 1346 727 Itinerarij
1380 676 1598 728 Antonini,
1626 678 1741 718 edent.

359 730 408 772 G.
434 732 600 787 Parthey
630 735 675 774 Εἴ
707 735 777 775 M.
812 736 969 788 Pinder,
999 739 1062 791 qui
1079 739 1197 779 eodem
1226 740 1287 780 illo
1313 741 1388 781 cod.
1421 741 1626 797 Parisiensi
1655 753 1741 784 tan-

353 799 532 838 tummodo
553 799 795 855 ustfuerunt.

407 869 431 910 i.
468 871 580 923 1854,
600 871 754 927 Lipstae,
774 873 831 925 8⁰,
853 876 907 914 ad
922 875 1056 916 calcem
1076 876 1190 917 libelli
1214 877 1341 918 Iacobi
1360 879 1554 933 Berggren
1575 879 1739 921 Flavius

353 931 560 988 Iosephus,
575 947 640 992 pp.
662 951 784 993 54-55
807 942 1003 993 (fragm).

399 1006 430 1060 j.
466 1008 579 1061 1864,
617 1010 788 1062 Parifiis,
832 1012 887 1053 8⁰.
936 1012 1080 1053 Revue
1118 1015 1449 1070 archeologique,
1490 1032 1602 1058 nouv.
1620 1019 1738 1076 stria,

351 1081 376 1111 t.
398 1072 453 1124 X,
468 1083 508 1127 p.
538 1076 717 1129 99-108;
736 1093 780 1117 ex
806 1078 906 1118 codd.
933 1093 955 1118 a
975 1080 1020 1118 ὅ
1046 1094 1082 1130 c,
1106 1090 1262 1121 curante
1276 1081 1396 1121 Anat.
1424 1083 1466 1122 de
1487 1082 1736 1139 Eartbelemy.

407 1148 448 1188 k.
482 1150 594 1204 1869,
611 1152 738 1192 Sancti
759 1153 878 1205 Galli,
893 1154 949 1205 8⁰,
969 1155 1066 1195 inter
1088 1156 1395 1212 Descriptiones
1415 1159 1559 1200 Terrae
1580 1161 1737 1202 Sanetae

351 1227 399 1252 ex
415 1213 544 1254 saecul.
557 1213 632 1266 IV,
656 1216 693 1256 V
706 1217 745 1257 δε
759 1216 834 1269 VI,
846 1234 937 1272 quas
946 1219 982 1272 ip
973 1220 1022 1278 se
1037 1220 1176 1275 collegit
1189 1224 1384 1282 praesentis
1400 1224 1594 1266 voluminis
1608 1227 1735 1278 editor,

349 1277 405 1318 hic
419 1280 543 1332 primo
564 1281 679 1321 trium
702 1283 802 1323 codd.
823 1298 858 1335 a,
882 1284 920 1335 b,
940 1298 962 1324 c
984 1284 1190 1326 lectionibus
1209 1288 1305 1343 usus.

1019 1469 1049 1512 11

662 1602 998 1639 PEREGRINATIO
1021 1606 1223 1641 SANCTAE
1244 1609 1415 1643 PAULAE.

398 1746 552 1788 Concilii
587 1757 757 1802 tempore,
792 1751 891 1804 quod
926 1751 1061 1793 Romae
1101 1770 1197 1795 anno
1232 1757 1308 1810 382
1344 1765 1466 1799 aetum
1495 1761 1557 1814 esi,
1588 1761 1730 1814 Paula,

342 1827 385 1851 ex
404 1812 516 1852 nobili
529 1828 664 1865 genere
688 1814 867 1856 Romana
895 1827 1086 1870 matrona,
1102 1821 1311 1878 spirituale
1339 1826 1592 1865 commercium
1619 1828 1734 1868 inivit

342 1892 423 1917 cum
435 1878 571 1935 sanfflo
590 1878 799 1933 Epiphanio
820 1882 1008 1941 &sancto
1029 1886 1202 1938 Paulino,
1233 1905 1387 1942 quorum
1419 1892 1589 1945 instinctu
1610 1893 1730 1952 chris-

341 1943 483 1982 tianam
509 1943 719 1997 religionem
740 1946 1081 2005 Sanctaquestmul
1100 1951 1202 1993 Loca
1216 1955 1311 1994 miro
1332 1956 1504 2010 amplexa
1523 1960 1573 2008 est
1591 1974 1728 2006 amore,

342 2008 433 2048 Inde
472 2009 655 2064 confilium
701 2013 844 2054 itineris
885 2016 940 2055 ad
973 2016 1274 2077 Hierosolymam
1298 2019 1531 2080 suscipiendi
1541 2045 1558 2071 ;
1591 2036 1728 2079 nempe,

327 2074 463 2131 sorore
476 2073 560 2131 sua
578 2076 769 2128 Eustochio
789 2080 834 2118 Εἴ
849 2080 921 2121 illis
941 2082 1080 2124 duobus
1098 2086 1252 2140 ecclefiae
1266 2088 1442 2141 patribus
1463 2091 1728 2144 comitantibus,

333 2141 468 2193 patria
474 2140 592 2194 fimul
605 2157 650 2182 ac
658 2142 754 2198 filiis
765 2145 912 2198 relictis,
927 2149 1085 2202 triginta
1099 2151 1289 2210 &septem
1305 2169 1418 2195 annos
1433 2165 1539 2207 nata,
1555 2158 1662 2198 viam
1676 2159 1732 2199 ad

339 2205 531 2246 Orientem
552 2207 720 2265 ingrqffa
738 2212 799 2264 est,
818 2212 1006 2271 &saneta
1022 2216 1172 2257 civitate
1173 2218 1299 2276 semel
1309 2221 1450 2279 invisa,
1460 2221 1497 2261 in
1511 2224 1602 2263 urbe
1614 2240 1724 2277 quam

331 2272 522 2326 praecipue
555 2275 716 2325 amavit,
745 2275 954 2319 Bethlehem
983 2282 1074 2332 dico,
1110 2283 1329 2324 domicilium
1368 2285 1484 2340 elegit,
1515 2289 1579 2328 ubi
1612 2305 1724 2343 quum

335 2337 472 2391 viginti
503 2339 612 2380 annis
641 2340 780 2396 affldue
805 2344 1005 2401 manfifflt,
1036 2362 1133 2387 anno
1158 2361 1239 2402 404
1271 2360 1424 2391 mortem
1455 2353 1551 2394 obiit.
1592 2354 1724 2396 Huius

329 2404 641 2456 peregrinationis
684 2407 896 2449 relationem
920 2409 1082 2467 sanc‘i'us
1126 2413 1399 2470 Hieronymus,
1440 2418 1577 2460 Paulae
1613 2436 1724 2462 comes

336 2465 521 2521 (temporis
540 2471 633 2510 enim
655 2472 699 2511 Εἴ
714 2475 930 2532 praesertim
953 2476 1121 2519 Orientis
1140 2495 1257 2521 mores
1282 2482 1478 2535 opinionem
1503 2484 1609 2525 illam
1622 2487 1733 2544 sane⁴

332 2533 540 2574 credibilem
570 2536 761 2591 efficiunt),
775 2542 930 2593 posteris
950 2544 1135 2590 tradidit,·
1156 2545 1228 2586 eius
1247 2556 1369 2588 autem
1384 2549 1638 2607 descriptiones
1652 2568 1720 2591 non

328 2605 455 2649 pauca
477 2613 537 2640 nos
556 2601 684 2653 edocet,
705 2603 750 2643 {5³
770 2605 813 2645 de
827 2607 1005 2664 personis,
1022 2608 1067 2648 ἅθ’
1082 2609 1125 2649 de
1145 2610 1254 2651 rebus
1270 2626 1313 2651 ac
1334 2612 1429 2654 locis.
1447 2613 1582 2668 Quum
1599 2626 1720 2657 autem

331 2677 392 2714 ego
410 2663 448 2702 in
483 2664 552 2705 hac
583 2667 732 2708 editione
761 2673 1008 2713 tantummodo
1037 2675 1136 2727 quod
1157 2677 1399 2731 geographia:
1432 2679 1581 2734 interest
1612 2682 1720 2736 desti-
