2216 3435
646 301 711 333 DE
746 301 882 333 Loms
917 298 1135 333 sANcTis
1489 300 1568 352 193

208 448 383 494 inventa
402 448 611 492 nunciant
629 447 887 492 ferramenta
910 447 954 492 in
974 446 1047 491 tali
1065 446 1178 490 loco.
1207 447 1312 509 Qo
1333 464 1575 510 comperto,

208 537 279 564 rex
325 519 535 563 continuo
581 516 790 563 tubicines
827 535 904 580 per
939 518 1171 562 castrorum
1208 518 1431 562 circuitum
1466 518 1576 564 tubis

209 588 326 634 iubet
363 606 515 634 canere
539 590 583 633 &
617 590 850 634 exercitum
875 605 1050 634 movere
1085 588 1230 646 castra>
1268 587 1433 634 dicens:
1470 589 1576 634 Emi-

210 677 382 723 gremus
417 660 518 704 hinc
554 659 609 704 ad
646 658 935 704 edificandam
975 660 1192 705 civitatem
1228 659 1272 703 in
1312 660 1414 704 loco
1452 658 1578 704 nobis

211 730 412 777 divinitus
449 729 698 794 defignato3
729 729 950 792 simulque,
975 733 1209 794 preparatis
1245 749 1345 776 cum
1381 730 1578 777 universo

210 805 395 849 exercitu
426 802 622 861 navibus,
655 802 711 848 ad
739 803 888 847 locum
921 819 1188 865 repertorum
1218 803 1580 849 ferramentorum

209 874 508 933 transfretavit,
543 892 675 936 quem
703 873 902 919 videlicet
931 874 1079 919 locum
1109 875 1153 919 in
1178 875 1250 920 tali
1274 891 1426 919 eorum
1450 873 1580 919 trans-

208 946 369 991 latione
402 947 618 1008 cognovit
648 944 723 991 sibi
758 963 782 989 a
819 947 917 990 Deo
958 962 1235 1008 preparatum
1277 944 1499 1009 designari.
1536 948 1581 989 In

211 1034 299 1079 quo
324 1018 534 1062 continuo
554 1017 772 1063 civitatem
793 1015 1005 1075 condidit,
1033 1034 1117 1078 que
1137 1015 1381 1079 composito
1401 1018 1581 1062 nomine

210 1105 261 1133 ex
291 1090 471 1152 proprio
505 1090 593 1134 eius
627 1087 844 1135 vocabulo
875 1090 918 1132 δε
949 1088 1210 1150 appellativa
1241 1089 1421 1134 civitatis
1451 1105 1582 1151 greca

210 1160 512 1206 nominatione
542 1159 978 1221 Constantinopolis⁰
1002 1161 1230 1216 vocitatur,
1269 1176 1314 1204 ut
1344 1159 1582 1205 conditoris

209 1230 453 1276 vocamenb
481 1233 525 1277 in
560 1233 703 1294 priore
734 1230 826 1275 talis
857 1229 1050 1275 inhereat
1085 1229 1410 1292 compositionis
1446 1248 1581 1293 parte.

274 1303 370 1347 Hec
403 1301 456 1347 de
487 1301 562 1347 situ
593 1304 638 1347 ὃς
669 1301 923 1348 conditione
952 1301 1060 1347 illius
1087 1303 1203 1365 regie
1234 1301 1346 1348 urbis
1372 1301 1583 1364 descripta

209 1371 434 1418 sufficiant.

328 1504 386 1546 ΙΙΙ.
425 1506 490 1546 ‘De
517 1503 592 1546 illa
618 1503 790 1565 ecclesia,
816 1506 855 1546 in
884 1521 958 1562 qua
985 1521 1077 1548 crux
1102 1507 1273 1548 ‘Domini
1297 1506 1470 1549 habetur.

275 1628 483 1673 Ceterum
503 1627 558 1673 de
576 1626 853 1673 celeberrima
872 1626 1063 1673 eiusdem
1078 1628 1260 1673 civitatis
1273 1627 1462 1674 rotunda
1481 1629 1586 1674 mire

211 1697 522 1762 magnitudinis
545 1697 718 1760 lapidea
749 1697 922 1744 ecclefia
947 1698 1063 1746 filere
1087 1718 1179 1747 non
1211 1700 1430 1747 debemus.
1463 1701 1586 1763 Qo,

212 1787 257 1815 ut
289 1770 455 1816 sanclus
478 1769 679 1814 Arculfus
705 1770 853 1830 refert,
887 1772 958 1831 qui
982 1789 1080 1817 eam
1109 1789 1200 1818 non
1232 1771 1352 1819 brevi
1382 1773 1586 1834 frequen-

213 1842 316 1887 tavit
340 1857 558 1904 tempore,
583 1839 637 1886 ab
662 1842 752 1885 imo
779 1841 1167 1888 fundamentorum
1190 1845 1234 1889 in
1259 1842 1390 1890 tribus
1415 1843 1587 1889 consur-

211 1929 318 1975 gens
342 1910 574 1975 parietibus
598 1912 752 1974 triplex
771 1912 895 1974 supra
919 1912 1015 1958 illos
1036 1914 1159 1959 altius
1178 1914 1418 1974 sublimata,
1438 1930 1587 1960 rotun-

213 1983 377 2029 diffima
400 1985 445 2028 &
467 1983 594 2029 nimis
620 1983 768 2044 pulcra
792 1981 968 2045 fimplici
1005 1985 1332 2032 consummatur
1354 1985 1588 2031 culminata

213 2072 396 2101 camera.
434 2055 530 2099 Hec
566 2052 746 2099 arcubus
782 2052 950 2099 suffulta
981 2054 1230 2118 grandibus,
1263 2058 1372 2103 inter
1399 2055 1588 2120 singulos

213 2127 338 2189 supra
372 2141 640 2170 memoratos
670 2126 852 2187 parietes
884 2125 1021 2170 latum
1050 2125 1181 2172 habet
1207 2128 1405 2190 spatium,
1439 2128 1507 2175 vel
1534 2126 1588 2174 ad

215 2195 548 2243 inhabitandum
581 2196 649 2241 vel
681 2195 735 2241 ad
763 2195 1031 2241 exorandum
1056 2198 1201 2243 Deum
1227 2215 1378 2261 aptum
1400 2201 1444 2245 ὃς
1469 2216 1588 2244 com-

214 2266 410 2313 modum.
432 2267 642 2313 Interioris
657 2266 814 2311 domus
833 2267 1070 2328 aquilonali
1087 2270 1129 2313 in
1151 2285 1271 2331 parte
1284 2269 1528 2334 pergrande
1546 2272 1590 2315 ὃς

214 2338 340 2386 valde
355 2338 553 2400 pulcrum
568 2338 828 2383 monstratur
841 2340 1089 2398 armarium,
1103 2340 1145 2384 in
1161 2357 1249 2401 quo
1270 2342 1396 2404 capsa
1411 2339 1592 2386 habetur

216 2408 440 2456 recondita
455 2409 614 2472 lignea,
638 2425 721 2470 que
742 2407 928 2454 {imiliter
947 2409 1094 2472 ligneo
1114 2410 1452 2473 superclauditur
1466 2429 1592 2475 oper-

215 2479 334 2524 culo:
354 2481 395 2524 in
417 2496 500 2540 qua
525 2478 633 2524 illud
656 2478 837 2524 salutare
862 2478 1043 2525 habetur
1067 2481 1341 2527 reconditum
1361 2483 1496 2527 crucis
1514 2482 1591 2546 lig-

215 2561 364 2609 num,⁶
388 2552 427 2596 in
457 2567 546 2612 quo
581 2550 722 2595 noster
748 2550 943 2595 Salvator
966 2568 1045 2613 pro
1072 2551 1248 2598 humani
1272 2554 1439 2616 generis
1463 2553 1593 2598 salute

218 2621 435 2684 suspensus
455 2621 524 2666 est.
553 2621 654 2684 Qe
676 2620 875 2667 videlicet
896 2620 1167 2683 predicabilis
1192 2625 1336 2685 capla,
1359 2640 1404 2669 ut
1428 2625 1593 2669 sancius

264 2770 291 2790 a.
312 2759 347 2790 R.
366 2758 694 2793 Κονσταντκνοπολις.
716 2757 799 2788 -b.
814 2755 864 2788 Al.
951 2753 1155 2785 reconditum
1184 2752 1288 2784 crucis
1315 2753 1439 2796 lignum
1460 2765 1466 2785 :
1500 2755 1591 2786 lictu.

218 2810 427 2843 vocabulum.
450 2829 491 2834 —
512 2821 538 2842 c.
560 2811 594 2842 B.
615 2809 709 2853 capsa
724 2809 865 2841 habetur
950 2807 1089 2840 habetur
1109 2805 1288 2846 recondita,
1307 2805 1336 2838 in
1358 2817 1420 2849 qua
1441 2806 1527 2838 illud.

1387 2889 1426 2919 25
