2216 3435
651 125 739 174 144
1203 128 1462 164 ARCULFUS

710 273 796 317 l-lic
824 272 970 335 itaque
1001 273 1113 319 ordo
1147 293 1224 339 per
1250 276 1504 323 earumdem
1529 294 1754 340 portarum
1778 281 1823 325 ὃς
1846 282 2026 327 turrium

644 344 1006 407 intercapedines:
1056 364 1079 391 a
1121 364 1249 409 porta
1297 348 1441 395 David
1492 350 1617 412 supra
1663 369 1906 398 memorata
1953 371 2031 416 per

644 417 873 462 circuitum
906 417 1247 480 septentrionem
1278 421 1418 466 versus
1459 423 1504 466 ὅ(
1528 421 1684 468 exinde
1724 423 1780 469 ad
1816 425 2029 470 orientem

645 486 852 552 dirigitur.
910 488 992 535 Sed
1040 490 1306 552 quamlibet*
1342 493 1411 538 sex
1451 510 1575 556 porte
1620 495 1665 540 in
1708 497 1838 541 muris
1880 514 2029 542 nume-

644 576 803 618 rentur,
840 559 1095 607 celebriores
1128 579 1274 609 tamen
1308 582 1359 610 ex
1384 565 1442 610 eis
1475 582 1555 612 tres
1580 583 1806 629 portarum
1830 569 2030 616 introitus

644 632 996 694 frequentantur:
1031 652 1140 680 unus
1171 634 1227 680 ad
1259 635 1601 698 occidentalem,
1631 639 1736 685 alter
1776 639 1833 686 ad
1862 641 2029 704 septen-

644 704 890 763 trionalem,
927 706 1072 751 tertius
1108 706 1164 752 ad
1203 708 1458 754 orientalem
1490 726 1681 772 partem3
1720 729 1770 757 ea
1802 730 1906 758 vero
1930 731 2030 776 pars

644 794 872 822 murorum
903 795 1004 823 cum
1036 778 1295 842 interpositis
1329 779 1526 841 turribus,
1560 799 1645 844 que
1686 801 1711 829 a
1752 783 1875 847 supra
1916 784 2031 832 dicia

645 848 790 895 David
825 866 951 912 porta
994 868 1069 913 per
1110 851 1360 914 aquilonale
1397 854 1560 899 montis
1596 855 1700 900 Sion
1741 856 2030 919 supercilium,

645 920 767 983 quod
804 939 828 966 a
862 921 1040 968 meridie
1077 923 1369 986 supereminet
1389 925 1566 985 civitati,
1597 927 1731 989 usque
1757 926 1813 973 ad
1838 928 2030 975 eiusdem

646 994 806 1039 montis
854 995 1047 1041 frontem
1088 994 1304 1061 dirigitur,
1355 1015 1439 1060 que
1479 1015 1683 1062 prerupta
1734 1018 1841 1064 rupe
1887 1002 2029 1047 orien-

645 1064 776 1110 talem
811 1067 982 1130 respicit
1016 1067 1211 1132 plagam‚
1250 1069 1386 1115 nullas
1426 1069 1586 1118 habere
1626 1088 1774 1134 portas
1819 1089 2030 1136 compro-

647 1135 783 1184 batur.

710 1208 794 1256 Sed
819 1209 905 1257 hoc
931 1212 1063 1258 etiam
1087 1230 1180 1258 non
1205 1212 1290 1259 effe
1317 1214 1656 1277 pretereundum
1691 1215 1874 1276 videtur,
1908 1216 2030 1280 quod

646 1280 774 1328 nobis
814 1284 982 1329 sandius
1025 1285 1225 1331 Arculfus
1268 1285 1323 1331 de
1365 1286 1488 1332 huius
1539 1287 1720 1334 civitatis
1766 1289 1810 1334 in
1856 1289 2030 1335 Christo

645 1353 980 1401 honorificentia
1017 1357 1205 1418 prefatus
1241 1359 1452 1417 narravit,
1487 1359 1711 1421 inquiens:
1754 1361 2032 1407 Diversarum

645 1426 844 1488 gentium
863 1426 1056 1490 undique
1074 1446 1216 1491 prope
1236 1430 1465 1476 innumera
1486 1431 1723 1478 multitudo
1745 1431 2031 1494 quindecimo

645 1496 715 1543 die
753 1497 906 1544 menfis
946 1499 1199 1563 septembris
1235 1503 1525 1548 anniversario
1561 1520 1684 1549 more
1715 1504 2032 1565 Hierosolymis

647 1571 883 1616 convenire
907 1571 1016 1617 solet
1050 1571 1106 1617 ad
1142 1575 1409 1620 commercia
1435 1576 1592 1620 mutuis
1628 1574 1953 1622 venditionibus
1988 1578 2033 1622 &

647 1641 944 1704 emptionibus
985 1644 1250 1707 peragenda.
1288 1645 1418 1692 Unde
1453 1645 1543 1691 fieri
1578 1645 1749 1693 neceffe
1774 1647 1846 1705 est,
1882 1664 1928 1694 ut:
1957 1665 2035 1711 per

647 1713 816 1775 aliquot
851 1712 940 1760 dies
970 1715 1014 1760 in
1048 1714 1203 1761 eadem
1236 1716 1407 1780 hospita
1439 1718 1612 1764 civitate
1643 1718 1914 1766 diversorum
1938 1719 2035 1765 hos-

646 1786 839 1848 pitentur
864 1784 985 1832 turbe
1017 1787 1301 1850 populorum,
1338 1806 1527 1851 quorum
1552 1790 1740 1852 plurima
1765 1791 2037 1837 camelorum

647 1859 692 1903 ὃς
733 1876 950 1921 equorum
993 1857 1299 1923 asinorumque
1337 1859 1633 1920 numerositas,
1678 1863 1901 1909 mulorum
1934 1880 2034 1909 nec-

647 1946 739 1975 non
791 1932 837 1976 &
890 1928 1026 1976 boum
1082 1932 1402 1993 masculorum,
1462 1932 1726 1980 diversarum
1784 1934 2031 1981 vectarumb

647 2019 790 2047 rerum
824 2019 902 2065 per
937 2002 1028 2047 illas
1067 2002 1284 2066 politanas
1326 2004 1490 2067 plateas
1529 2006 1765 2052 stercorum
1802 2005 2031 2053 abomina-

646 2073 787 2118 tiones
828 2074 1111 2136 propriorum
1151 2074 1303 2138 paffim
1338 2076 1505 2122 sternit:
1543 2094 1732 2139 quorum
1770 2077 1899 2124 nidor
1940 2096 2033 2124 non

647 2144 928 2192 mediocriter
966 2144 1133 2193 civibus
1168 2146 1334 2193 invehit
1368 2148 1626 2208 molestiam,
1669 2167 1753 2211 que
1794 2152 1840 2196 &
1881 2149 2033 2197 ambu-

645 2215 765 2263 landi
810 2216 1149 2280 impeditionem
1187 2217 1352 2281 prebet.
1390 2219 1547 2265 Mirum
1596 2220 1728 2279 diem,
1776 2223 1872 2284 post
1915 2222 2033 2269 diem

647 2289 775 2351 supra
815 2305 1110 2335 memoratum
1151 2290 1396 2337 receffionis
1438 2308 1539 2336 cum
1583 2290 1754 2339 diverfis
1794 2309 2033 2340 turmarum

647 2361 864 2419 iumentis,
895 2363 1025 2406 nocie
1055 2359 1355 2424 subsequente,
1389 2363 1602 2409 immensa
1626 2364 1875 2426 pluviarum
1902 2366 2034 2429 copia

651 2428 706 2476 de
744 2430 931 2478 nubibus
973 2432 1104 2479 effusa
1137 2434 1264 2496 super
1304 2432 1493 2479 eandem
1533 2433 1757 2481 descendit
1797 2437 2033 2497 civitatem,

648 2519 733 2564 que
792 2519 905 2549 totas
962 2502 1119 2550 abluit‘
1182 2503 1500 2551 abominabiles
1566 2505 1620 2552 de
1675 2507 1828 2569 plateis
1887 2507 2033 2554 sordes

696 2666 724 2687 a.
739 2656 786 2697 B„
804 2656 835 2688 P.
856 2667 980 2698 12943.
1000 2656 1157 2701 queIIbet.
1179 2677 1222 2682 —
1244 2659 1274 2691 b.
1286 2660 1338 2699 G„
1355 2657 1400 2691 al.
1417 2659 1598 2692 veStorurn.
1619 2678 1662 2683 -—
1682 2671 1708 2693 c.
1735 2660 1779 2700 L.,
1799 2658 1844 2691 al.
1864 2658 2033 2703 abstergit.
