2216 3435
682 145 767 193 168
1228 155 1487 190 ARCULFUS

1033 317 1227 376 LIBER
1273 317 1704 376 SECUNDUS.

1272 439 1472 462 CAPITULA.

823 492 854 533 Ι.
890 494 954 533 De
965 493 1044 549 situ
1068 492 1291 533 Bethlehem.

798 551 851 592 II.
887 554 950 593 De
970 554 1042 593 loco
1062 552 1273 592 nativitatis
1292 553 1460 604 Domini,
1481 552 1604 606 eccles
1589 567 1629 593 a
1650 553 1776 593 Sanae
1797 553 1950 594 Marie.

781 611 854 652 HI.
890 613 954 653 De
986 612 1056 652 illa
1086 621 1199 666 petra
1232 623 1342 652 extra
1374 629 1526 653 murum
1549 612 1642 668 fita,
1662 611 1786 669 super
1815 629 1926 667 quam
1956 629 2057 668 aqua

953 672 1076 727 prime
1095 672 1300 712 lavationis
1320 672 1392 712 eius
1394 673 1501 727 ,post
1520 673 1769 724 nativitatem,
1790 671 1898 730 effus
1892 690 1916 713 a
1937 673 1998 728 est.

776 729 851 772 IV.
887 733 951 772 De
982 732 1062 772 alia
1093 748 1127 771 ec
1130 730 1216 787 les
1219 748 1255 782 a
1283 732 1321 771 in
1353 748 1426 786 qua
1454 732 1555 772 illud
1571 733 1808 773 Davidicum
1836 732 2058 790 conspicitur

955 801 1262 831 monumentum.a

798 852 849 891 V.
884 852 950 892 De
979 851 1050 891 illa
1071 851 1196 904 eccles
1181 866 1234 904 a,
1262 853 1299 892 in
1321 852 1422 892 cuius
1441 852 1613 892 interiore
1639 861 1750 907 parte
1767 850 1896 908 sancti
1914 851 2058 893 Hiero-

956 911 1054 965 nymi
1066 909 1291 966 sepulcrum
1313 911 1483 952 habetur.

776 968 849 1010 VI.
885 970 948 1010 De
978 972 1214 1011 monumentis
1238 972 1390 1012 illorum
1411 972 1526 1012 trium
1542 971 1751 1026 pastorum,
1773 987 1869 1025 quos,
1889 969 2060 1028 nascente

956 1030 1144 1081 Domino,
1171 1031 1304 1086 celestis
1331 1030 1584 1088 circumfulstt
1607 1031 1817 1082 claritudo,
1843 1032 1885 1071 de
1911 1030 2059 1087 ecclesta

955 1089 1121 1130 illorum.

752 1145 847 1188 VII.
882 1149 947 1188 De
957 1147 1139 1205 sepulcro
1158 1150 1319 1191 Rachel.

735 1206 852 1248 VIII.
887 1208 952 1248 De
972 1208 1147 1250 Hebron.

775 1265 851 1307 IX.
887 1268 951 1308 De
982 1269 1085 1309 valle
1117 1269 1307 1311 Mambre
1338 1271 1383 1310 Εἴ
1411 1272 1453 1311 de
1473 1269 1663 1327 sepulcris
1693 1279 1855 1324 quatuor
1881 1269 2060 1324 patriar-

957 1327 1127 1369 charum.

796 1386 850 1426 X.
886 1388 951 1428 De
971 1388 1058 1428 colle
1078 1391 1122 1429 {3⁵
1145 1405 1281 1442 quercu
1303 1389 1506 1430 Mambre.

779 1445 854 1486 XI.
889 1447 954 1487 De
978 1448 1111 1502 pineto,
1141 1465 1184 1488 ex
1214 1465 1281 1503 quo
1310 1450 1413 1503 ligna
1441 1450 1479 1489 in
1507 1449 1653 1489 camelis
1674 1450 1728 1489 ad
1742 1448 1835 1503 ignis
1854 1448 2060 1504 ministeria

954 1507 992 1546 in
1014 1506 1286 1564 Hierosolymis
1301 1509 1530 1564 perficienda
1550 1509 1754 1550 vehuntur.

752 1564 849 1605 XII.
885 1566 950 1606 De
972 1566 1125 1608 Iericho.

734 1623 853 1665 XIII.
890 1626 953 1666 De
977 1626 1167 1680 Galgalis,
1186 1630 1230 1668 ξεί
1251 1629 1293 1668 de
1313 1629 1497 1668 duodecim
1517 1629 1718 1683 lapidibus,
1735 1645 1819 1683 quos
1822 1628 1903 1684 fill]
1918 1627 2060 1685 Israel,

956 1684 1216 1741 transvadato
1238 1687 1412 1728 Iordanis
1423 1688 1567 1744 fluvio,
1579 1687 1718 1744 siccato
1743 1688 1957 1728 detulerunt
1968 1698 2060 1743 pro-

950 1746 1094 1812 fundo.

731 1802 851 1844 XIV.
886 1805 951 1844 De
969 1805 1090 1856 loco,
1075 1821 1113 1844 m
1135 1822 1203 1859 quo
1223 1806 1409 1847 Dominus
1429 1808 1477 1847 ab
1499 1807 1662 1847 Iohanne
1683 1807 1898 1862 baptizatus
1917 1807 1978 1862 est.

753 1864 851 1904 XV.
886 1864 951 1904 De
971 1865 1088 1904 colore
1111 1865 1286 1906 Iordanis
1306 1867 1351 1906 {5⁹
1370 1868 1414 1906 de
1434 1867 1537 1907 mari
1556 1866 1729 1907 Mortuo.

732 1922 852 1965 XVI.
889 1923 1032 1964 Iterum
1053 1925 1095 1963 de
1115 1925 1219 1964 mari
1237 1924 1412 1966 Mortuo.

711 1982 851 2024 XVII.
886 1983 951 2023 De
958 1983 1132 2037 fontibus
1152 1984 1337 2025 Iordanis.

690 2040 853 2084 XVIII.
889 2043 954 2082 De
973 2042 1077 2083 mari
1099 2042 1257 2084 Galilee.

730 2102 851 2143 XIX.
886 2102 951 2142 De
971 2102 1107 2142 Sichem
1126 2105 1171 2143 Εἴ
1190 2112 1293 2157 puteo
1314 2103 1497 2144 Samaria.

752 2162 851 2203 XX.
887 2162 951 2201 De
972 2163 1129 2214 quodam
1137 2163 1325 2217 fonticulo
1337 2162 1563 2219 solitudinis.

733 2219 853 2262 XXI.
889 2221 953 2261 De
974 2221 1118 2276 locustis
1137 2224 1181 2262 δέ
1202 2222 1307 2262 melle
1320 2222 1506 2278 filvessri.

711 2279 853 2322 XXII.
888 2281 953 2320 De
979 2281 1064 2332 loco,
1090 2281 1126 2320 in
1155 2298 1222 2335 quo
1247 2282 1432 2322 Dominus
1459 2282 1615 2336 quinque
1635 2292 1751 2336 panes
1774 2284 1819 2322 ἔθ’
1838 2282 1925 2321 duos
1940 2280 2058 2338 pisces

957 2340 1146 2380 benedixit.

698 2398 862 2440 XXIII.
898 2400 961 2439 De
981 2400 1085 2440 mari
1108 2399 1320 2440 Tiberiadis
1337 2402 1381 2441 ὅ
1401 2401 1443 2440 de
1465 2399 1753 2454 Capharnaum.

681 2458 845 2500 XXIV.
882 2460 948 2499 De
968 2459 1183 2500 Nazareth
1201 2461 1245 2500 ἐξ
1266 2460 1357 2499 eccle
1353 2458 1422 2515 siis
1441 2459 1526 2499 eius.

717 2517 860 2558 XXV.
895 2518 960 2557 De
980 2527 1096 2558 monte
1122 2517 1262 2559 Tabor.

692 2575 856 2617 XXVI.
891 2577 956 2617 De
976 2576 1186 2634 Damasco.

671 2634 856 2676 XXVII.
893 2637 958 2676 De
983 2636 1093 2691 Tyro·

672 2693 878 2736 XXVIII.
896 2696 960 2735 De
980 2696 1223 2736 Alexandria
1243 2699 1287 2737 ἐξ
1308 2696 1402 2736 Nilo
1412 2696 1574 2751 flumine
1594 2698 1638 2737 ἐξ
1659 2697 1842 2736 crocodilis
1861 2697 1946 2737 eius.

719 2779 738 2800 a
773 2769 814 2801 G.
829 2767 1025 2813 sepulcrum.
