2216 3435
420 202 484 234 DE
520 200 655 233 LOCIS
692 198 1079 231 TRANSMARINIS
1116 197 1296 229 SACRIS.
1465 199 1540 228 121

176 347 382 385 civitatem
403 359 482 397 que
508 344 587 383 alio
616 354 796 396 tempore
819 355 835 372 a
850 353 992 381 vocata
1013 341 1068 380 est
1089 340 1276 390 Samaria,
1305 341 1427 379 modo
1455 354 1549 379 vero

177 405 328 444 dicitur
350 404 542 456 Neapoli,
574 405 612 441 in
636 418 715 456 qua
737 412 881 455 puteus
913 401 979 451 est,
1006 400 1072 439 ubi
1097 399 1304 439 Dominus
1339 413 1361 437 a
1382 400 1548 438 muliere

175 462 406 502 samaritana
427 476 572 515 aquam
592 463 719 515 petiit,
740 461 777 501 ἅτ
799 461 850 500 ibi
875 461 978 499 sach.
999 460 1053 498 est
1073 459 1231 498 basilica
1250 458 1382 498 Sandfi
1401 457 1549 498 Iohan-

172 523 246 570 niS,
278 521 316 560 δε
338 520 416 573 ipse
438 531 581 572 puteus
603 519 657 558 est
688 530 780 558 ante
801 518 1003 558 cancellos
1026 518 1170 567 altaris,
1199 517 1236 556 &
1258 516 1370 556 fitula
1391 518 1440 556 de
1471 532 1548 570 qua

172 582 319 620 dicitur
349 580 456 632 quod
481 578 688 618 Dominus
720 579 877 628 biberit,
908 577 945 617 &
976 577 1089 616 multi
1123 577 1204 629 egri
1228 576 1280 615 ibi
1304 577 1471 615 veniunt
1510 577 1548 616 &

170 640 364 679 sanantur.
389 637 552 677 Deinde
570 637 784 690 [venimus]
809 637 847 675 in
865 637 1027 675 civitate
1044 635 1292 688 Tyberiade,
1309 635 1347 673 in
1366 650 1444 688 qua
1462 635 1549 674 sunt

171 711 295 738 terme
317 697 419 736 salse.
442 697 552 736 Nam
569 711 672 749 aqua
693 696 812 736 maris
834 695 951 748 ipsius
975 694 1103 733 dulcis
1126 693 1192 743 est,
1212 708 1293 746 que
1314 707 1422 732 mare
1443 694 1549 733 circa

173 759 283 797 milia
313 757 394 810 viij.
423 756 585 796 Deinde
616 756 800 795 venimus
830 756 868 794 in
893 755 1192 807 Capharnaum,
1222 754 1260 792 in
1297 754 1420 792 domo
1444 753 1546 792 beati

173 816 291 866 Petri,
322 831 399 869 que
430 815 485 854 est
516 817 639 855 modo
662 815 829 855 bafilica.
863 811 963 853 Inde
985 813 1230 852 transeuntes
1252 826 1322 864 per
1341 811 1464 851 castra
1485 812 1546 851 vel

169 876 281 914 vicos
311 884 378 914 aut
407 874 603 924 civitates,
635 874 818 913 venimus
848 873 895 912 ad
928 873 1029 912 duos
1061 872 1204 920 fontes,
1236 870 1386 910 scilicet
1414 869 1481 910 Ior
1510 870 1548 909 δε

173 933 279 973 Dan.
313 933 399 988 Qui
423 933 461 972 in
486 947 610 971 unum
641 932 864 981 confluunt,
896 931 933 970 ὅτ,
954 931 1154 971 vocitatur
1174 928 1369 970 Iordanis.
1400 929 1548 970 Parvus

171 993 391 1046 ingreditur
420 992 459 1030 in
491 1005 611 1042 mare,
640 991 678 1031 &
701 989 907 1044 pertransit
928 1002 1059 1030 totum
1087 992 1206 1031 maris
1229 990 1406 1044 pelagus,
1427 989 1548 1042 usque

172 1052 250 1092 alio
281 1052 414 1091 littore
444 1050 573 1090 maris.
605 1050 871 1090 Revertentes
900 1050 985 1102 post
1015 1065 1102 1100 nos,
1124 1051 1307 1090 venimus
1334 1051 1381 1089 ad
1411 1049 1547 1088 locum

172 1112 238 1152 ubi
260 1110 442 1150 Iordanis
464 1111 513 1148 de
535 1110 632 1148 mari
654 1110 868 1162 egreditur,
890 1109 1138 1149 tranfivimus
1159 1108 1375 1149 Iordanem
1398 1109 1435 1147 in
1465 1106 1547 1160 ipso

175 1172 282 1222 loco,
311 1170 349 1210 &
370 1172 555 1210 venimus
577 1171 616 1208 in
647 1170 852 1208 civitatem
885 1183 962 1221 que
984 1180 1152 1208 vocatur
1174 1168 1380 1218 Gaddera,
1411 1183 1489 1221 que
1511 1166 1549 1206 ἃ

176 1230 352 1272 Gabaon
383 1230 540 1269 dicitur.
576 1227 622 1268 In
659 1229 728 1268 ista
759 1239 868 1281 parte
899 1229 1073 1269 civitatis
1105 1229 1277 1268 miliario
1309 1228 1433 1267 tercio
1462 1226 1549 1265 sunt

172 1304 276 1343 aque
304 1290 433 1329 calide
460 1304 538 1342 que
567 1289 821 1342 appellantur
848 1300 973 1328 terme
995 1289 1140 1342 Helve,
1168 1289 1232 1328 ubi
1263 1287 1403 1341 leprosi
1430 1301 1544 1326 mun-

171 1349 326 1388 dantur.
349 1347 409 1387 Ibi
433 1348 469 1387 ὅτ,
490 1348 742 1387 smodocium
764 1347 928 1387 delicias
950 1349 998 1386 de
1022 1348 1186 1399 publico
1209 1347 1373 1397 habens,
1394 1346 1431 1386 δέ
1452 1347 1549 1386 hora

169 1408 390 1461 vespertina
425 1407 671 1446 mundantur
705 1418 841 1446 terme.
886 1409 995 1446 Ante
1034 1407 1162 1460 ipsum
1203 1421 1298 1446 vero
1342 1406 1548 1445 clibanum

169 1468 318 1520 grande
349 1466 403 1506 est
434 1466 590 1516 solium,
622 1467 689 1519 qui
713 1467 810 1505 dum
841 1466 1056 1519 impletum
1078 1467 1215 1506 omnia
1236 1466 1333 1506 ostia
1353 1464 1551 1503 claudun-

171 1536 246 1576 tur,
281 1525 319 1564 &
341 1538 410 1577 per
430 1524 574 1564 ostium
609 1524 822 1563 mittuntur
844 1525 963 1574 intus,
991 1540 1084 1564 cum
1119 1525 1330 1564 luminaria
1351 1523 1389 1563 &
1411 1524 1550 1562 incen-

172 1584 254 1624 sum
277 1584 315 1623 ἃ
337 1583 472 1622 sedent
494 1584 531 1622 in
555 1583 625 1623 illo
648 1584 745 1623 solio
768 1594 852 1623 tota
872 1585 1005 1624 nocte.

225 1642 278 1682 Et
305 1643 401 1681 dum
434 1641 604 1694 soporati
636 1642 795 1690 fuerint,
828 1643 938 1682 videt
969 1643 1035 1682 ille
1066 1644 1133 1697 qui
1164 1645 1381 1683 mundatus
1404 1642 1457 1681 est
1478 1641 1550 1680 ali-

171 1716 292 1755 quam
324 1701 530 1750 visionem,
561 1700 599 1740 &
631 1702 728 1739 dum
760 1716 805 1740 ea
836 1702 1077 1752 recitaverit,
1098 1717 1180 1741 non
1203 1703 1449 1741 mundantur
1470 1700 1551 1753 ipse

171 1772 296 1800 terme
327 1774 396 1813 per
425 1760 476 1813 vij
516 1761 611 1800 dies.
650 1759 711 1799 Ibi
746 1774 841 1800 vero
879 1761 1093 1801 defunctus
1135 1761 1189 1800 est
1224 1761 1381 1814 collega
1420 1760 1552 1799 noster

173 1820 374 1860 Iohannes
400 1820 448 1857 de
471 1818 686 1858 Placentia.
719 1819 830 1858 Nam
853 1819 931 1872 iple
954 1820 1098 1859 fluvius
1120 1820 1273 1859 calidus
1296 1820 1362 1873 qui
1386 1830 1553 1858 vocatur

175 1880 380 1928 Gaddera,
412 1877 616 1916 descendit
647 1889 801 1917 torrens
822 1877 860 1917 ἃ
883 1878 1001 1917 intrat
1023 1879 1060 1917 in
1084 1878 1312 1928 Iordanem,
1343 1878 1380 1918 δε
1398 1894 1446 1917 ex
1470 1877 1550 1930 ipso

174 1938 389 1991 ampliatur
418 1935 601 1976 Iordanis
634 1937 671 1976 &
703 1938 831 1977 maior
861 1937 915 1977 fit.
958 1937 1011 1978 Et
1042 1949 1138 1978 tunc
1173 1937 1451 1977 descendimus
1483 1952 1552 1990 per

175 1997 382 2039 Galileam
414 1996 525 2035 iuxta
554 1994 783 2046 Iordanem,
816 1996 1062 2037 transeuntes
1093 1998 1239 2038 multas
1268 1998 1450 2037 civitates
1472 2010 1550 2049 que

174 2057 375 2110 leguntur,
396 2057 583 2096 venimus
606 2057 644 2095 in
668 2057 831 2096 civitate
853 2057 1068 2109 metropoli
1093 2057 1257 2097 Galilee
1286 2072 1364 2110 que
1386 2066 1553 2096 vocatur

171 2117 402 2169 Scitopolis,
434 2117 472 2155 in
496 2127 635 2156 monte
659 2114 796 2169 pofita,
830 2116 894 2155 ubi
919 2115 1075 2156 san&us
1099 2127 1286 2169 operatur
1307 2117 1453 2156 multas
1475 2115 1552 2154 vir-

171 2184 285 2215 tutes.
311 2174 471 2214 Exinde
494 2174 773 2215 descendimus
796 2189 865 2228 per
886 2175 962 2214 alia
991 2175 1079 2214 loca
1098 2175 1272 2215 Samarie
1299 2175 1337 2214 &
1358 2174 1482 2214 Iudee
1511 2175 1549 2213 in

170 2232 332 2272 civitate
358 2233 553 2284 Sebastea,
582 2235 619 2273 in
648 2249 726 2287 qua
754 2234 965 2286 requiescit
996 2234 1189 2287 Helyseus
1218 2235 1425 2287 propheta.
1450 2233 1552 2273 Des-

169 2293 388 2333 cendentes
411 2307 480 2345 per
501 2293 736 2346 campestria
774 2293 956 2332 civitates
990 2293 1049 2332 vel
1078 2294 1190 2333 vicos
1214 2294 1551 2333 Samaritanorum

173 2349 210 2389 &
244 2350 409 2403 plateas,
434 2354 541 2391 unde
564 2352 825 2392 transivimus.
858 2352 1081 2392 Venientes
1112 2352 1197 2404 post
1218 2366 1292 2392 nos
1323 2350 1436 2391 Iudei
1459 2365 1552 2390 cum

174 2409 289 2461 paliis
318 2410 479 2463 vestigia
511 2411 643 2451 nostra
669 2412 944 2460 incendentes,
977 2422 1086 2450 tanta
1113 2410 1167 2449 cst
1190 2410 1266 2449 illis
1287 2411 1488 2450 execratio
1510 2421 1553 2449 ut

171 2470 235 2508 vix
258 2469 493 2510 Christianis
525 2472 690 2524 quidem
723 2470 951 2523 responsum
973 2471 1136 2510 faciunt.
1160 2471 1353 2509 Attamen
1379 2481 1421 2510 ut
1442 2472 1549 2523 quod

167 2529 216 2567 ab
241 2528 318 2568 illis
340 2543 473 2569 emere
497 2531 569 2580 vis,
590 2546 671 2570 non
697 2542 834 2584 tangas
854 2531 961 2583 prius
984 2544 1104 2582 quam
1119 2529 1298 2582 precium
1321 2530 1401 2569 des.
1422 2529 1549 2569 Ouod

166 2586 191 2625 si
214 2587 392 2640 tetigeris
414 2587 549 2628 &non
567 2589 881 2641 comparaveris,
903 2602 997 2627 mox
1025 2587 1411 2626 [candalizabuntui.
1426 2571 1550 2626 Nam

168 2646 264 2686 foris
305 2647 395 2686 vico
423 2647 573 2687 habent
607 2648 810 2687 condoma
849 2662 926 2686 una
957 2646 1101 2699 posita,
1139 2647 1205 2700 qui
1251 2646 1367 2698 ipsius
1402 2646 1552 2685 faciunt

219 2777 246 2797 a.
275 2764 333 2797 Vel
350 2765 491 2798 nomine.

1387 2849 1422 2878 16
