2216 3435
586 226 680 280 xxvj
1137 240 1428 275 PRAEFATIO.

582 395 680 421 cenos
718 392 850 434 exorto,
876 386 969 438 sere
998 388 1105 438 idem,
1137 390 1234 440 quod
1258 389 1294 427 in
1336 386 1474 428 Gestis
1499 388 1543 427 εἷθ’
1575 387 1611 426 in
1644 386 1770 427 Libro
1808 387 1962 441 Duellij

583 448 622 495 (ξ
646 445 686 486 Χ
715 449 760 488 &
782 448 850 500 V),
870 453 1048 491 narrari.

634 512 776 567 Aperte
804 514 930 556 Gesta
962 517 1001 569 (ξ
1032 516 1149 560 VIII)
1172 534 1252 558 cum
1281 518 1491 559 Chronico
1529 518 1790 558 Viconiens1¹
1817 534 1852 557 eo
1881 533 1964 557 con-

581 579 746 629 veniunt,
776 582 873 633 quod
887 582 924 620 in
945 585 1207 637 utroquefonte
1229 584 1352 624 cadem
1367 585 1513 624 verba:
1537 602 1551 620 «
1574 582 1703 640 Quod
1727 597 1831 623 unus
1851 582 1962 623 mille

580 642 618 682 ὅτ
655 644 736 685 duo
767 647 952 701 fugarent
988 649 1129 690 decem
1163 650 1331 690 millia»
1367 651 1593 701 laudantur,
1624 666 1706 703 quae
1737 652 1774 689 in
1817 649 1840 689 I
1868 649 1963 689 libro

580 709 772 762 Samuelis,
795 726 913 764 XVIII,
937 727 971 767 7,
1002 717 1095 755 uncle
1124 725 1346 767 manarunt,
1372 716 1474 769 longe
1495 716 1607 755 aliter
1637 716 1825 769 leguntur,
1852 718 1896 757 δ’
1925 716 1961 754 in

583 774 706 815 Libro
731 777 887 834 Duellij
913 784 952 829 ⁴§
976 780 1096 822 VIII)
1119 789 1212 821 reete
1229 782 1498 836 proferuntur.
1533 780 1624 820 Huc
1646 781 1795 832 accedit,
1812 782 1908 835 quod
1923 781 1961 820 in

580 839 717 882 Gestis
737 844 778 894 is,
810 845 910 886 cuius
932 847 1071 885 auxilio
1092 846 1285 902 christiani
1311 846 1348 885 in
1357 846 1458 900 festo
1476 846 1515 903 s.
1538 845 1704 898 Agathae
1732 846 1769 884 in
1800 846 1962 886 alteram

578 906 667 946 Nili
701 909 826 963 ripam
864 910 1133 969 transirent,s.
1170 912 1351 965 Georgius
1382 920 1556 961 vocatur,
1575 912 1612 950 in
1643 911 1853 952 Chronico
1872 926 1962 952 vero

579 971 813 1014 Viconienfi
836 977 952 1017 abbas
973 977 1153 1030 Aegialius
1172 992 1225 1016 eos
1245 975 1502 1034 transduxiſje
1522 976 1670 1015 dicitur.

630 1038 764 1093 Neque
781 1056 871 1081 vero
892 1043 1125 1082 omittendum
1148 1044 1208 1095 est,
1221 1043 1317 1096 quod
1332 1042 1368 1080 in
1388 1041 1517 1081 Libro
1536 1040 1691 1096 Duellij
1714 1042 1753 1093 (ξ
1766 1039 1844 1094 ΙΧ)
1865 1043 1909 1083 &
1923 1042 1961 1081 in

577 1104 650 1143 eius
656 1104 768 1158 fonte
784 1107 1004 1163 principali,
1015 1108 1052 1147 in
1076 1108 1251 1148 Iohannis
1264 1109 1305 1147 (le
1331 1107 1469 1147 Tullia
1493 1107 1751 1157 Chronico,2
1773 1107 1815 1146 de
1833 1117 1961 1161 pugna

575 1168 764 1222 singulari
792 1188 814 1210 a
849 1172 1008 1212 [ohanne
1037 1190 1119 1227 rege
1154 1190 1233 1213 eum
1263 1173 1429 1227 principe
1458 1173 1615 1224 quodam
1643 1171 1792 1227 hostium
1822 1173 1962 1226 egregie

575 1235 777 1289 commista,
810 1238 904 1277 idem
937 1240 1103 1278 breviter
1133 1240 1281 1293 legitur,
1308 1239 1405 1292 quod
1426 1239 1463 1277 in
1494 1238 1707 1279 Chronico
1734 1236 1960 1278 Tolosani3

574 1300 792 1342 invenimus.
810 1303 992 1358 Postremo
1008 1303 1676 1363 ioue-spefflaiztquaeclamsuhstmilia,
1691 1319 1774 1356 quae
1785 1303 1960 1356 leguntur

573 1367 670 1406 inter
704 1370 826 1408 verba
861 1369 1035 1411 Iohannis
1061 1372 1104 1410 (le
1146 1370 1316 1411 'I'ulbia4
1340 1372 1383 1410 ’ω’
1413 1369 1584 1422 Oliverij
1604 1375 1752 1422 (1419),
1773 1384 1884 1421 quum
1918 1371 1961 1410 de

571 1433 710 1485 praeda
761 1435 864 1474 urhis
902 1435 1107 1475 dividenda
1135 1436 1325 1493 sermones
1347 1436 1518 1489 jaciant.
1556 1435 1673 1475 Prior
1707 1435 1801 1475 enim
1842 1436 1957 1476 dicit.-

579 1515 592 1533 <<
619 1498 831 1552 Ceperunt
864 1500 959 1540 dare
989 1501 1231 1553 porcionem
1262 1503 1307 1541 ad
1337 1516 1481 1541 eorum
1513 1500 1675 1541 libitum
1704 1501 1880 1542 militibus
1909 1513 1960 1554 24

578 1581 590 1599 «
620 1563 1103 1623 bysantios,sacerdotibus
1117 1569 1160 1607 ὅ
1180 1567 1384 1622 turcopulis
1406 1579 1465 1618 12,
1482 1567 1669 1607 clientibus
1689 1567 1727 1618 6,
1742 1566 1960 1608 mulieribus

577 1646 591 1665 «
616 1631 660 1669 δέ
683 1631 808 1682 pueris
828 1643 863 1684 3.
891 1648 904 1665 2*
941 1632 1052 1672 Alter
1074 1647 1188 1672 vero:
1231 1650 1244 1667 ⁴<
1273 1633 1466 1683 Annona,
1488 1643 1698 1686 argentum
1719 1646 1813 1672 cum
1837 1631 1958 1685 perlis

577 1713 592 1731 <‹
619 1695 656 1736 &
679 1696 766 1737 aliis
789 1697 908 1737 rebus
944 1697 1164 1737 mobilibus
1199 1713 1281 1738 non
1315 1698 1443 1738 solum
1466 1699 1569 1738 inter
1589 1698 1733 1738 elericos
1752 1700 1796 1738 δ’
1816 1697 1958 1748 milites,

618 1760 681 1800 sed
705 1762 827 1801 etiam
850 1763 1157 1821 intersatellites,
1178 1764 1349 1804 mulieres
1370 1765 1413 1804 ὅ
1432 1775 1564 1819 pueros
1584 1763 1854 1803 dividebatur.
1875 1780 1890 1799 »

629 1826 691 1866 Hi
706 1843 810 1879 vero,
831 1843 1057 1881 quamquam
1076 1828 1256 1868 nonnulla
1257 1828 1401 1884 similia
1416 1829 1512 1869 inter
1516 1830 1563 1888 se
1579 1829 1725 1880 habent,
1741 1829 1843 1869 nullo
1858 1829 1957 1868 modo

569 1892 733 1945 probari
748 1892 850 1946 poffl
866 1902 1055 1947 putamus,
1078 1893 1297 1934 Oliverium
1320 1894 1494 1936 Iohannis
1515 1895 1557 1935 de
1581 1893 1723 1935 Tulbia
1744 1895 1957 1936 Chronico

572 1957 678 2014 usum
688 1957 815 2011 suff
829 1979 844 2004 ;
866 1958 962 1998 alter
992 1959 1084 1998 enim
1112 1961 1158 1999 ab
1191 1959 1308 2000 altero
1324 1960 1533 2014 plurimum
1564 1959 1750 2000 abhorret.
1787 1960 1957 2000 Ceterum

571 2022 660 2072 satis
680 2024 829 2078 corfiat,
865 2023 994 2064 varios
1002 2024 1209 2082 scriptores
1231 2025 1339 2076 idem,
1375 2026 1472 2078 quod
1475 2026 1632 2080 fabium
1640 2025 1706 2080 stt,
1740 2035 1957 2075 narrantes,

561 2085 823 2143 saepenumero
846 2088 1031 2144 stmilibus
1061 2090 1127 2129 vel
1140 2090 1232 2143 sere
1252 2090 1378 2148 iisdem
1409 2092 1534 2130 verbis
1551 2091 1716 2144 fortuito
1737 2091 1801 2142 uti,
1834 2092 1888 2131 ita
1918 2099 1960 2130 ut

571 2153 668 2194 alius
689 2154 805 2193 alium
828 2153 1059 2212 exscripstſje
1080 2156 1270 2195 videatur.

625 2283 670 2323 In
703 2285 938 2338 hisfontibus
966 2285 1106 2339 Quinti
1127 2286 1212 2326 belli
1228 2287 1343 2344 sacri
1371 2286 1513 2326 edendis
1543 2284 1602 2341 ufi
1621 2286 1774 2340 fuimus
1789 2285 1955 2340 primum

570 2349 684 2389 codice
705 2348 920 2404 Mutinenfi
940 2350 1054 2402 (Bibl.
1077 2350 1232 2408 Estens„
1258 2349 1329 2401 VI,
1350 2350 1409 2390 H.
1433 2350 1482 2403 S.)
1506 2350 1569 2404 qui
1591 2367 1615 2390 a
1635 2351 1751 2405 capite
1772 2348 1961 2390 CLXXI

620 2464 632 2483 1
664 2452 781 2495 Hugo,
801 2452 910 2485 Sacrae
925 2458 991 2485 ant.
1006 2459 1220 2493 monumenta,
1304 2452 1336 2485 in
1355 2452 1515 2486 chronico
1540 2453 1601 2486 suo
1621 2452 1887 2494 conscribend03
1914 2464 1955 2485 ex

570 2515 610 2546 11,
623 2516 707 2548 2143
722 2505 810 2538 I'Won.
829 2506 937 2538 Germ.
951 2507 1016 2547 SS.,
1027 2516 1128 2547 XXIV,
1145 2518 1219 2548 309.
1303 2505 1367 2539 hoc
1388 2518 1466 2539 vero
1482 2505 1660 2539 communi
1671 2505 1771 2539 fonte
1786 2506 1954 2539 Iohannes

617 2571 636 2592 2
656 2559 671 2599 Ξ
690 2569 744 2600 1x;
762 2557 795 2590 in
809 2559 908 2602 Gestis
927 2570 1005 2592 vero
1022 2558 1104 2592 nihil
1119 2558 1220 2592 simile
1304 2560 1334 2592 &
1354 2559 1547 2592 Tolosanus
1566 2558 1856 2592 narratiunculam
1872 2558 1953 2592 hau-

568 2611 704 2656 legstur,
739 2611 829 2644 unde
860 2611 974 2656 colligi
1007 2611 1128 2657 potest,
1158 2624 1220 2646 nos
1304 2612 1426 2646 serunt.

569 2664 657 2698 renqe
677 2663 848 2705 censuisse,
866 2665 1050 2699 Iohannem
1072 2666 1114 2699 de
1129 2665 1219 2699 Tul·
1358 2677 1373 2707 3
1395 2665 1586 2699 Documenti
1615 2665 1652 2698 di
1668 2665 1773 2710 storia
1799 2664 1952 2706 italiana,

569 2718 623 2750 bia
652 2717 900 2750 traditionibus
932 2729 1067 2763 quoque
1097 2720 1126 2752 δι
1156 2718 1218 2752 ser·
1307 2721 1407 2760 1876,
1428 2731 1458 2764 p.
1481 2730 1556 2761 704.

569 2771 726 2804 monibus
737 2770 993 2815 peregrinorum
1007 2772 1106 2805 usum
1122 2770 1218 2805 fuiffe
1250 2787 1277 2799 s
1350 2785 1371 2813 4
1392 2771 1431 2805 P.
1458 2783 1532 2814 139.
