2216 3435
604 200 619 230 1
636 199 690 230 10
1189 194 1357 228 GESTA

498 364 575 394 1219
595 359 808 390 venerunt
833 342 923 389 duo
949 331 1134 402 amirarij
1171 341 1228 388 ad
1258 341 1497 405 hospitium
1525 342 1658 406 legati
1681 344 1726 388 ὅ(
1754 359 1839 388 una
1875 359 1976 388 cum

595 433 696 478 rege
716 415 851 461 locuti
877 416 971 461 sunt
988 417 1033 461 ἃ
1054 413 1112 459 ibi
1129 412 1330 459 biberunt
1349 415 1393 460 ὅ(
1415 413 1704 460 comederunt
1722 416 1767 460 ὅ(
1787 413 1976 461 dormie-

450 504 529 533 Nov.
547 514 575 534 2.
594 502 692 532 runt
719 491 848 533 noc‘le
873 487 954 533 illa.
997 484 1201 533 Secundo
1238 485 1308 531 die
1339 484 1428 530 duo
1456 485 1668 548 templarij
1694 488 1739 531 ὃς
1764 485 1854 532 duo
1879 485 1976 531 hos-

449 576 526 604 Nov.
547 584 574 614 3-
592 558 773 620 pitalarij
800 576 901 604 cum
925 559 1129 603 amirariis
1148 558 1415 603 intraverunt
1440 558 1658 603 civitatem
1684 557 1728 602 &
1757 557 1826 603 die
1852 558 1975 603 tertio

591 629 795 675 soldanus
826 632 870 676 ὅ(
902 627 1172 675 Corradinus
1208 629 1413 674 miserunt
1454 629 1676 674 sexcentos
1716 629 1976 674 Sarracenos

591 702 821 747 intraturos
862 702 1129 759 Damiatam‚
1173 700 1248 762 qui
1284 700 1417 744 sortiti
1455 700 1648 745 fecerunt
1689 716 1769 745 tres
1811 699 1976 745 scheras

589 774 700 820 inter
724 774 764 819 se
788 774 847 819 ita
872 771 1086 818 dicendo:
1125 776 1174 817 si
1200 777 1290 832 quis
1316 776 1540 829 intraverit,
1579 777 1755 818 remittat
1780 775 1973 827 nuncium,

589 862 631 889 ut
663 849 860 890 venientes
900 849 1090 889 intremus
1129 862 1214 888 cum
1252 844 1342 888 illo.
1387 843 1470 889 Sed
1506 845 1740 902 Dominus,
1776 843 1850 905 qui
1889 843 1977 886 iam

589 916 847 979 preliaverat
871 917 915 960 ὃς
946 915 1217 960 interfecerat
1254 931 1461 977 quattuor
1485 933 1538 961 xx
1574 915 1705 960 millia
1743 914 1987 960 hominum·

589 990 634 1033 δε
661 987 905 1045 mulierum,
933 985 1123 1044 volebat,
1149 985 1271 1049 quod
1296 986 1368 1032 illa
1399 987 1550 1033 civitas
1575 987 1896 1032 consecraretur
1919 983 1976 1030 ad

589 1060 806 1106 honorem
833 1063 954 1106 suum
974 1062 1018 1105 ὃς
1044 1061 1170 1105 Beate
1191 1060 1323 1105 Marie
1348 1060 1525 1123 virginis
1549 1062 1594 1105 ὃς
1619 1061 1822 1104 omnium
1845 1059 1975 1105 Sanc-

589 1149 735 1178 torum
755 1134 799 1178 &
821 1132 959 1179 voluit
977 1131 1189 1177 destruere
1208 1132 1410 1176 inimicos
1431 1132 1584 1177 crucis.
1606 1132 1847 1187 Sarraceni,
1871 1130 1944 1192 qui
1960 1139 1971 1159 1

589 1222 709 1251 erant
736 1206 845 1250 inter
878 1205 1113 1249 exercitum
1147 1205 1192 1248 ὃς
1226 1203 1495 1259 civitatem‚2
1533 1201 1767 1250 veniebant
1804 1217 1974 1247 tantum

588 1293 665 1338 per
689 1276 853 1338 aquosa
877 1276 990 1334 loca,
1021 1277 1066 1320 &
1091 1273 1282 1337 quedam
1308 1274 1470 1320 femina
1494 1274 1664 1321 sentivit
1688 1291 1763 1319 eos
1790 1275 1836 1319 ὅς
1860 1274 1975 1335 cepit:
2213 1328 2214 1338 ἵ

588 1347 771 1393 cridare:
799 1353 947 1404 οΑνηια,
978 1351 1118 1392 arma!
1146 1346 1191 1392 Et
1215 1346 1313 1391 casu
1334 1344 1506 1404 accidit,
1541 1346 1662 1407 quod
1691 1345 1904 1408 templarij
1930 1346 1975 1390 ὃς
1992 1359 2071 1389 Mur.
2089 1371 2116 1399 p.
2136 1350 2216 1390 1102i

586 1418 850 1482 hospitalarij
888 1419 1155 1464 surrexerunt
1189 1417 1245 1463 ad
1285 1418 1563 1477 matutinum,
1597 1419 1671 1479 qui
1699 1434 1780 1480 pro
1816 1415 1974 1461 Christi
2214 1432 2216 1434 ·

586 1491 768 1536 nomine
782 1508 873 1536 non
895 1489 1058 1548 labore,
1079 1507 1171 1534 non
1190 1505 1346 1546 morte,
1368 1506 1449 1535 nec
1466 1489 1608 1534 iaculo
1629 1489 1778 1551 aliquo
1794 1488 1973 1533 minime

588 1561 874 1608 formidantes
911 1578 1223 1607 concurrerunt
1254 1563 1299 1606 ὃς
1333 1561 1642 1607 interfecerunt
1668 1559 1880 1606 ducentos
1917 1558 1972 1604 de

586 1634 827 1680 Sarracenis
861 1635 905 1678 ὅ(
943 1634 1188 1695 nonaginta
1217 1633 1456 1694 capierunt.
1497 1632 1580 1689 Alij
1607 1648 1712 1679 vero
1738 1630 1971 1687 redierunt,

586 1708 630 1752 ὃς
664 1722 767 1751 tunc
804 1704 1004 1750 confudit
1040 1706 1159 1749 Deus
1195 1705 1398 1749 inimicos
1434 1705 1585 1762 crucis,
1624 1705 1670 1749 ὃς
1711 1719 1973 1765 acceperunt

585 1777 816 1822 Christiani
852 1777 996 1838 capita
1036 1777 1373 1821 Sarracenorum
1405 1776 1449 1820 δε
1480 1776 1757 1838 proiecerunt
1789 1792 1839 1820 ea
1872 1789 1972 1820 ante
1991 1792 2036 1822 M.
2054 1792 2075 1823 f.
2091 1794 2129 1823 66
2146 1792 2185 1822 D.

586 1848 818 1894 soldanum
856 1850 902 1893 ὃς
934 1864 1124 1910 corpora
1158 1863 1259 1892 ante
1285 1845 1493 1892 fossatum
1518 1847 1714 1905 civitatis,
1753 1862 1799 1892 ut
1833 1847 1973 1910 magis

586 1920 800 1966 dolerent.

650 1994 741 2039 LIII.
782 1991 912 2040 Unde
953 1991 1184 2038 Christiani
1216 2006 1449 2036 renuerunt
1485 1993 1664 2053 paclum
1703 1992 1748 2035 &
1779 1991 1973 2036 fecerunt

585 2065 746 2110 cochas
784 2082 950 2110 armare
980 2065 1024 2109 ὅς
1055 2063 1260 2108 miserunt
1281 2080 1492 2125 precones
1529 2080 1606 2125 per
1641 2078 1782 2108 totum
1813 2063 1971 2108 exerci-

585 2152 678 2181 tum
711 2138 756 2182 ὃς
792 2134 1117 2191 ordinaverunt,
1162 2134 1344 2196 qualiter
1379 2150 1553 2197 poterat
1584 2135 1683 2196 capi
1727 2135 1891 2193 civitas,
1926 2135 1972 2179 δε

584 2207 817 2254 diviserunt
850 2224 991 2252 totam
1026 2222 1206 2270 gentem
1232 2208 1276 2251 ὃς
1302 2222 1593 2268 preceperunt
1618 2204 1731 2251 bene
1756 2203 1971 2252 custodire

582 2277 706 2324 losias
733 2281 779 2325 ὅς
810 2277 1082 2335 carbonaria,
1108 2278 1353 2335 statuente8‚
1395 2278 1469 2339 qui
1504 2277 1624 2339 prius
1655 2294 1680 2322 a
1706 2275 1970 2322 carbonariis

584 2348 835 2409 discederet,
865 2347 1147 2412 suspendatur
1170 2349 1214 2393 in
1240 2347 1407 2403 eculeO,
1443 2346 1656 2393 secundus
1686 2365 1807 2408 vem,
1840 2347 1868 2393 fi
1893 2349 1971 2394 erit

582 2516 664 2549 alios
684 2515 902 2548 sumerserunt
924 2516 955 2548 Sc
977 2514 1232 2548 innumerabiles
1252 2514 1508 2547 vulneraverunt
1537 2515 1567 2547 Sc
1596 2514 1718 2547 multos
1744 2514 1843 2547 morti
1869 2514 1970 2547 tradi-

583 2570 751 2608 derunt&
771 2570 846 2601 lxxx
864 2569 906 2601 de
932 2569 977 2601 eis
999 2577 1168 2613 ceperunt.
1195 2569 1292 2602 Unde
1319 2580 1358 2601 ea
1384 2568 1436 2601 die
1458 2568 1586 2612 Pagani
1613 2568 1709 2601 valde
1736 2568 1810 2601 sunt
1833 2576 1969 2601 contur-

585 2624 664 2665 bati,
692 2622 868 2656 Christiani
889 2634 967 2655 vero
993 2622 1120 2666 ingenti
1149 2622 1275 2666 gaudio
1304 2622 1375 2654 sunt
1403 2621 1516 2666 gavifi.
1546 2622 1768 2657 Gaudeamus
1793 2633 1910 2656 omnes
1937 2622 1967 2655 δι

582 2677 722 2710 letemur
742 2676 773 2708 in
792 2676 942 2709 Domino
960 2677 991 2709 δι
1009 2676 1146 2709 cottidie
1164 2675 1288 2719 gratias
1309 2676 1337 2708 ei
1355 2675 1536 2710 referamus
1552 2678 1559 2713 Ξ
1989 2687 2024 2721 Ρ.
2041 2686 2061 2718 f.
2080 2694 2134 2730 115
2154 2688 2193 2718 A.

635 2744 647 2769 ι
673 2731 721 2766 M.
740 2731 818 2765 add.
838 2729 1019 2763 01nnia.——
1043 2743 1060 2763 2
1083 2730 1135 2763 M.
1158 2731 1238 2764 add.
1259 2729 1302 2767 Sc,
