2216 3435
557 213 646 262 252
771 210 1208 244 SANCTIMONIALIS
1248 210 1729 244 HEYDENHEIMENSIS

550 374 728 422 gaverat
746 356 981 415 transitum,
1001 355 1248 403 excusando
1262 368 1280 385 ‘¹
1304 358 1503 421 coniugis
1517 359 1562 402 ὃς
1575 355 1813 403 liberorum
1836 357 1932 422 ino-

549 430 782 476 letivorum
807 430 1066 492 parvitatem
1089 430 1134 473 ὃς
1160 428 1453 492 fragilitatem,
1472 429 1566 474 illos
1587 428 1740 475 orbare
1763 431 1808 475 ὃς
1832 429 1932 475 alie-

553 503 617 547 nis
650 500 947 563 derelinquere
978 500 1255 545 inhonestum
1291 501 1335 545 &
1370 499 1542 546 crudele
1578 499 1661 546 esse
1697 499 1933 564 respondit.

552 574 680 618 Tunc
715 572 786 618 ille
828 571 1007 634 belliger
1037 571 1194 617 Christi
1228 571 1367 630 miles,
1406 572 1564 617 iteratis
1591 570 1607 600 ὃ
1635 571 1937 618 hortationum

555 644 739 689 oraculis
772 643 1029 706 magnisque
1054 660 1233 705 precum
1263 641 1657 705 perdurationibus‚
1683 644 1809 689 toties
1825 654 1838 672 ί
1860 661 1938 707 per

553 716 769 779 asperiora
796 714 1010 778 rigidioris
1032 715 1118 760 vite
1138 713 1421 774 documenta,
1441 731 1559 760 metu
1584 717 1629 761 ὅς
1648 715 1773 760 minis
1793 713 1937 761 obiur-

551 787 699 852 gabat,
724 789 769 833 ὅ(
788 788 914 832 toties
940 785 1121 849 placidis
1146 787 1232 833 vite
1257 803 1402 838 eterne
1428 785 1746 850 sponsionibus,
1773 789 1936 834 ameni-

551 876 636 906 tate
657 857 838 922 paradisi
856 860 901 903 &
919 875 1069 903 amore
1083 858 1241 904 Christi
1261 858 1497 904 mulcendo
1514 857 1535 886 d
1548 858 1670 903 illum
1689 857 1932 923 instigabat,

552 933 597 977 ὃς
610 932 668 977 ita
684 928 887 975 omnibus
906 928 1049 974 modis
1062 929 1299 988 hortando,
1318 928 1603 992 alloquendo,
1622 928 1679 975 ad
1693 930 1764 976 sue
1781 931 1937 976 volun-

552 1004 648 1048 tatis
672 1001 932 1048 consensum
956 1002 1154 1046 animum
1184 1018 1429 1064 provocare
1448 1018 1630 1047 conatus
1655 1002 1725 1048 est.
1749 1002 1926 1065 Sicquee

553 1072 747 1129 tandem,
775 1073 1093 1134 omnipotentis
1120 1073 1203 1118 Dei
1222 1072 1397 1131 auxilio,
1421 1074 1607 1136 petentis
1627 1074 1672 1119 ὃς
1690 1090 1938 1136 provocan-

555 1146 605 1190 tis
629 1142 921 1191 invalescebat
958 1143 1174 1202 volunta8‚
1210 1145 1270 1189 ita
1300 1160 1345 1190 ut
1368 1143 1438 1190 ille
1466 1145 1562 1189 suus
1588 1161 1711 1207 pater
1741 1146 1786 1190 ὃς
1812 1144 1940 1191 frater

554 1214 858 1263 Wunebaldus
882 1214 937 1260 ad
955 1232 1156 1278 optatam
1174 1217 1218 1261 δε
1239 1215 1459 1262 hortatam
1484 1216 1523 1262 se
1543 1215 1753 1262 inchoare
1773 1233 1937 1263 metam

557 1287 876 1350 pollicerentur.

703 1451 808 1497 Vlll.
842 1455 908 1496 “De
932 1457 1094 1515 transitu
1120 1452 1379 1510 Willibaldi,
1406 1455 1481 1496 iter
1505 1453 1558 1496 ad
1583 1454 1780 1513 Romam:

596 1525 793 1570 Hamelea
820 1525 1000 1582 matha,
1030 1526 1199 1584 sigona,
1227 1526 1391 1584 Qtum,
1427 1525 1732 1582 Gortlzonicum‚
1768 1525 1884 1578 Luca,

1037 1596 1081 1639 S.
1103 1597 1218 1639 Petri
1249 1591 1466 1655 basilicas

619 1718 711 1763 Post
729 1718 809 1765 hec
826 1721 987 1782 itaque,
1002 1736 1120 1777 cum,
1140 1735 1393 1780 temporum
1409 1717 1636 1763 intervallo
1655 1719 1700 1763 ὃς
1719 1734 1937 1763 annorum

554 1807 760 1853 vergente
792 1790 1005 1836 curriculo
1036 1790 1171 1847 etatis,
1205 1790 1292 1835 iam
1315 1790 1563 1835 immineret
1598 1805 1783 1852 tempus,
1817 1804 1940 1852 pater

553 1861 649 1906 suus
674 1864 718 1907 ὃς
743 1861 870 1907 frater
895 1860 1035 1907 celebs
1061 1860 1398 1924 predestinatum
1426 1862 1471 1906 ὅς
1500 1860 1764 1924 adoptatum
1787 1859 1938 1905 incho-

554 1950 734 1979 averunt
758 1934 849 1979 iter.
876 1933 922 1978 Et
948 1950 1149 1997 congruo
1179 1933 1316 1978 estatis
1343 1949 1543 1995 tempore
1569 1933 1765 1995 prompti
1786 1949 1837 1977 ac
1860 1949 1937 1995 pa-

552 2006 646 2064 rati,
679 2005 824 2050 sumtis
849 2005 993 2050 secum
1017 2006 1102 2051 vite
1131 2004 1367 2068 stipendiis,
1402 2022 1504 2049 cum
1529 2004 1800 2068 collegarum
1837 2020 1936 2050 cetu

553 2077 860 2122 comitantium
877 2075 932 2121 ad
951 2076 1049 2122 loca
1068 2092 1281 2122 venerunt
1305 2075 1528 2134 destinata,
1556 2093 1640 2138 que
1658 2076 1798 2139 prisco
1820 2075 1936 2122 dice-

553 2147 745 2194 bantur?
760 2146 978 2195 vocabulo
1003 2149 1199 2193 Hamelea
1225 2151 1404 2205 Madia,
1433 2149 1548 2193 iuxta
1572 2146 1679 2193 illud
1699 2149 1934 2193 mercimo-

557 2221 693 2279 nium,
720 2218 842 2282 quod
861 2219 1016 2265 dicitur
1034 2223 1237 2266 Hamwilz.
1265 2220 1309 2265 Et
1333 2237 1425 2265 non
1445 2220 1582 2265 multa
1600 2220 1810 2265 t1·ansa6³[a
1829 2235 1936 2265 tem-

555 2293 671 2354 poris
696 2291 1021 2356 intercapedine
1054 2294 1099 2338 &
1136 2293 1314 2356 navigio
1356 2308 1526 2354 parato,
1563 2308 1695 2337 nauta
1730 2291 1799 2336 ille
1835 2308 1937 2336 cum

556 2362 748 2409 claffibus
774 2365 939 2426 suoque
963 2364 1186 2423 nauclero,
1205 2364 1221 2392 ἢ
1238 2363 1367 2409 naulo
1387 2364 1606 2426 impenso,
1637 2364 1768 2409 circio
1788 2361 1935 2422 flante,

555 2451 698 2499 ponto
723 2436 932 2499 pollente,
959 2437 1149 2499 remigiis
1174 2434 1500 2499 crepitantibus,
1533 2433 1726 2481 claffibus
1748 2434 1940 2480 claman-

556 2506 667 2553 tibus
695 2507 891 2554 celocem
915 2507 1210 2554 ascenderunt.
1245 2508 1478 2570 Tumque?
1513 2507 1780 2554 transmeatis
1807 2507 1937 2552 mari-

606 2646 633 2666 a.
650 2635 682 2667 C.
699 2634 778 2665 add.
791 2641 891 2666 uti—
905 2634 935 2666 b.
951 2633 1075 2666 iteratis
1086 2633 1203 2667 dan.
1290 2633 1373 2666 tulus
1392 2635 1424 2666 d.
1444 2632 1477 2666 in
1496 2635 1530 2667 C.
1556 2652 1600 2657 —
1627 2644 1660 2676 g.
1681 2633 1716 2665 C.
1738 2631 1873 2664 dicitur.
1891 2650 1937 2655 —

558 2707 605 2712 —
622 2698 649 2720 c.
669 2687 767 2719 toties
784 2689 815 2719 d.
839 2686 871 2719 in
892 2690 923 2720 C.
945 2707 987 2711 -—
1009 2688 1042 2720 d.
1062 2688 1097 2720 C.
1123 2687 1206 2719 mul-
1290 2687 1321 2720 h.
1341 2688 1375 2720 C.
1395 2686 1573 2722 nauclerio.
1593 2706 1639 2711 —-
1656 2685 1674 2719 i.
1696 2687 1736 2722 C.
1757 2696 1911 2732 cumque.

560 2740 689 2776 ciendo.
717 2760 763 2765 ——
780 2752 805 2773 e.
833 2742 866 2775 Cr
889 2741 920 2775 &
939 2749 1019 2775 tum.
1044 2760 1085 2765 —
1106 2740 1127 2774 f.
1151 2740 1206 2775 ‘Yi-
