2216 3435
649 287 714 319 DE
749 285 886 318 LOCIS
924 285 1142 319 SANCTIS.
1489 289 1575 321 221

210 435 404 482 dextram
422 435 476 482 de
494 452 599 498 rupe
616 434 776 479 montis
796 433 959 480 Oliveti
983 433 1119 479 excisa
1138 434 1183 478 δε
1209 433 1401 495 separata
1420 433 1576 481 domus

209 506 298 552 duo
323 523 473 553 cavata
492 504 621 552 habet
632 506 836 567 sepulcra,
859 504 946 549 hoc
965 504 1023 549 est
1035 507 1064 549 S
1068 508 1234 549 imeonis
1235 506 1352 565 senis
1372 505 1410 548 ὃν
1428 508 1581 566 Ioseph,

208 577 351 622 sancle
374 577 506 622 Marie
526 574 679 639 sponsi.
706 579 748 620 In
773 574 928 620 eadem
949 574 1057 621 valle
1071 577 1215 636 semele
1237 576 1392 619 Marie
1415 578 1581 620 rotunda

209 647 266 692 est
289 649 460 706 ecclesia,
494 646 671 710 lapideo
698 645 890 691 tabulato
927 644 1120 703 discreta,
1158 646 1275 689 cuius
1312 646 1355 690 in
1393 645 1579 707 superio-

209 722 321 769 ribus
358 739 543 785 quatuor
576 723 737 780 altaria,
776 724 820 767 in
844 721 1115 767 inferioribus
1154 739 1288 767 unum
1327 720 1506 767 habetur
1540 723 1583 766 in

209 794 406 840 orientali
431 795 576 858 plaga,
598 796 643 839 ὃς
662 793 717 839 ad
740 794 827 839 eius
852 791 1046 838 deXtram
1071 809 1356 838 monumentum
1381 809 1584 853 vacuum,

207 867 251 910 in
278 882 367 927 quo
398 866 541 911 sanci-a
566 865 700 910 Maria
731 863 999 926 aliquamdiu
1033 862 1226 926 pausasse
1257 861 1432 922 dicitur3
1464 863 1536 909 sed
1561 884 1585 911 a

209 953 299 998 quo
341 936 408 983 vel
453 934 632 999 quando
675 934 723 981 fit
765 934 908 981 ablata
927 973 938 993 ‚
976 935 1170 980 nescitur.
1211 934 1341 979 Hanc
1377 934 1584 982 intrantes

208 1006 358 1054 vident
406 1007 461 1053 ad
507 1006 704 1053 dextram
742 1005 942 1052 insertam
984 1005 1136 1068 parieti
1176 1020 1362 1067 petram,
1406 1006 1449 1051 in
1499 1024 1585 1068 qua

209 1079 428 1124 Dominus
446 1081 590 1137 nocie,
614 1095 699 1140 qua
718 1076 979 1135 tradebatur,
1001 1078 1155 1135 oravit,
1185 1077 1370 1141 vestigiis
1391 1094 1585 1141 genuum

215 1148 330 1212 quafi
356 1166 453 1196 cera
476 1149 598 1196 molli
622 1148 841 1213 impreffis.

207 1343 276 1388 VI.
312 1346 378 1387 ‘De
402 1344 503 1398 Ioco,
542 1344 839 1403 ubisuspensus
864 1346 914 1401 est
940 1345 1074 1400 Iudas,
1114 1343 1152 1387 6⁴
1189 1346 1237 1388 de
1267 1345 1580 1390 eAclzeldemaclz.

272 1453 442 1498 Portam
468 1451 611 1497 David
637 1451 957 1514 egredientibus
992 1461 1133 1515 ponsa
1180 1455 1381 1512 occurrit,
1415 1455 1458 1500 in
1492 1455 1585 1500 aus-

213 1540 326 1570 trum
345 1541 421 1586 per
438 1523 597 1569 vallem
616 1522 814 1581 diretOrus,
832 1523 888 1568 ad
912 1525 1030 1569 cuius
1049 1524 1330 1571 medietatem
1349 1524 1404 1571 ab
1427 1527 1584 1572 occasu

207 1598 328 1640 ludas
354 1595 394 1640 se
419 1593 678 1656 suspendisse
704 1611 907 1640 narratur.
934 1596 1049 1641 Nam
1073 1597 1118 1640 ὃς
1140 1595 1245 1642 ficus
1270 1615 1433 1660 magna
1456 1596 1516 1643 ibi
1534 1615 1585 1643 ac

207 1666 480 1713 vetustiffima
505 1665 595 1724 stat,
621 1665 735 1710 iuxta
763 1665 885 1727 quod
906 1669 1110 1712 iuvencus
1135 1669 1213 1713 ait:

456 1757 657 1811 Infhrmem
678 1758 911 1812 rapuit-ficus
932 1760 974 1798 de
995 1760 1131 1799 vertice
1151 1770 1311 1800 mortem.

271 1842 400 1887 Porro
422 1843 736 1901 acheldemach,
764 1841 820 1887 ad
839 1843 1065 1889 australem
1084 1844 1264 1907 plagam
1284 1847 1443 1890 montis
1464 1847 1588 1905 Sion,

209 1913 459 1976 peregrinos
477 1914 522 1958 ὃς
540 1911 753 1975 ignobiles
775 1931 972 1959 mortuos
993 1914 1125 1960 hodie
1145 1933 1323 1978 quoque
1352 1917 1458 1962 alios
1478 1933 1587 1961 terra

210 1983 329 2046 tegit,
353 1983 459 2028 alios
484 1982 736 2029 inhumatos
763 1985 1004 2046 putrefacit.

208 2175 294 2222 VH.
313 2179 379 2221 ‘De
396 2194 523 2222 monte
538 2178 705 2233 oliveti,
727 2178 767 2222 δ’
785 2180 833 2223 de
852 2180 1007 2241 ecclesia
1024 2182 1079 2224 ibi
1091 2183 1284 2240 fundata,
1305 2184 1371 2227 ubi
1385 2187 1586 2228 Dominus

442 2250 496 2292 ad
518 2250 625 2293 celos
650 2251 840 2310 ascendit,
868 2252 916 2294 de
940 2269 1183 2297 monumento
1206 2256 1349 2314 Largam·

669 2320 709 2365 ὃ»
733 2322 782 2365 de
808 2325 925 2366 tertia
951 2324 1122 2383 ecclefia.

277 2432 417 2476 Mons
439 2433 648 2477 Olivarum
668 2433 784 2478 mille
803 2432 857 2479 ab
879 2434 1148 2480 Hierusalem
1167 2434 1369 2481 discretus
1388 2435 1587 2499 pastibus,

212 2500 437 2548 altitudine
452 2504 593 2548 monti
605 2504 707 2549 Sion
729 2521 806 2566 par
825 2505 896 2564 est,
917 2505 988 2551 sed
1007 2505 1232 2551 latitudine
1249 2508 1293 2551 ὅ(
1311 2507 1587 2570 longitudine

212 2573 378 2634 prestat.
407 2573 596 2636 Exceptis
620 2573 776 2621 vitibus
800 2578 845 2621 &
870 2577 1009 2636 olivis,
1036 2595 1127 2622 rara
1154 2578 1267 2623 ferax
1295 2577 1474 2637 arboris,
1501 2580 1585 2625 fru-

214 2646 347 2689 menti
369 2661 547 2707 quoque
564 2648 609 2691 &
627 2645 778 2693 hordei
798 2647 954 2706 fertilis,
976 2665 1118 2710 neque
1139 2650 1254 2695 enim
1274 2648 1487 2710 brucosa‚‘’
1516 2651 1586 2696 sed

262 2794 289 2814 a.
313 2782 360 2816 Al.
381 2783 463 2816 fons.
485 2803 526 2808 —
547 2786 577 2817 b.
601 2785 650 2818 Al.
671 2786 796 2826 fucosa,
810 2787 957 2828 raucosa,
978 2788 1104 2831 ruposa.
