2216 3435
39 878 83 908 M.
99 876 119 906 f.
135 877 172 914 63
188 874 229 904 D.

0 1722 2 1806 Ξ
51 1751 86 1780 P.
103 1749 122 1779 f.
141 1758 195 1780 111
213 1748 248 1779 B.

651 285 925 319 OBSIDIONIS
949 284 1211 317 DAMIATE.
1541 271 1598 331 So

304 437 430 484 XXII.
456 439 501 482 ln
518 437 647 481 ramis
661 436 905 498 palmarum
922 435 1097 481 scientes
1115 433 1317 479 soldanus
1340 436 1384 479 &
1402 431 1607 479 Corradi-
1627 429 1719 492 {3123
1734 469 1780 498 31·

242 526 336 568 nuS‚
356 506 476 570 quod
497 506 727 553 Christiani
744 506 952 553 volebant
969 505 1197 563 celebrare,
1222 506 1402 567 qualiter
1419 506 1612 551 Christus

242 581 360 627 venit
383 579 704 638 lerosolymam,
726 579 913 624 inierunt:
939 576 1161 623 confilium
1185 577 1309 639 super
1333 577 1614 634 Christianos,

243 667 479 713 antequam
509 649 627 696 aliud
656 648 900 714 passagium
924 650 1183 695 succurreret
1217 649 1327 708 eis31
1357 662 1618 711 putaverunt

246 739 320 767 eos
341 721 484 767 delere
503 720 557 766 de
578 737 701 778 terra,
723 723 767 767 ὅ(
784 719 889 767 sicut
905 721 1054 768 leviter
1074 719 1251 783 possunt
1271 720 1488 766 numerari
1504 718 1618 764 stelle

246 792 327 838 celi
349 795 395 838 ὅς
414 811 545 839 arena
568 796 710 852 maris,
736 796 796 841 ita
820 793 1055 840 multitudo
1081 793 1426 839 Christianorum
1450 806 1621 854 poterat

248 865 476 910 numerari.
516 865 562 910 Et
587 876 925 929 venerunt2per
948 882 1103 911 terram
1135 866 1180 910 ὃς
1215 881 1377 926 aquarn
1408 880 1507 908 cum
1538 863 1620 919 lxxj

248 935 382 999 galeis
400 937 444 981 &
463 953 564 982 cum
589 936 815 983 indefinita
832 935 1109 982 multitudine
1126 937 1398 999 paganorum
1423 936 1467 979 ὃς
1485 935 1623 980 Sarra-

252 1022 477 1066 cenorum‚
496 1017 510 1047 3
533 1010 578 1054 ἃ
593 1007 865 1054 adduxerunt
877 1008 1035 1071 targias
1048 1009 1092 1052 ἃ
1106 1005 1270 1052 tabulas
1283 1008 1328 1051 ὅ(
1342 1006 1447 1051 ostia
1466 1005 1623 1051 domo-

303 1118 316 1138 1
342 1107 388 1142 M.
409 1118 476 1140 eos.
502 1127 543 1132 —
567 1121 584 1140 2
608 1109 643 1141 P.
666 1108 835 1142 venientes
852 1108 963 1152 itaque
981 1119 1056 1141 cum
1073 1107 1153 1150 lxvj.
1170 1127 1215 1131 —
1237 1118 1252 1148 3
1276 1107 1325 1148 P.‚
1343 1113 1450 1139 celera
1468 1106 1563 1150 usque
1582 1108 1630 1139 ad

252 1171 278 1192 c.
301 1170 390 1194 XXVI
407 1160 560 1203 omittens,
579 1162 670 1206 legit.-
688 1164 717 1196 δι
738 1174 813 1196 cum
833 1162 935 1206 galeis
954 1162 1081 1195 fortiter
1104 1162 1298 1206 navigantes
1313 1162 1354 1194 ad
1369 1161 1627 1195 Christianorum

255 1221 391 1257 pontem
413 1215 733 1260 appropinquarunt.
755 1218 880 1249 Verum
895 1216 972 1260 quia
990 1216 1086 1261 pauci
1107 1216 1253 1260 respee'tu
1265 1215 1394 1249 illorum
1416 1223 1508 1248 erant
1523 1214 1631 1248 Chris-

256 1265 347 1309 tiani,
373 1278 393 1299 a
412 1267 498 1301 facie
518 1276 605 1302 terre
623 1281 679 1302 eos
704 1270 833 1314 penitus
852 1270 1033 1303 credebant
1058 1269 1148 1315 posse
1166 1270 1290 1313 delere3
1315 1268 1471 1302 fossatum
1496 1268 1630 1313 quidem

258 1319 518 1354 Christianorum
543 1321 635 1356 iuxta
653 1322 810 1356 foffatum
829 1323 1062 1368 impleverunt.
1096 1323 1168 1367 Alij
1197 1324 1240 1356 ab
1265 1323 1327 1355 alia
1352 1330 1445 1366 parte
1471 1321 1632 1355 exercitus

259 1383 483 1416 perrexerunt,
510 1375 585 1409 inde
605 1376 781 1410 Christiani
799 1377 895 1409 valde
914 1376 1106 1417 timuerunt,
1136 1378 1167 1410 δε
1188 1388 1262 1410 curn
1286 1376 1476 1410 Christianis
1495 1376 1632 1420 prelium

260 1437 420 1470 magnum
441 1427 609 1474 inceptum
630 1430 673 1463 est
695 1431 725 1463 δε
747 1429 878 1463 duravit
899 1442 936 1463 ea
955 1430 1007 1463 die
1024 1430 1127 1474 usque
1145 1430 1186 1463 ad
1208 1430 1372 1475 vesperas.
1406 1432 1501 1463 Hora
1521 1437 1634 1462 autem

259 1482 440 1525 vespertina
461 1482 626 1525 veniente,
656 1482 831 1517 Christiani
848 1483 977 1516 fortiter
995 1495 1070 1516 cum
1090 1482 1234 1527 Paganis
1255 1484 1285 1516 δι
1305 1483 1489 1516 Sarracenis
1506 1494 1635 1527 pugna-

260 1543 388 1568 verunt.
416 1535 575 1569 videntes
595 1536 764 1569 Sarraceni
783 1537 813 1569 δι
834 1535 974 1580 Pagani,
1001 1535 1184 1568 fortitudini
1209 1535 1468 1569 Christianorum
1497 1535 1637 1569 resistere

262 1601 328 1623 non
349 1590 452 1635 poffe,
471 1599 560 1625 retro
578 1592 608 1625 se
625 1591 784 1625 facientes
804 1591 918 1635 fugam
934 1590 1110 1635 petierunt.
1134 1592 1188 1623 Set
1207 1590 1282 1634 quia
1297 1590 1328 1622 in
1347 1590 1449 1634 galeis
1463 1589 1638 1623 ascendere

263 1655 328 1677 non
348 1652 541 1689 potuerunt,
570 1644 664 1678 multi
683 1657 723 1678 ex
747 1644 807 1678 illis
829 1644 861 1677 in
888 1652 975 1677 terra
999 1645 1030 1677 δε
1060 1656 1147 1688 aqua
1168 1643 1239 1676 sunt
1259 1643 1380 1676 mortui
1399 1645 1430 1676 δε
1452 1642 1592 1684 sumerfi,
1609 1643 1639 1675 δι

265 1697 306 1731 de
336 1698 528 1731 Christianis
556 1699 650 1732 multi
683 1697 843 1732 vulnerati
874 1698 959 1731 sunt.
994 1700 1048 1731 Set
1081 1709 1118 1730 ea
1151 1697 1204 1730 die
1232 1696 1344 1730 divino
1374 1696 1495 1730 auxilio
1524 1707 1639 1741 parum

266 1751 456 1785 Christianis
475 1760 676 1796 nocuerunt5
695 1752 838 1797 legimus
859 1751 944 1784 enim
965 1750 997 1784 in
1014 1750 1150 1796 epistola
1167 1750 1280 1784 Pauli:
1308 1750 1342 1783 Si
1357 1752 1446 1784 Deus
1459 1756 1521 1794 pro
1542 1748 1642 1789 nobis,

267 1805 335 1848 quis
354 1812 466 1838 contra
485 1818 538 1839 nos
551 1805 570 1837 ?
595 1806 770 1848 [Roman.‚
791 1816 873 1847 vm,
900 1807 965 1847 31.]
991 1804 1089 1838 Nulla
1109 1803 1232 1849 quippe
1251 1804 1397 1837 humana
1416 1803 1529 1848 lingua
1550 1802 1643 1835 mise-

268 1857 331 1891 rias
349 1860 379 1892 &
399 1859 552 1903 langores
573 1870 612 1892 ac
628 1858 889 1892 Christianorum
910 1857 1130 1899 infirmitates,
1146 1869 1228 1901 quas
1249 1857 1425 1892 Christiani
1438 1857 1469 1889 in
1485 1856 1644 1890 Damiate

269 1912 440 1945 obsidione
460 1923 520 1956 pro
549 1911 674 1946 Christi
705 1924 819 1945 amore
846 1912 923 1957 passi
954 1912 1098 1952 fuerunt,
1127 1911 1222 1955 plene
1252 1909 1358 1954 poffet
1385 1909 1560 1954 explicare.
1592 1910 1645 1942 De

271 1965 380 1998 mense
398 1977 477 1998 vero
497 1965 628 2010 Aprilis
645 1966 794 2011 proxime
813 1965 971 1999 venientis
990 1977 1046 1998 rex
1062 1963 1271 2009 Egyptiacus
1293 1965 1321 1996 ἃ
1346 1962 1549 1996 Corradinus
1570 1975 1645 1996 cum

271 2030 396 2063 magna
415 2018 631 2062 paganorum
651 2019 682 2051 δε
701 2019 956 2051 Sarracenorum
978 2017 1191 2050 multitudine
1208 2017 1250 2049 ad
1271 2016 1531 2050 Christianorum
1550 2015 1648 2049 fofl'a-

271 2079 342 2104 tum
371 2071 541 2105 venientes
576 2071 697 2105 bellurn
729 2071 935 2104 fortiffimum
970 2083 1046 2105 cum
1081 2069 1272 2105 Christianis
1302 2069 1455 2102 inierunt.
1495 2069 1649 2103 Similiter

273 2125 454 2166 sarraceni,
481 2125 538 2169 qui
563 2124 593 2157 in
628 2125 788 2158 Damiate
815 2125 948 2158 civitate
972 2125 1122 2166 aderant,
1149 2124 1190 2156 de
1215 2124 1282 2167 ipsa
1311 2131 1466 2156 exeuntes
1487 2122 1598 2167 ignem
1618 2123 1647 2155 &

273 2177 426 2212 sulfurem
450 2179 623 2212 accensum
655 2179 747 2224 super
775 2178 1033 2213 Christianorum
1064 2184 1176 2221 gattos
1197 2175 1404 2221 proiecerunt
1428 2177 1458 2209 &
1483 2188 1538 2209 eos
1559 2188 1650 2209 com-

274 2231 456 2274 busserunt,
485 2232 575 2266 unde
606 2232 779 2265 Christiani
809 2243 969 2276 magnum
998 2231 1184 2264 habuerunt
1216 2230 1388 2273 dolore1n5
1419 2239 1650 2274 pugnaverunt

275 2296 421 2329 namque
438 2286 538 2318 ambe
557 2293 667 2330 partes
687 2285 823 2319 viriliter
841 2286 870 2318 &
890 2283 1068 2318 fortiffime.
1088 2283 1246 2317 Tandem
1268 2282 1376 2327 gratia
1397 2282 1533 2315 Domini
1552 2282 1650 2315 nostri

277 2338 436 2372 crucifixi
456 2338 563 2384 fugati
582 2339 713 2373 fuerunt
729 2339 858 2384 Pagani
877 2340 907 2372 δι
926 2340 957 2371 in
973 2350 1012 2371 eo
1033 2337 1120 2371 bello
1139 2348 1298 2381 magnum
1320 2336 1536 2369 sustinuerunt
1552 2335 1651 2369 detri-

278 2398 452 2434 mentum3
481 2391 604 2436 gratias
626 2394 655 2426 δε
679 2393 792 2426 laudes
814 2392 963 2425 Domino
991 2391 1101 2423 nostro
1124 2389 1217 2423 Ihesu
1241 2388 1372 2422 Christo
1393 2388 1582 2421 referamus!
1614 2389 1650 2420 In

280 2443 390 2477 mense
408 2456 487 2478 vero
507 2445 616 2488 Madij
637 2445 814 2490 sequentis,
833 2444 886 2477 die
904 2443 1085 2478 Dominico
1105 2442 1212 2488 primo
1232 2441 1347 2474 mensis
1364 2441 1507 2474 eiusdem
1527 2441 1593 2473 dux
1611 2440 1652 2472 de

283 2497 457 2530 Hostarica
483 2498 544 2531 iter
570 2497 748 2542 navigandi
779 2498 820 2530 ad
850 2497 1058 2542 patriamque
1093 2496 1182 2529 suam
1215 2494 1372 2528 redeundi
1398 2494 1530 2538 incepit,
1567 2493 1653 2526 unde

281 2550 454 2584 Christiani
482 2551 577 2584 valde
603 2551 674 2584 sunt
703 2550 896 2592 contristati,
927 2550 1078 2583 soldanus
1098 2550 1128 2582 ἃ
1158 2548 1363 2582 Corradinus
1383 2547 1558 2592 plurimum
1583 2548 1654 2579 sunt

282 2603 393 2648 gavisi.
426 2604 734 2649 Appropinquante
762 2604 815 2636 die
841 2604 971 2646 offlava,
1002 2603 1154 2636 soldanus
1173 2603 1203 2635 Sc
1225 2600 1428 2635 Corradinus
1456 2612 1531 2633 cum
1561 2600 1654 2633 omni

283 2665 383 2701 gente
408 2668 522 2690 eorum
542 2657 634 2701 super
654 2655 833 2689 exercitum
852 2655 1111 2689 Christianorum
1133 2653 1285 2687 insultum
1301 2653 1448 2686 fecerunt
1471 2654 1571 2697 &per
1590 2652 1655 2685 vim

284 2710 316 2742 in
338 2709 458 2743 foffato
473 2709 731 2744 Christianorum
751 2710 909 2742 intrantes
927 2708 1063 2753 prelium
1087 2719 1245 2751 magnum
1262 2718 1337 2740 curn
1355 2706 1546 2739 Christianis
1565 2717 1656 2738 com-

286 2763 455 2805 miserunt,
484 2763 709 2796 indubitanter
742 2763 925 2802 credentes,
955 2760 1157 2795 Christianos
1187 2760 1229 2793 de
1252 2759 1368 2804 Egipti
1386 2767 1470 2791 terra
1491 2758 1580 2803 posse
1605 2771 1656 2791 ex-

287 2816 406 2862 pellere
429 2818 459 2849 &
485 2828 541 2850 eos
570 2824 741 2860 tamquam
763 2815 912 2860 captivos
942 2814 973 2847 in
1008 2814 1063 2847 sua
1087 2813 1246 2858 potestate
1274 2813 1410 2853 habere,
1437 2812 1489 2844 sed
1509 2811 1658 2846 Domino

1396 2875 1434 2900 12

1675 2609 1751 2647 Maj:
1766 2610 1791 2636 S.
