2216 3435
616 278 666 310 IN
693 275 958 309 OBSIDIONE
983 273 1245 306 DAMIATE.
1533 270 1617 323 159

251 424 371 486 quod
390 441 469 486 pro
489 425 622 469 nimia
638 422 970 485 perturbacione
988 435 1120 466 nemo
1141 435 1216 463 eos
1234 433 1405 479 poterat
1423 418 1617 475 retinere,
1638 437 1715 467 1219

250 495 364 541 unde
388 498 432 541 δε
457 494 598 550 multi,
625 491 978 556 persequentibus
1003 507 1077 536 eos
1102 490 1295 551 PaganiS,
1325 505 1441 534 nunc
1470 487 1617 551 gladio

248 567 393 628 aliqui,
412 582 528 610 nunc
543 564 603 610 siti
626 565 821 610 defecere
839 562 1050 609 nonnulli.
1079 560 1291 622 Principes
1309 575 1454 604 autem
1475 560 1619 617 nostri,

248 637 346 682 talia
365 636 573 694 videntes,
594 638 828 681 timuerunt
847 634 901 679 de
918 632 1102 696 populQ
1125 648 1178 676 ne
1197 630 1381 675 omnino
1403 629 1618 687 deficeret,

247 708 401 753 milites
443 708 538 752 suos
584 705 803 762 iusserunt,
849 703 1053 750 invadere
1093 704 1360 748 Sarracenos
1403 702 1619 746 Dominus

247 795 425 840 quoque
444 779 624 841 legatus,
639 776 746 821 dans
776 774 977 820 omnibus
1002 771 1372 828 benedichonem,
1396 770 1522 817 dixit:
1544 777 1617 829 Ite,

247 854 331 894 ‘Dei
353 853 435 907 fiat
459 851 670 894 voluntas!
707 848 751 892 Et
780 845 854 909 ipfi
887 848 1089 890 irruentes
1114 844 1155 888 in
1185 859 1274 900 eOS,
1305 841 1463 886 multos
1492 844 1619 889 inter-

247 920 451 977 fecerunt,
478 919 531 964 de
559 919 706 963 nostris
734 935 910 979 quoque
935 917 1060 962 multi
1081 915 1241 960 mortui
1261 915 1367 959 sunt.
1396 913 1455 959 lbi
1480 915 1618 960 nullus

244 992 367 1049 iners,
405 991 543 1036 nullus
570 992 742 1053 ignarus
777 990 865 1034 fuit.
903 989 1036 1034 Multe
1074 987 1231 1031 milicie
1262 986 1371 1030 faeie
1400 986 1494 1030 sunt
1517 986 1619 1032 hinc

242 1063 344 1108 inde
370 1080 420 1107 ex
454 1079 634 1122 utraque
668 1078 802 1123 parte,
837 1060 907 1106 led
933 1062 976 1104 in
1002 1059 1137 1103 multa
1163 1056 1356 1119 dampna
1393 1057 1494 1118 paffi
1524 1059 1619 1103 sunt

242 1134 384 1179 nostri.
426 1136 469 1178 ln
493 1132 564 1178 illa
590 1133 658 1177 die
687 1132 811 1176 multi
836 1131 1048 1193 templarij
1071 1131 1116 1175 ὃς
1141 1128 1402 1190 hospitalarij
1427 1131 1472 1173 ὃ(
1496 1130 1620 1175 multi

242 1204 396 1249 milites
433 1202 559 1249 occisi
593 1204 688 1248 sunt
713 1205 757 1248 ὅς
780 1201 992 1264 capitibus
1018 1199 1214 1245 truncati.
1251 1199 1395 1244 Nostri
1424 1217 1617 1262 quoque,

243 1291 318 1336 per
352 1273 515 1320 fiumen
553 1275 819 1337 naviganteS,
860 1273 1033 1335 galeam
1065 1287 1199 1316 unam
1230 1270 1476 1328 amiserunt,
1518 1271 1617 1318 cesis

242 1345 320 1403 his,
356 1347 429 1406 qui
462 1346 505 1390 in
540 1363 589 1390 ea
625 1360 757 1389 erant.
799 1343 934 1388 Multa
970 1339 1210 1405 opprobria
1236 1342 1280 1385 ἃ
1315 1340 1491 1385 vulnera
1514 1342 1617 1403 paffi

242 1417 337 1461 sunt
358 1417 511 1461 milites
536 1416 666 1461 nostri
691 1417 734 1460 in
753 1415 824 1460 illa
843 1414 924 1460 die.
953 1415 1049 1459 l-lac
1069 1412 1137 1458 die
1162 1410 1246 1456 sine
1266 1429 1450 1457 numero
1473 1413 1616 1459 Chris-

50 1496 102 1527 fol.
124 1499 175 1527 181
196 1509 220 1527 a.
241 1488 345 1532 tiani
369 1487 464 1533 sunt
484 1485 625 1544 occifi,
653 1503 762 1548 quos
783 1488 901 1531 Deus
924 1502 1027 1531 cum
1047 1486 1178 1530 Beato
1201 1482 1390 1528 [ohanne
1412 1485 1456 1529 in
1477 1485 1616 1531 celesti

240 1558 378 1621 gloria
403 1558 538 1603 voluit
561 1557 789 1602 collocare.

303 1629 526 1675 XLI-XLll.
563 1627 702 1673 Modo
739 1627 896 1684 audite,
932 1627 1114 1688 qualiter
1138 1626 1330 1672 Christus
1354 1626 1508 1671 milites
1534 1625 1615 1672 five

238 1700 490 1762 peregrinos
516 1698 610 1742 suos
642 1699 817 1759 recepit.
859 1698 981 1744 Unus
1007 1698 1119 1742 forte
1142 1698 1409 1742 Teutonicus
1435 1696 1614 1759 quidam

238 1771 346 1815 inter
365 1787 562 1816 mortuos
581 1767 780 1815 remanfit
798 1770 933 1827 vivus,
961 1769 1033 1830 qui
1052 1770 1095 1814 in
1115 1771 1261 1825 nocie,
1288 1772 1432 1814 eretsto
1459 1770 1614 1832 capite,

239 1841 442 1886 excitatus
473 1858 497 1885 a
531 1840 736 1902 sompno,
774 1839 881 1885 vidit
904 1856 1046 1885 totum
1083 1856 1289 1900 campum
1324 1840 1613 1886 illuminatum

237 1913 282 1957 &
317 1910 424 1957 vidit
455 1913 500 1956 ὃς
533 1910 697 1956 audivit
719 1911 955 1955 maximam
993 1908 1315 1955 multitudinem
1356 1911 1614 1973 angelorum

238 1998 458 2027 cantantes
480 1982 604 2043 super
623 1997 819 2027 mortuos
836 1983 881 2027 ἃ
901 1980 1116 2026 dicentes:
1141 1983 1219 2036 Hij
1232 1983 1268 2041 s
1264 1998 1343 2037 unt,
1369 1986 1436 2041 qui
1452 1988 1615 2029 veniunt

237 2073 282 2097 ex
318 2070 464 2113 magna
501 2054 757 2097 tribulacione
792 2053 831 2097 δ’
868 2054 1047 2096 laverunt
1061 2054 1194 2111 stolas
1215 2055 1317 2112 suas
1341 2052 1380 2096 ὃ*
1405 2054 1613 2098 dealbave-

235 2142 326 2169 runt
360 2143 427 2169 eas
462 2129 502 2169 in
526 2126 728 2185 sanguine
762 2128 858 2184 agni
895 2123 1118 2185 (Apocal,
1148 2136 1232 2181 VII,
1267 2130 1355 2186 13),
1400 2143 1513 2183 quum
1534 2143 1612 2186 pro

237 2199 415 2240 ‘Domino
441 2197 825 2255 martirilzazisum!
853 2197 893 2239 ln
919 2194 992 2239 illa
1011 2193 1079 2239 die
1104 2195 1219 2256 capti
1239 2195 1410 2239 fuerunt
1427 2193 1612 2241 barones

236 2266 390 2311 nostri:
417 2266 673 2311 camerarius
699 2266 809 2328 regis
833 2267 1004 2311 francie
1027 2267 1072 2310 ὃ(
1095 2263 1358 2310 Beluacenfis
1383 2267 1612 2329 episcopus

236 2352 336 2381 cum
358 2336 484 2381 fratre
504 2336 595 2394 suo,
623 2335 813 2381 Iohanne
834 2335 887 2381 de
906 2337 1097 2395 Arseico,
1126 2336 1262 2382 milite
1281 2335 1438 2398 probo,
1464 2354 1612 2382 comes

237 2406 292 2452 de
316 2407 530 2463 Belmom,
561 2406 754 2452 Andreas
780 2406 833 2452 de
859 2408 987 2463 Perse,
1024 2408 1250 2452 Anselmus
1281 2406 1335 2452 de
1358 2408 1488 2466 Leon,
1517 2425 1612 2470 pre-

237 2477 396 2539 positus
427 2478 569 2523 Sancfi
596 2478 810 2535 Homerij,
837 2480 881 2523 ὃς
906 2479 1029 2523 multi
1051 2479 1134 2536 alij,
1161 2479 1374 2541 templatij
1399 2481 1443 2524 ὃς
1468 2479 1613 2542 hospi-

237 2548 385 2606 talem-ij,
415 2548 487 2609 qui
513 2546 629 2593 duffii
658 2549 827 2594 fuerunt
851 2550 894 2593 in
922 2550 1229 2611 captivitatem.
1255 2549 1338 2595 Sed
1363 2567 1433 2595 rex
1459 2549 1611 2594 lohan-

237 2636 310 2664 nes
335 2635 435 2663 cum
455 2618 622 2681 templo
641 2621 686 2664 ὅς
705 2619 905 2682 hospitali
921 2622 966 2665 &
985 2619 1127 2665 multis
1151 2620 1239 2665 aliis
1264 2637 1379 2666 extra
1405 2619 1611 2665 fossatum

236 2705 506 2734 remanentes
537 2689 696 2735 multos
722 2689 995 2745 occiderunt,
1029 2690 1254 2751 nullusque
1278 2691 1610 2736 sarracenorum

236 2759 358 2805 ausus
386 2760 462 2804 fuit
487 2759 541 2805 ad
572 2777 653 2805 nos
678 2761 846 2806 intrare.
886 2761 1041 2824 Pagani
1066 2762 1207 2824 igitur,
1242 2761 1377 2807 multa
1403 2761 1538 2824 spolia
1559 2777 1609 2806 ac
