2216 3435
575 292 641 324 DE
675 291 1062 325 PREDICATIONE
1097 292 1129 323 S.
1170 292 1354 325 CRUCIS.
1618 296 1647 336 Q

280 437 452 486 ecclesia
466 455 699 484 exonerare
723 439 845 483 suum
871 438 1078 501 pugilem,
1100 438 1171 499 qui
1190 454 1272 498 pro
1300 438 1387 498 ipsa
1406 454 1590 500 pugnat,
1606 439 1650 482 ὃς

279 511 476 556 sustinere
500 509 676 571 pondus
695 507 835 571 ipsius,
856 511 899 554 ὃς
924 508 1024 553 ideo
1051 524 1177 553 cruce
1195 506 1366 570 signatis
1384 509 1486 553 iuste
1505 510 1649 554 remit-

279 583 327 627 tit
350 581 567 626 Dominus
590 597 704 642 papa
730 597 889 641 penam
915 596 1196 641 peccatorum
1221 581 1265 624 ὅς
1290 577 1455 642 obligat
1484 580 1651 624 univer-

279 652 409 697 salem
434 651 654 698 ecclesiam
679 671 759 714 pro
794 651 902 715 ipfis,
935 653 1007 712 qui
1032 649 1232 695 mundari
1256 648 1434 713 poliunt
1457 668 1534 712 per
1552 668 1651 712 pro-

277 723 415 785 priam
448 740 599 768 eorum
624 724 960 779 contricionem,
991 722 1297 780 devocionem,
1324 720 1652 781 confeffionem,

276 792 485 854 laborem,
521 813 599 857 per
640 796 860 840 orationes
902 797 946 839 ὅς
984 794 1290 852 eleemosynas,
1334 810 1416 854 que
1455 791 1564 836 fiunt
1597 792 1651 837 ab

278 865 476 911 universis
495 866 744 912 Christianis
769 883 849 928 pro
876 866 1111 928 peregrinis
1135 865 1266 909 Terre
1290 865 1454 910 Sancffe.

346 941 471 983 Item:
508 939 548 983 Si
578 938 729 999 aliquis
759 935 863 982 esset
893 952 1093 981 oneratus
1130 934 1321 997 pluribus
1352 934 1579 997 lapidibus,
1609 938 1652 980 ὃς

279 1008 458 1070 quidam
487 1011 700 1071 acciperet
724 1007 778 1054 ab
806 1025 859 1053 eo
881 1025 1015 1052 unum
1039 1006 1232 1069 lapidem
1260 1008 1304 1050 ὃς
1328 1005 1433 1050 alius
1457 1007 1588 1051 alium
1609 1009 1652 1051 ὃ(

279 1081 429 1124 tercius
465 1081 645 1126 tercium
676 1082 720 1125 ἃ
751 1078 805 1124 fic
843 1077 1062 1141 deinceps,
1101 1077 1190 1139 ipse
1226 1076 1413 1121 totaliter
1447 1094 1652 1123 exonera-

279 1167 405 1209 retur,
439 1150 624 1196 fimiliter
656 1168 782 1195 cruce
806 1148 992 1213 signatus
1017 1148 1278 1194 deoneratur
1305 1165 1338 1214 a·
1356 1164 1470 1209 pena
1496 1166 1653 1210 pecca-

280 1238 422 1267 torum
456 1240 533 1285 per
558 1223 801 1267 Dominum
826 1238 988 1283 papam
1018 1222 1062 1265 &
1095 1218 1377 1264 universalem
1402 1219 1652 1279 ecclesiam3

283 1314 305 1333 α
332 1301 592 1353 quemcunque
617 1299 719 1339 enim
733 1295 910 1355 solverit
921 1296 1048 1354 super
1070 1309 1231 1346 terram,
1260 1296 1339 1335 erit
1356 1293 1521 1352 solutus
1547 1293 1586 1336 ὃ)
1611 1296 1652 1336 in

278 1366 403 1408 celum
431 1385 454 1405 υ
482 1364 575 1421 (Cf.
602 1365 768 1420 Matth.,
796 1377 896 1421 XVI,
933 1369 1019 1426 ro).
1051 1361 1325 1418 Notandum,
1352 1362 1473 1423 quod
1499 1361 1654 1408 dicitur

278 1434 402 1496 super
421 1451 593 1493 terram,
614 1452 704 1480 non
720 1434 875 1480 dicitur
893 1434 1005 1479 infra
1024 1450 1194 1492 terram,
1215 1450 1296 1478 nec
1315 1434 1358 1478 in
1379 1450 1498 1479 terra.
1520 1435 1654 1496 Super

278 1521 436 1550 terram
466 1507 538 1565 est,
575 1507 648 1568 qui
673 1523 838 1551 terrena
871 1505 1068 1568 negligit,
1103 1506 1145 1549 in
1171 1521 1280 1550 terra
1305 1504 1375 1562 est,
1403 1505 1476 1565 qui
1501 1506 1543 1549 in
1571 1521 1652 1550 ter-

278 1594 381 1622 rena
401 1594 476 1621 cor
497 1578 619 1622 suum
638 1576 791 1641 affigit,
813 1579 857 1622 ὃς
878 1576 931 1622 de
950 1575 1102 1621 talibus
1123 1574 1227 1620 dicit
1245 1575 1480 1637 apostolus,
1502 1595 1525 1614 α
1551 1578 1653 1622 Glo-

279 1652 342 1694 ria
361 1667 492 1694 eorum
514 1654 554 1693 in
576 1652 814 1709 confufione,
835 1654 903 1709 qui
919 1652 1252 1710 terrenasapiunt
1269 1669 1291 1687 υ
1313 1647 1450 1705 (Phil,
1469 1660 1537 1705 ΙΙΙ,
1563 1651 1653 1711 19),

278 1719 366 1764 hoc
391 1721 461 1776 est,
487 1718 649 1765 habent
674 1719 1020 1765 deleclacionem
1045 1721 1089 1764 ὃς
1115 1719 1314 1781 saporem
1332 1719 1374 1762 in
1398 1718 1583 1763 terrenis.
1612 1719 1655 1764 Et

280 1791 490 1837 lohannes
513 1793 556 1836 in
582 1790 844 1853 Apocalypsi
866 1794 992 1851 (VIII,
1028 1793 1127 1853 13):
1158 1811 1179 1829 <r
1213 1793 1280 1847 Ve,
1300 1808 1359 1845 ve,
1388 1792 1654 1834 habitantibus

165 1893 172 1906 ‚
208 1892 214 1898 .
231 1879 258 1899 2.
280 1865 319 1905 in
331 1865 461 1906 terra!
477 1883 500 1903 ³)
514 1863 754 1921 Genes·7HI
771 1862 858 1924 (O),
876 1884 897 1903 (t
925 1864 1039 1907 Vldlt
1053 1863 1210 1917 mulier,
1226 1861 1384 1905 scillcet
1398 1860 1494 1915 Eva,
1515 1880 1536 1899 <c
1550 1860 1654 1918 quod

279 1933 433 1993 lignum
459 1935 550 1993 effet
575 1937 713 1978 bonum
742 1936 795 1977 ad
818 1935 1044 1994 vescendum
1070 1933 1109 1976 δ’
1126 1933 1338 1992 pulchrum
1364 1932 1491 1975 oculis
1518 1933 1654 1992 aspec-

278 2021 395 2063 tuque
415 2006 666 2063 delec‘iabile,
695 2006 789 2049 tulit
819 2007 866 2049 de
888 2007 1030 2064 fruc‘Iu
1057 2004 1172 2047 illius
1196 2004 1236 2047 ὃ
1261 2005 1443 2059 comedit,
1480 2003 1518 2046 ὃ)
1543 2003 1654 2046 dedit

278 2078 468 2135 virosuo,
488 2076 527 2119 δ’
547 2078 730 2121 comedit.
750 2096 771 2115 υ
794 2074 876 2121 Sed
898 2075 1092 2137 precepit
1111 2075 1228 2119 Deus
1246 2075 1362 2136 prius
1382 2073 1477 2118 Ade
1501 2072 1654 2135 (Gen,

280 2158 330 2204 II,
364 2144 458 2209 16),
493 2167 514 2186 a
543 2151 600 2192 Ex
624 2152 731 2192 omni
756 2149 870 2208 ligno
896 2149 1078 2209 paradisi
1103 2148 1274 2201 comede,
1312 2148 1360 2189 de
1385 2147 1499 2206 ligno
1526 2161 1652 2188 autent

267 2220 444 2278 sciencie
473 2221 565 2263 boni
589 2219 628 2262 6³
653 2219 753 2263 mali
782 2237 827 2263 ne
863 2221 1071 2263 comedas!
1101 2239 1122 2257 υ
1163 2215 1292 2263 Unde
1317 2215 1398 2261 Eva
1433 2212 1655 2276 respondit

278 2288 487 2351 serpenti:
527 2310 549 2329 <t
579 2294 645 2334 ‘De
670 2292 812 2349 frut‘lu
852 2290 972 2350 ligni,
1017 2291 1120 2348 quod
1143 2292 1193 2347 est
1230 2291 1268 2332 in
1306 2289 1436 2332 medio
1459 2289 1653 2348 paradifi,

272 2365 454 2420 precepit
477 2363 592 2406 nobis
611 2364 739 2416 Deus,
767 2379 814 2405 ne
832 2363 1119 2405 comederemus
1140 2360 1178 2403 ὃ»
1198 2377 1244 2403 ne
1262 2376 1513 2419 tangeremus
1532 2359 1651 2411 illud,

280 2435 452 2491 neforte
476 2437 691 2477 moriamur
715 2453 737 2472 2>
766 2433 965 2493 (Genes,
1000 2444 1070 2490 111,
1099 2434 1163 2495 3).
1194 2431 1327 2475 Recio
1359 2447 1464 2493 ergo
1491 2427 1652 2473 iudicio

280 2503 365 2547 Dei
391 2501 694 2548 dividebantur
723 2520 906 2565 corpora
933 2502 1028 2548 Ado
1052 2504 1095 2547 &
1122 2502 1201 2547 Eve
1226 2500 1280 2547 ab
1307 2498 1532 2546 animabus
1560 2500 1651 2555 suis,

281 2575 382 2635 quia
407 2572 478 2635 ipfi
516 2590 667 2619 contra
697 2575 779 2620 Dei
805 2590 1058 2636 preceptum
1083 2571 1336 2618 dividebant
1366 2588 1550 2633 pomum
1577 2587 1654 2632 per

281 2645 488 2703 morsum,
512 2644 627 2690 unde
653 2662 768 2690 mors
805 2662 828 2689 a
849 2646 990 2689 morsu
1018 2643 1244 2690 derivatur.
1273 2643 1486 2706 Oportuit
1511 2642 1651 2705 igitur,

284 2734 358 2763 eos
376 2718 504 2774 mori,
533 2719 577 2762 ὅ(
597 2734 676 2763 nos
697 2735 849 2763 omnes
869 2735 945 2780 per
964 2718 1093 2779 ipsos,
1119 2719 1163 2762 ὅ(
1187 2717 1229 2761 in
1249 2715 1408 2762 eodem
1429 2715 1507 2759 fuit
1526 2713 1649 2773 culpa
