2216 3435
561 256 968 290 CRUCIGERORUM
1003 256 1381 290 RHENANORUM.
1583 257 1643 308 39

1697 402 1772 429 1218

267 402 437 461 accidit,
470 418 516 447 ut
538 404 582 447 in
608 401 867 448 Ascenfione
888 403 1087 460 Domini,
1112 401 1291 464 quando
1313 411 1323 431 ¹
1344 420 1473 449 naves
1497 404 1643 467 egredi
1668 441 1729 470 Ma,
1754 451 1792 479 24

268 472 500 531 debebant,
521 490 651 536 prout
675 475 931 532 iuraverant,
954 492 1010 519 ex·
1023 474 1238 536 insperato
1260 475 1414 538 viginti
1433 490 1513 520 tres
1536 492 1642 538 cog-

266 562 404 608 gones
428 543 732 606 subsequentes
757 544 1039 607 applicarent.

332 616 461 661 Porro
488 633 589 661 cum
622 617 821 674 maiores,
857 633 957 661 cum
996 616 1118 679 ligno
1161 616 1303 661 sandle
1338 617 1472 661 crucis
1497 634 1643 679 prece·

268 686 417 732 dentes
444 688 808 751 congregacionis
829 687 979 732 locum
1005 686 1123 749 apud
1143 688 1391 732 Districstum
1414 688 1642 747 servarent,

267 757 414 804 classes
435 759 656 804 minorum
683 761 727 803 ὃ(
745 758 989 817 humilium,
1012 758 1183 804 Christo
1201 768 1218 787 2
1236 757 1359 817 duce,
1391 760 1642 804 Damiatam

265 830 376 875 infra
400 828 593 875 triduum
625 829 942 893 applicuerunt,
971 832 1016 875 ὃς
1040 831 1199 875 mirum
1224 828 1356 886 diciu,
1384 831 1457 891 qui
1482 830 1642 875 tardius

264 900 423 945 Achon
449 919 473 946 a
498 917 623 965 tergo
649 901 921 962 reliquerant,
962 917 1038 963 per
1063 899 1168 945 duas
1196 899 1376 962 quidam
1402 899 1643 946 hebdoma-

263 969 338 1016 das
365 971 543 1034 quidem
570 974 615 1017 ὃς
639 973 778 1034 supra,
803 972 937 1033 aliqui
964 972 1102 1017 eciam
1125 989 1202 1034 per
1227 972 1435 1030 mensem,
1461 972 1529 1018 vel
1548 991 1641 1018 am-

262 1042 371 1104 plius
396 1044 504 1089 mari
527 1044 622 1088 sunt
646 1042 823 1102 detenti,
861 1043 1059 1088 Domino
1085 1058 1230 1087 autem
1256 1042 1484 1087 humilium
1510 1043 1641 1090 affec-

263 1130 355 1158 tum
387 1113 612 1177 dirigente,
638 1115 826 1159 Frisones
851 1116 895 1159 &
920 1113 1182 1159 Theutonici
1214 1131 1314 1158 cum
1339 1114 1431 1159 aliis
1456 1132 1639 1161 numero

260 1185 407 1246 paucis
437 1202 594 1231 terram
616 1183 820 1230 audacler
841 1183 1152 1230 conscendunt.
1187 1185 1360 1247 Pagani,
1385 1186 1536 1231 nostris
1561 1184 1639 1231 ob-

258 1257 437 1314 viantes,
452 1257 672 1301 Frisonicis
693 1272 900 1302 corruunt
912 1256 1017 1314 telis,
1030 1256 1264 1317 ceterisque
1283 1256 1457 1302 viriliter
1466 1275 1508 1302 re
1515 1255 1638 1319 pulfis

258 1329 442 1373 tentoria
466 1328 576 1373 inter
600 1345 718 1372 mare
739 1329 783 1372 ὅς
801 1327 949 1372 Nilum
975 1325 1269 1373 decentiffime
1296 1327 1392 1372 sunt
1416 1327 1633 1374 ordinata.

322 1399 543 1458 Damiata,
579 1398 624 1443 id
649 1399 721 1455 est,
758 1400 959 1444 omnium
994 1399 1220 1445 civitatum
1250 1398 1405 1462 Egypti
1441 1398 1638 1459 domina,

254 1472 297 1516 in
322 1471 414 1532 ripa
438 1469 524 1515 Nili
548 1471 665 1515 iuxta
703 1487 822 1516 mare
847 1487 1061 1534 magnum
1098 1471 1143 1515 in
1168 1469 1304 1515 insula
1328 1471 1467 1516 immo
1493 1471 1637 1534 super-

254 1541 408 1587 florida
426 1551 440 1579 3
474 1541 532 1587 est
564 1540 648 1587 fita.
678 1542 776 1587 Hec
795 1543 925 1605 pratis
961 1543 1130 1605 semper
1154 1540 1404 1601 virentibus,
1430 1542 1563 1589 hortis
1588 1562 1639 1590 ac

253 1614 473 1677 pomeriis,
512 1613 666 1675 palmis
703 1615 748 1658 ὃς
781 1612 1007 1659 arboribus
1043 1611 1308 1659 nobiliffimis
1345 1614 1636 1677 iocundatur3

253 1685 364 1730 muri
412 1685 593 1731 civitatis
626 1686 806 1731 turrium
835 1684 1087 1730 fortitudine
1130 1684 1419 1747 superbientes
1472 1685 1636 1734 fossatis

252 1772 303 1801 ac
339 1754 477 1802 fluviis
516 1758 926 1821 circumcinguntur.
959 1756 1116 1802 Versus
1143 1755 1435 1816 occidentem,
1461 1757 1534 1803 ubi
1558 1778 1636 1822 per

253 1826 400 1871 Nilum
438 1828 645 1890 prestatur
679 1827 834 1885 aditus,
869 1845 948 1889 pro
985 1825 1162 1871 custode
1192 1828 1236 1871 in
1274 1826 1422 1872 medio
1447 1827 1635 1876 fluminis

254 1897 378 1942 huius
399 1896 535 1960 pofita
559 1899 616 1944 est
641 1901 777 1956 turris,
805 1916 889 1960 que
909 1899 1039 1944 clavis
1066 1897 1268 1943 Damiate
1287 1900 1332 1942 ὃ(
1353 1915 1479 1960 porta
1503 1903 1633 1947 totius

254 1968 404 2031 Egypti
425 1970 562 2030 potest
582 1971 844 2032 nuncupari3
869 1987 972 2015 nam
993 1986 1118 2014 muro
1138 1970 1319 2015 civitatis
1339 1970 1392 2015 ad
1414 1970 1526 2016 hanc
1550 1987 1633 2016 tur-

253 2041 334 2084 rim
358 2040 541 2085 cathena
575 2040 723 2085 Nilum
748 2040 953 2087 claudens
978 2039 1264 2103 protenditur,
1291 2058 1374 2102 que
1400 2041 1495 2086 solis
1522 2060 1632 2088 mer-

254 2110 484 2169 catoribus,
511 2111 566 2157 ad
593 2111 847 2174 replendam
872 2112 1088 2176 Egyptum
1116 2112 1422 2169 festinantibus,
1449 2113 1503 2159 ad
1529 2112 1632 2158 effu—

256 2181 421 2228 fionem
446 2182 637 2229 thelonei
663 2183 783 2229 solita
808 2184 865 2229 est
893 2185 1058 2246 aperiri.

500 2343 569 2387 Vl.
599 2346 665 2387 “De
691 2348 988 2404 expugnat-ione
1012 2350 1134 2389 turris
1163 2349 1368 2390 Damiate.

319 2464 662 2511 Advenientibus
681 2483 827 2512 autem
852 2468 1109 2529 patriarcha,
1135 2487 1235 2533 rege
1254 2471 1297 2515 ὃς
1315 2469 1426 2515 duce
1451 2470 1629 2528 Austrie,

0 2573 16 2589 .‚
32 2564 57 2591 p.
74 2554 144 2589 ωε,
161 2563 184 2581 c.
206 2562 229 2581 1.
252 2537 295 2581 in
321 2535 471 2581 divino
508 2535 655 2583 labore
680 2537 874 2599 glorioso
900 2556 1052 2585 contra
1078 2541 1227 2585 turrim
1252 2544 1391 2587 creffte
1416 2541 1512 2586 sunt
1536 2558 1628 2586 ma-

249 2607 389 2667 chine,
426 2609 608 2670 petraria
629 2610 673 2653 ὅ(
696 2608 921 2670 trabucoli,
948 2611 1020 2657 sed
1045 2611 1125 2657 hec
1148 2614 1299 2659 omnia
1316 2614 1385 2660 vix
1405 2612 1628 2675 pulverem

303 2738 310 2756 ι
336 2727 375 2758 V.
396 2726 624 2769 procedentes.
643 2747 685 2750 —r
700 2741 716 2760 2
736 2729 771 2759 V.
789 2728 898 2760 Chris-
1035 2743 1049 2771 3
1080 2732 1116 2762 V.
1143 2731 1180 2762 &²
1204 2732 1237 2763 B.
1271 2731 1379 2775 legunt
1408 2739 1558 2776 tempore
1577 2731 1626 2764 vel

247 2778 347 2810 tiano.
975 2782 1090 2825 fimile‚
1108 2785 1191 2827 quod
1207 2783 1293 2816 nihil
1308 2784 1414 2817 valet.
