2216 3435
575 204 627 250 16
1114 213 1400 247 ORDINACIO

564 359 667 406 sicut
686 362 809 424 porci
828 363 872 407 ὃς
892 376 1067 406 currunt
1091 361 1134 405 in
1155 357 1491 404 amaritudinem
1510 358 1683 418 inferni,
1715 375 1798 420 que
1818 357 1945 422 signi-

563 431 711 479 ficatur
747 452 822 497 per
857 432 1192 481 amaritudinem
1228 431 1369 476 maris.
1415 452 1438 471 «
1468 432 1584 476 ‘Tolle
1616 449 1714 492 ergo
1738 434 1946 492 grabatum

561 522 668 550 tuum
692 527 714 546 υ
738 510 924 567 (loann,
944 525 984 561 V,
1005 507 1072 568 8),
1097 503 1141 549 id
1162 504 1220 549 est
1243 520 1423 548 carnem
1453 518 1573 546 tuam
1593 502 1755 547 sursum
1774 521 1797 547 a
1819 519 1947 549 terre-

564 578 642 635 nis,
669 579 766 640 quia
786 579 843 624 est
863 578 917 624 de
937 578 1100 624 deliciis
1120 576 1260 621 carnis
1280 573 1382 619 licut
1402 574 1456 620 de
1477 573 1617 619 cauda
1637 574 1842 637 anguille,
1864 592 1948 637 que

564 649 687 712 fugit,
713 650 820 696 dum
840 651 1026 696 creditur
1046 649 1231 703 retineri,
1256 649 1300 692 ὃ(
1326 647 1533 710 intellige,
1560 646 1667 709 quid
1687 647 1790 692 dicit
1809 645 1949 710 gloffa

564 722 686 785 super
712 723 953 784 predielum
978 723 1127 767 locum
1147 720 1378 783 Evangelij,
1415 720 1585 777 scilicet,
1612 719 1684 765 nisi
1706 721 1800 782 quis
1826 736 1949 763 more

562 795 686 856 porci
717 796 881 853 vixerit,
918 795 962 838 in
995 811 1095 839 eum
1126 790 1326 837 diabolus
1357 809 1449 836 non
1485 792 1644 854 accipit
1674 791 1948 854 potestatem,

562 864 635 910 nifi
660 865 715 910 ad
741 864 1036 928 probandum,
1062 882 1154 910 non
1179 863 1235 909 ad
1261 862 1551 925 perdendum.

631 941 764 983 Item:
807 939 993 1000 Quanto
1030 936 1127 999 plus
1153 936 1410 997 comprimis
1446 952 1608 997 aquam
1639 936 1750 980 inter
1780 952 1946 994 manuS,

562 1026 686 1055 tanto
718 1009 813 1072 plus
844 1008 978 1056 effluit
1016 1011 1061 1054 ὃς
1092 1010 1234 1053 minus
1265 1009 1482 1063 retinetur,
1528 1006 1582 1052 fic
1612 1007 1668 1052 est
1701 1005 1754 1052 de
1785 1006 1947 1052 deliciis

563 1082 701 1127 carnis
725 1084 770 1127 ὃς
799 1081 939 1127 seculi.
1760 1135 1771 1148 ἱ

630 1156 755 1199 Item:
782 1154 1030 1217 Peregrinus
1050 1154 1269 1209 itinerans,
1299 1152 1371 1213 qui
1391 1151 1560 1214 semper
1584 1152 1772 1213 sequitur
1789 1153 1946 1216 impul-
1965 1165 1988 1194 Β
2007 1163 2024 1192 1³.
2043 1173 2104 1202 214
2115 1175 2141 1202 a,
2157 1175 2182 1194 c.
2199 1174 2216 1194 2

562 1224 655 1269 sum
669 1226 801 1284 venti,
822 1243 918 1271 raro
939 1223 1069 1271 habet
1088 1241 1336 1287 congruum
1353 1223 1611 1284 hospicium,
1632 1222 1699 1283 sic,
1717 1226 1790 1286 qui
1806 1226 1945 1286 sequi-

563 1312 629 1340 tur
649 1313 833 1342 omnem
858 1313 1031 1342 motum
1050 1297 1202 1354 carnis,
1228 1312 1324 1340 raro
1350 1293 1479 1339 habet
1497 1295 1742 1358 hospicium
1767 1297 1811 1341 in
1837 1297 1946 1346 celo.

629 1371 751 1414 Item:
794 1367 1019 1415 Columba
1044 1385 1136 1414 non
1162 1365 1357 1412 comedit
1384 1383 1572 1425 carnem,
1608 1365 1664 1412 sic
1693 1384 1775 1413 nec
1804 1366 1947 1414 bonus

562 1440 751 1502 sequitur
774 1441 1049 1503 voluptatem
1074 1440 1225 1485 carnis.

628 1514 732 1557 Item
754 1529 761 1558 :
797 1510 1019 1558 Columba
1044 1529 1144 1556 cum
1170 1510 1305 1556 rostro
1340 1511 1507 1572 separat
1530 1528 1717 1573 granum
1743 1512 1947 1558 frumenti

561 1601 585 1629 a
611 1584 751 1646 palea,
793 1581 847 1628 sic
879 1582 1021 1629 bonus
1055 1601 1119 1641 ea,
1162 1601 1247 1644 que
1279 1583 1375 1627 sunt
1406 1582 1503 1639 Dei,
1548 1583 1621 1644 qui
1663 1585 1719 1628 est
1759 1597 2083 1647 granumAf61
2103 1596 2130 1633 b,
2147 1607 2171 1626 c.
2188 1606 2216 1625 2.

562 1655 780 1715 frumenti,
805 1654 859 1701 ab
884 1673 948 1714 ea,
975 1672 1059 1716 que
1086 1655 1181 1699 sunt
1206 1655 1357 1699 carnis.

630 1730 752 1772 Item:
793 1728 993 1790 Lignum,
1037 1724 1159 1788 quod
1191 1725 1330 1788 sepius
1363 1726 1440 1771 fuit
1472 1726 1703 1771 accensum
1735 1729 1779 1772 &
1808 1728 1946 1790 sepius

562 1798 815 1856 extinc'lum,
838 1798 1002 1843 facilius
1023 1796 1288 1855 accenditur,
1310 1814 1443 1859 quam
1463 1797 1632 1860 lignum
1651 1798 1800 1855 viride,
1824 1799 1946 1862 quod

563 1886 792 1931 nunquam
821 1870 901 1915 fuit
921 1870 1164 1927 accensum,
1190 1867 1294 1913 ficut
1320 1870 1377 1914 est
1398 1869 1451 1914 de
1470 1869 1650 1914 homine
1675 1870 1848 1929 carnali,
1876 1872 1944 1933 qui

562 1941 703 2003 sepius
723 1942 911 1987 exercuit
938 1942 1060 1986 usum
1084 1939 1292 1997 libidinis,
1322 1957 1454 2002 quam
1473 1941 1557 1999 ille,
1585 1941 1659 2003 qui
1683 1942 1851 2004 semper
1869 1942 1948 1986 fuit

562 2012 711 2058 castus.

627 2088 750 2130 Item:
793 2085 862 2129 De
891 2083 1025 2131 divite
1056 2086 1100 2129 ὃ(
1124 2084 1342 2130 luxurioso
1369 2087 1413 2131 ὃς
1438 2103 1718 2148 quocumque
1742 2086 1947 2147 sequente

564 2155 738 2202 delicias
775 2156 926 2201 carnis.
959 2156 1104 2216 Caym
1136 2157 1350 2202 interfecit
1380 2156 1504 2216 Abel,
1543 2157 1629 2202 hoc
1661 2158 1718 2203 est
1745 2155 1945 2220 poffeffio

562 2228 1107 2290 luclum&penitenciam;
1124 2228 1269 2288 Caym
1287 2229 1404 2273 enim
1424 2230 1729 2291 interpretatur
1746 2227 1946 2291 poffeffio

563 2301 608 2345 ἃ
633 2297 746 2344 Abel
769 2299 920 2345 lucffus.

633 2373 758 2416 Item:
800 2371 873 2416 Per
896 2369 1013 2416 diem
1036 2371 1217 2417 Veneris
1248 2388 1330 2434 pro
1358 2370 1520 2417 deliciis
1550 2373 1686 2418 carnis
1712 2374 1755 2418 in
1781 2376 1946 2421 comes-

566 2442 686 2488 tione
709 2443 850 2504 pomi,
892 2442 1006 2487 fac‘la
1032 2459 1186 2488 contra
1211 2444 1295 2489 Dei
1318 2460 1591 2506 preceptum,
1614 2433 1789 2491 intravit
1813 2463 1945 2504 mors,

563 2514 608 2557 ὃς
639 2512 802 2559 eodem
834 2513 918 2573 die,
963 2514 1121 2560 scilicet
1152 2514 1221 2560 die
1244 2515 1440 2573 Veneris,
1472 2532 1549 2576 per
1579 2517 1715 2561 carnis
1745 2519 1946 2564 amaritu-

565 2583 712 2629 dinem
746 2586 921 2631 intravit
945 2587 1033 2631 vita
1064 2586 1107 2630 in
1141 2603 1280 2645 cruce,
1316 2588 1360 2631 ὃς
1391 2585 1663 2648 aperiebatur
1693 2589 1822 2634 ianua
1853 2590 1945 2636 celi.

632 2659 754 2702 ltem:
781 2656 976 2720 Quidam
996 2657 1170 2702 rusticus
1195 2657 1371 2721 gulosus
1391 2657 1586 2703 comedit
1606 2658 1767 2720 pellem
1787 2664 1946 2706 ventris

564 2725 619 2772 de
643 2727 849 2773 intestinis
874 2726 1014 2788 bovis,
1037 2730 1082 2773 ὅ(
1102 2744 1289 2792 propter
1307 2729 1583 2775 tenacitatem
1607 2729 1730 2793 pellis
1749 2730 1949 2779 remanfit
