2216 3435
596 210 694 256 xxiv
1135 222 1430 256 PRAEFATIO.

595 382 670 412 tore
688 370 817 411 Libro
834 369 989 425 Duellij
1007 372 1046 423 (ξ
1073 368 1328 423 ΧΙΧ-ΧΧ);
1344 381 1356 402 ¹
1372 371 1555 424 proelium
1571 387 1663 412 vero
1688 373 1787 426 xvij
1800 373 1856 413 elie
1872 373 1977 426 maij,

593 437 679 490 xvij
697 438 751 477 die
772 437 1067 492 aprilisfae‘tum
1099 437 1183 492 eſje,
1204 436 1330 478 Liber
1352 436 1507 492 Duellij
1529 448 1711 479 memorat
1735 441 1781 491 (ξ
1803 438 1977 480 XXIV-

595 501 753 556 XXV).
792 503 830 542 Si
851 502 968 559 fidem
1004 503 1205 543 habeamus
1259 504 1404 543 auctori
1441 502 1629 555 Iohanni,
1674 505 1711 544 in
1743 514 1875 558 pugna
1911 505 1977 546 lxx

593 568 721 608 milites
750 568 900 623 hostium
909 568 1070 624 singulis
1099 568 1309 622 christianis
1327 568 1552 622 obstiterunt,
1576 569 1703 609 Liber
1734 579 1855 610 autem
1875 580 1979 611 notat

592 632 645 672 xl.
677 633 779 673 Idem
808 644 990 674 memorat
1009 641 1079 674 oete
1111 634 1228 674 millia
1251 635 1304 686 (ξ
1339 632 1557 686 XXVIII)
1580 634 1742 688 hostium,
1774 633 1976 678 Iohannes

593 713 685 738 vero
718 715 797 738 cum
834 699 972 740 Gestis
1012 699 1076 739 M.
1113 701 1157 739 δέ
1197 698 1238 739 P.
1272 701 1429 753 quinque
1466 701 1594 741 millia.
1634 700 1837 742 Iohannes
1880 717 1977 742 nun-

593 765 673 815 tiat,
699 766 901 822 epg‘scopum
918 764 1156 818 Hungariae,
1176 764 1435 823 Agrenensem,
1449 768 1516 807 xiv
1533 767 1588 807 die
1596 767 1819 824 septembris
1831 768 1976 807 domum

594 831 756 886 rediiffi,
777 831 965 884 quodiam
991 831 1019 883 ij
1038 831 1094 871 die
1107 831 1207 888 sept.
1225 832 1382 885 factum
1414 832 1499 886 effi,
1528 832 1655 873 Liber
1678 831 1833 887 Duellij
1858 833 1981 887 refert

596 898 636 949 (ξ
659 895 813 945 XLII).

645 963 780 1018 Quum
808 964 938 1017 igitur,
959 972 1042 1017 quot
1062 964 1106 1003 ἅθ’
1127 964 1256 1016 quibus
1271 974 1432 1017 quatuor
1461 967 1596 1019 nostrae
1625 966 1816 1006 relationes
1845 979 1977 1004 conve-

594 1029 703 1069 niant
720 1039 788 1070 aut
806 1030 1024 1087 discrepent,
1045 1031 1392 1085 morfiraverimus,
1414 1047 1509 1071 nunc
1530 1033 1657 1088 restat,
1686 1041 1726 1072 ut
1743 1033 1786 1072 de
1805 1031 1977 1089 ipsarum

596 1095 734 1148 origine
754 1097 987 1155 distmtemus.

647 1160 777 1201 Erant
781 1162 865 1218 fine
885 1162 993 1202 dubio
1022 1163 1059 1202 in
1081 1164 1212 1217 castris
1244 1163 1530 1218 clyrgstianorunz
1558 1163 1725 1203 nonnulli
1752 1162 1886 1214 clerici,
1916 1161 1980 1214 qui

595 1226 734 1280 molesto
755 1228 819 1267 otio
842 1228 906 1283 usi,
939 1238 1054 1279 notas,
1074 1229 1203 1268 diaria
1221 1231 1266 1269 δέ
1287 1229 1450 1284 epistolas
1458 1230 1685 1286 scriberent,
1718 1229 1847 1283 quibus
1876 1242 1933 1267 res
1954 1242 1978 1267 a

595 1292 804 1348 chrg'slianis
838 1296 950 1347 gestae
985 1295 1255 1334 continerentur
1288 1295 1371 1342 (A).
1406 1295 1466 1335 Ex
1495 1295 1548 1335 his
1578 1295 1694 1348 egitur
1728 1293 1982 1346 commentar&

596 1360 810 1400 accuratius
831 1359 993 1418 dlspofiti
1007 1361 1086 1415 post
1104 1362 1232 1400 urbem
1253 1370 1402 1415 captam
1423 1361 1638 1416 exstiterunt
1653 1361 1706 1408 (A
1724 1360 1772 1413 1).
1789 1359 1852 1399 Hi
1871 1374 1975 1411 vero,

594 1441 705 1479 quum
725 1425 920 1480 christiani
938 1425 1143 1465 hiemarent
1171 1426 1208 1465 in
1244 1428 1347 1477 urbe,
1370 1427 1610 1484 sermonibus
1629 1429 1673 1467 &⁹
1694 1425 1978 1466 narrationibus

595 1492 807 1545 aliquorum
832 1491 1131 1545 peregrinorum,
1165 1492 1396 1543 clericorum,
1428 1493 1586 1545 equitum
1617 1492 1717 1532 aucti
1744 1494 1788 1533 δ’
1819 1491 1977 1545 quodam

593 1558 694 1598 modo
726 1558 991 1615 *confifflisunt
1010 1557 1070 1603 (A
1099 1563 1148 1605 2).
1177 1557 1308 1611 Itaque
1341 1558 1534 1616 censemus,
1565 1559 1731 1613 primum
1774 1556 1901 1598 Gesta
1932 1555 1973 1596 P.

593 1622 809 1676 manaviſje
826 1639 866 1662 ex
879 1623 918 1662 A
936 1636 968 1674 Ι,
982 1639 1106 1676 eaque,
1119 1623 1202 1663 aliis
1215 1624 1528 1677 quoquefontibus
1539 1625 1623 1682 usa,
1636 1622 1765 1664 Gesta
1776 1621 1841 1662 M.
1852 1622 1976 1676 secuta

594 1688 688 1742 ff3
709 1705 750 1728 ex
771 1689 810 1728 A
832 1701 854 1729 2
871 1704 962 1728 vero
982 1686 1222 1739 Iohannem,
1235 1704 1317 1741 quae
1339 1690 1472 1743 reffert,
1487 1688 1661 1745 haustffl,
1674 1698 1782 1741 atque
1804 1704 1846 1727 ex
1860 1689 1978 1727 eodem

594 1753 770 1794 Librum
794 1753 949 1808 Duellij
974 1754 1197 1812 exscriptum
1218 1753 1303 1808 effi,
1323 1755 1507 1795 nonnullis
1527 1764 1647 1794 tamen
1678 1753 1823 1794 additis.
1850 1753 1979 1811 ⁴Quos-

594 1821 682 1860 dam
704 1829 825 1860 autem
846 1820 1143 1874 auetoresfontes
1163 1835 1258 1859 nunc
1280 1819 1428 1873 amiffos
1444 1819 1663 1874 cognoviffe,
1680 1833 1779 1858 nemo
1794 1818 1980 1872 negabit.2

594 1884 667 1924 Sed
684 1900 793 1936 nunc,
815 1900 898 1938 quae
907 1886 1064 1943 summa
1076 1883 1132 1940 stt
1149 1884 1413 1938 diffi’rtationis
1437 1886 1584 1940 nostrae,
1606 1884 1667 1925 hoc
1675 1883 1865 1943 schemate
1885 1899 1980 1923 com-

591 1950 827 2004 plefflamur:

644 2119 657 2139 1
688 2109 766 2140 Hoc
795 2105 912 2151 proelio
939 2105 1128 2140 Coradinus
1161 2105 1244 2139 emi-

592 2159 698 2194 nuiffe
715 2159 837 2194 dicitur
856 2159 915 2204 (cf.
932 2160 1038 2203 Gesta,
1059 2159 1167 2203 ᾅΧΧ),
1184 2158 1242 2203 qui

593 2215 713 2247 eodem
770 2207 921 2259 tempore
974 2213 1242 2258 Hierosolymam

595 2267 741 2301 subverti
752 2267 837 2300 iuffit
853 2267 905 2311 (A
912 2268 955 2300 bfi
967 2267 1144 2308 Schimah,
1155 2267 1243 2312 apud

592 2321 745 2362 Wilken,
763 2331 811 2363 vl,
832 2322 928 2366 237).

642 2389 660 2408 2
682 2373 811 2407 Matth.
839 2373 932 2407 Paris
959 2374 1095 2418 (Chron.
1119 2373 1245 2414 minor„

593 2428 644 2461 ed.
669 2427 837 2468 Madden,
854 2438 895 2469 11,
912 2427 994 2471 332)
1011 2435 1109 2460 notat
1125 2427 1243 2460 librum

593 2481 760 2526 quendam
776 2481 1061 2526 Templariorum‚
1077 2480 1245 2514 Burchar-

592 2535 654 2568 dus
670 2536 773 2576 (Mon.
789 2537 944 2568 German.
960 2537 1024 2576 58„
1037 2544 1145 2575 xxm,
1162 2534 1245 2578 380)

593 2588 687 2622 fonte
705 2588 809 2622 utitur
832 2589 942 2622 adhuc
960 2588 1097 2632 ignot0;
1128 2588 1159 2621 in
1179 2589 1247 2621 An-

1328 2105 1458 2139 nalibus
1480 2105 1752 2149 Marbacenfibus
1772 2106 1879 2149 (Mon.
1895 2107 1978 2139 Ger·

1329 2172 1414 2193 man.
1433 2160 1503 2201 SS„
1519 2170 1614 2201 xvn,
1642 2159 1724 2203 174)
1754 2159 1876 2193 citatur
1895 2171 1979 2204 opus

1327 2213 1498 2259 quoddam
1541 2213 1583 2246 de
1616 2212 1703 2246 bello
1744 2212 1776 2246 in
1814 2213 1979 2258 Aegypto

1327 2267 1429 2312 gesto,
1465 2267 1555 2311 quod
1585 2266 1616 2299 in
1651 2266 1795 2299 armario
1824 2268 1980 2300 Neubur·

1328 2320 1416 2365 genfi
1449 2319 1656 2362 affervetur3
1692 2319 1861 2353 Reinerus
1891 2321 1979 2354 Leo-

1329 2374 1447 2407 dienfis
1474 2375 1578 2415 (Mon.
1600 2375 1774 2415 German„
1799 2384 1877 2415 XVI,
1893 2374 1977 2416 676)

1329 2429 1359 2461 δι
1412 2428 1532 2460 εωξίοι·
1588 2427 1741 2460 Chronicz'
1791 2427 1979 2471 ‘Turonensis

1331 2479 1479 2524 (Recueil
1505 2482 1562 2513 des
1581 2479 1651 2524 hist,
1682 2481 1722 2513 de
1745 2479 1780 2512 la
1800 2479 1870 2522 Fr„
1887 2490 1978 2522 xvu,

1334 2533 1510 2577 300-302)
1548 2533 1700 2566 fontibus
1732 2539 1881 2574 utuntur,
1923 2531 1978 2577 qui

1331 2587 1410 2620 alibi
1431 2586 1550 2619 frustra
1568 2595 1778 2632 quaeruntur.
