2216 3435
621 227 709 260 222
1053 226 1191 259 BEDA
1230 226 1562 259 VENERABILIS

615 367 797 414 herbosa
820 371 865 414 &
890 368 1045 414 florida
1070 370 1147 414 soli
1170 370 1280 415 illius
1305 371 1363 416 est
1387 371 1580 433 qualitas.
1608 374 1650 417 ln
1678 373 1796 417 cuius
1821 373 1991 417 summo

614 441 786 498 vertice,
821 439 891 486 ubi
917 442 1135 486 Dominus
1161 440 1216 486 ad
1241 441 1357 487 celos
1387 441 1593 501 ascendit,
1624 445 1781 506 ecclefia
1805 447 1990 501 rotunda,

613 511 804 574 grandis,
832 528 970 558 ternas
996 529 1072 574 per
1111 513 1339 558 circuitum
1378 529 1613 559 cameratas
1647 513 1778 559 habet
1801 516 1993 577 porticus

613 583 796 646 desuper
832 599 977 628 textas
1018 584 1193 628 Interior
1218 599 1410 644 namque
1445 582 1603 629 domus
1630 600 1808 647 propter
1837 586 1994 631 Domi-

613 655 698 700 nici
723 655 919 716 corporis
944 671 1137 699 meatum
1159 655 1365 700 camerari
1390 657 1434 700 &
1459 656 1547 718 tegi
1570 672 1660 701 non
1681 657 1839 718 potuit,
1864 656 1996 703 altare

613 725 669 771 ad
715 728 929 772 orientem
973 726 1137 773 habens
1179 726 1361 790 angusto
1409 726 1598 772 culmine
1637 730 1910 789 protestum:
1951 730 1994 774 in

613 798 731 843 cuius
746 797 894 843 medio
915 798 1067 844 ultima
1082 798 1267 844 Domini
1285 798 1475 861 vestigia,
1498 799 1593 844 celo
1608 798 1791 861 desuper
1805 814 1997 861 patente,

613 867 685 914 ubi
714 868 919 926 ascendit,
946 870 1154 916 visuntur.
1180 871 1296 933 Qe,
1324 887 1426 915 cum
1451 871 1651 933 quotidie
1672 889 1697 917 a
1723 867 1997 916 credentibus

613 956 722 986 terra
756 942 942 1000 tollatur,
980 942 1263 989 nihilominus
1301 952 1508 989 manent⁰
1541 943 1818 1005 eandemque
1853 939 1998 987 adhuc

612 1012 671 1057 sui
706 1013 909 1076 speciem,
945 1015 1076 1060 veluti
1112 1013 1320 1077 impreffis
1355 1012 1520 1077 signata
1551 1014 1751 1077 vestigiis,
1791 1010 1999 1060 servant.‘’

611 1084 709 1129 l-lec
744 1086 855 1130 circa
897 1103 993 1131 erea
1024 1102 1120 1131 rota
1151 1087 1263 1131 iacet
1300 1086 1432 1147 usque
1467 1085 1523 1131 ad
1545 1087 1785 1132 cervicem⁶
1814 1085 1915 1143 alta,
1943 1082 1998 1129 ab

611 1156 769 1202 occasu
802 1155 965 1203 habens
991 1159 1236 1217 introitum,
1270 1156 1492 1220 pendente
1519 1156 1702 1220 desuper
1727 1158 1771 1202 in
1797 1155 1998 1202 trochleis

612 1245 775 1292 magna
803 1228 1008 1292 lampade
1040 1246 1219 1292 totaque
1252 1232 1382 1276 noffle
1417 1246 1469 1275 ac
1500 1228 1569 1275 die
1599 1229 1784 1274 lucente.
1813 1231 1857 1273 ln
1883 1227 1998 1272 occi-

609 1298 774 1346 dentali
799 1300 993 1346 eiusdem
1024 1299 1199 1347 ecclesie
1231 1317 1354 1364 parte
1388 1300 1567 1347 fenestre
1592 1304 1695 1346 od’to
1720 1299 1997 1361 totidemque

615 1391 638 1418 e
662 1374 843 1436 regione
867 1372 1094 1436 lampades
1123 1374 1165 1419 in
1194 1372 1366 1419 funibus
1404 1372 1646 1435 pendentes
1682 1372 1815 1434 usque
1840 1371 1998 1417 Hiero-

613 1444 830 1504 solymam
856 1462 933 1507 per
958 1445 1116 1490 vitrum
1149 1444 1332 1508 fulgent,
1358 1462 1543 1506 quarum
1566 1445 1639 1490 lux
1669 1443 1805 1489 corda
1832 1444 2001 1490 intuen-

614 1517 722 1561 tium
757 1533 859 1561 cum
894 1515 1087 1578 quadam
1122 1516 1340 1562 alacritate
1365 1518 1409 1561 ὃ(
1448 1517 1796 1579 ςοιῃρυηςᾞοηε
1824 1515 2000 1578 pavefa-

613 1604 708 1632 cere
749 1586 914 1633 dicitur.
946 1590 989 1632 ln
1015 1587 1085 1632 die
1111 1585 1368 1633 ascensionis
1394 1588 1630 1632 Dominice
1655 1605 1732 1650 per
1758 1603 1899 1633 annos
1921 1584 1999 1632 fin-

613 1659 764 1721 gulos,
800 1656 923 1704 missa
948 1661 1143 1721 perac}a‚
1180 1656 1312 1704 validi
1345 1656 1531 1703 flaminis
1557 1658 1750 1721 procella
1780 1657 2000 1703 desursum

614 1731 758 1776 venire
795 1730 1021 1776 consuevit
1059 1731 1103 1775 ὅ(
1140 1746 1321 1787 omnes,
1361 1731 1434 1791 qui
1464 1730 1508 1774 in
1549 1727 1724 1775 ecclesia
1767 1727 2000 1789 adfuerint,

614 1818 722 1847 terre
758 1801 1036 1864 prosternere.
1076 1802 1166 1845 Tot
1196 1799 1256 1845 ibi
1280 1800 1351 1846 illa
1388 1803 1519 1845 nodie
1557 1801 1729 1846 lucerne
1759 1799 1929 1860 ardent,
1955 1818 2001 1847 ut

614 1890 705 1920 non
738 1873 931 1919 illustrari
964 1888 1147 1932 tantum,
1184 1871 1256 1917 sed
1296 1874 1340 1917 &
1376 1872 1525 1918 ardere
1559 1889 1687 1918 mons
1711 1874 1756 1918 ὅ(
1782 1871 2000 1936 supposita

614 1945 713 1991 loca
738 1944 980 1990 videantur.
2044 2005 2047 2007 Δ

678 2016 723 2062 Et
740 2016 863 2062 huius
883 2013 1052 2061 basilice
1071 2015 1256 2079 figuram
1276 2033 1351 2079 pre
1371 2016 1508 2061 oculis
1535 2015 1773 2079 depingere
1790 2015 1998 2079 placuit.d

678 2091 994 2134 Monumentum
1020 2090 1161 2148 Laqari
1181 2087 1355 2134 ecclesia
1373 2087 1540 2134 ibidem
1559 2088 1766 2133 exstrusta
1791 2086 1996 2134 demons-

614 2175 694 2205 trat
722 2161 767 2206 ὃς
785 2159 1095 2204 monasterium
1115 2159 1297 2223 grande,
1318 2161 1360 2205 in
1387 2176 1549 2223 campo
1576 2157 1774 2221 quodam
1793 2158 1997 2205 Bethanie

614 2249 776 2294 magna
812 2231 1027 2277 olivarum
1064 2229 1164 2277 silva
1198 2230 1478 2276 circumdata.
1512 2230 1571 2276 Est
1612 2247 1758 2276 autem
1794 2229 1998 2277 Bethania

614 2300 868 2364 quindecim
892 2299 1033 2347 stadiis
1053 2300 1107 2347 ab
1127 2302 1408 2348 Hierusalem.
1436 2301 1575 2347 Tertia
1598 2318 1778 2363 quoque
1805 2299 1997 2347 eiusdem

614 2375 776 2418 montis
810 2373 865 2419 ad
901 2373 1128 2419 australem
1165 2373 1368 2419 Bethanie
1409 2390 1578 2436 partem
1618 2375 1776 2435 ecclefia
1813 2373 1886 2432 est,
1924 2371 1998 2418 ubi

614 2446 832 2491 Dominus
851 2461 951 2490 ante
969 2445 1210 2508 paffionem
1228 2444 1443 2508 discipulis
1468 2443 1522 2490 de
1541 2443 1610 2490 die
1626 2443 1771 2504 iudicij
1792 2444 1996 2506 loquitur.

662 2646 690 2666 a.
710 2633 768 2667 Ed.
785 2634 913 2677 Grets.;
942 2635 987 2667 al.
1007 2643 1130 2676 manet,
1154 2642 1190 2667 ut
1206 2635 1265 2676 W.‚
1350 2635 1450 2667 tieem
1470 2633 1532 2667 vel
1549 2645 1648 2675 cerv.,
1661 2633 1759 2666 etiam
1777 2641 1899 2667 tantum
1926 2645 1997 2666 ver-

618 2688 686 2723 Pa..
709 2689 760 2720 Pc.
784 2707 825 2712 -
847 2689 876 2721 b.
899 2689 955 2721 Ed.
978 2688 1066 2731 Bas,
1084 2688 1203 2730 Grets,
1221 2688 1264 2720 al.
1350 2688 1459 2721 ticeni.
1494 2707 1535 2712 —
1554 2688 1584 2721 d.
1614 2688 1705 2730 Deest
1728 2686 1855 2730 bastlice
1875 2688 1995 2732 figura

618 2741 733 2784 servat,
749 2749 784 2775 ut
796 2742 855 2783 W.‚
871 2743 940 2785 Pa„
956 2743 1005 2775 Pc.
1023 2761 1063 2766 —
1086 2753 1113 2776 c.
1128 2742 1180 2775 Al.
1195 2754 1266 2775 ver·
1340 2743 1419 2785 fere
1439 2741 1472 2774 in
1487 2741 1630 2775 omnibus
1650 2741 1710 2785 mff.
