<?xml version="1.0" encoding="UTF-8"?>
<!DOCTYPE html PUBLIC "-//W3C//DTD XHTML 1.0 Transitional//EN"
    "http://www.w3.org/TR/xhtml1/DTD/xhtml1-transitional.dtd">
<html xmlns="http://www.w3.org/1999/xhtml" xml:lang="en" lang="en">
 <head>
  <title>
</title>
<meta http-equiv="Content-Type" content="text/html;charset=utf-8" />
  <meta name='ocr-system' content='tesseract 3.04.00' />
  <meta name='ocr-capabilities' content='ocr_page ocr_carea ocr_par ocr_line ocrx_word'/>
</head>
<body>
  <div class='ocr_page' id='page_1' title='image "./p1itinerahierosoly1tobl_0339.png"; bbox 0 0 2216 3435; ppageno 0'>
   <div class='ocr_carea' id='block_1_1' title="bbox 0 0 24 3435">
    <p class='ocr_par' dir='ltr' id='par_1_1' title="bbox 0 0 24 3435">
     <span class='ocr_line' id='line_1_1' title="bbox 0 0 24 3435; baseline 0 0"><span class='ocrx_word' id='word_1_1' title='bbox 0 0 24 3435; x_wconf 95' lang='lat' dir='ltr'> </span> 
     </span>
    </p>
   </div>
   <div class='ocr_carea' id='block_1_2' title="bbox 562 295 1639 347">
    <p class='ocr_par' dir='ltr' id='par_1_2' title="bbox 562 295 1639 347">
     <span class='ocr_line' id='line_1_2' title="bbox 562 295 1639 347; baseline 0.002 -18"><span class='ocrx_word' id='word_1_2' title='bbox 562 295 942 329; x_wconf 90' lang='lat' dir='ltr'><strong>HODOEPORICON</strong></span> <span class='ocrx_word' id='word_1_3' title='bbox 978 297 1010 328; x_wconf 89' lang='lat' dir='ltr'>S.</span> <span class='ocrx_word' id='word_1_4' title='bbox 1050 296 1371 329; x_wconf 91' lang='lat' dir='ltr'>WILLIBALDI.</span> <span class='ocrx_word' id='word_1_5' title='bbox 1549 301 1639 347; x_wconf 88' lang='lat'>277</span> 
     </span>
    </p>
   </div>
   <div class='ocr_carea' id='block_1_3' title="bbox 267 438 1640 928">
    <p class='ocr_par' dir='ltr' id='par_1_3' title="bbox 267 438 1640 928">
     <span class='ocr_line' id='line_1_3' title="bbox 270 438 1638 497; baseline 0.001 -11"><span class='ocrx_word' id='word_1_6' title='bbox 270 441 436 486; x_wconf 85' lang='lat' dir='ltr'>mittere</span> <span class='ocrx_word' id='word_1_7' title='bbox 466 457 536 484; x_wconf 91' lang='lat' dir='ltr'>me</span> <span class='ocrx_word' id='word_1_8' title='bbox 560 438 678 497; x_wconf 86' lang='lat' dir='ltr'>libet,</span> <span class='ocrx_word' id='word_1_9' title='bbox 705 456 818 484; x_wconf 90' lang='lat' dir='ltr'>certe</span> <span class='ocrx_word' id='word_1_10' title='bbox 842 439 1139 486; x_wconf 87' lang='lat' dir='ltr'>contradicere</span> <span class='ocrx_word' id='word_1_11' title='bbox 1164 440 1270 485; x_wconf 85' lang='lat' dir='ltr'>mihi</span> <span class='ocrx_word' id='word_1_12' title='bbox 1299 441 1518 486; x_wconf 81' lang='lat' dir='ltr'>licentiam</span> <span class='ocrx_word' id='word_1_13' title='bbox 1547 460 1638 488; x_wconf 90' lang='lat' dir='ltr'>non</span> 
     </span>
     <span class='ocr_line' id='line_1_4' title="bbox 268 510 1638 573; baseline 0.001 -16"><span class='ocrx_word' id='word_1_14' title='bbox 268 510 397 557; x_wconf 91' lang='lat' dir='ltr'>habet</span> <span class='ocrx_word' id='word_1_15' title='bbox 420 526 501 555; x_wconf 92' lang='lat' dir='ltr'>nec</span> <span class='ocrx_word' id='word_1_16' title='bbox 525 510 795 572; x_wconf 88' lang='lat' dir='ltr'>potestatem.</span> <span class='ocrx_word' id='word_1_17' title='bbox 817 531 838 550; x_wconf 73' lang='grc' dir='ltr'><strong>υ</strong></span> <span class='ocrx_word' id='word_1_18' title='bbox 870 511 1202 573; x_wconf 88' lang='lat' dir='ltr'>Confestimque</span> <span class='ocrx_word' id='word_1_19' title='bbox 1234 527 1338 557; x_wconf 90' lang='lat' dir='ltr'>tunc</span> <span class='ocrx_word' id='word_1_20' title='bbox 1362 511 1638 558; x_wconf 87' lang='lat' dir='ltr'>Willibaldus</span> 
     </span>
     <span class='ocr_line' id='line_1_5' title="bbox 268 580 1639 644; baseline 0 -17"><span class='ocrx_word' id='word_1_21' title='bbox 268 581 392 627; x_wconf 87' lang='lat' dir='ltr'>sacris</span> <span class='ocrx_word' id='word_1_22' title='bbox 417 581 667 625; x_wconf 84' lang='lat' dir='ltr'>sermonum</span> <span class='ocrx_word' id='word_1_23' title='bbox 686 580 1053 627; x_wconf 78' lang='lat' dir='ltr'>exhortationibus</span> <span class='ocrx_word' id='word_1_24' title='bbox 1078 582 1335 627; x_wconf 78' lang='lat' dir='ltr'>consensum</span> <span class='ocrx_word' id='word_1_25' title='bbox 1359 598 1490 644; x_wconf 88' lang='lat' dir='ltr'>atque</span> <span class='ocrx_word' id='word_1_26' title='bbox 1514 582 1639 628; x_wconf 86' lang='lat' dir='ltr'>effec-</span> 
     </span>
     <span class='ocr_line' id='line_1_6' title="bbox 270 651 1640 714; baseline 0.001 -17"><span class='ocrx_word' id='word_1_27' title='bbox 270 669 363 697; x_wconf 86' lang='lat' dir='ltr'>tum</span> <span class='ocrx_word' id='word_1_28' title='bbox 385 651 426 696; x_wconf 88' lang='lat' dir='ltr'>se</span> <span class='ocrx_word' id='word_1_29' title='bbox 450 651 688 713; x_wconf 88' lang='lat' dir='ltr'>spontanee</span> <span class='ocrx_word' id='word_1_30' title='bbox 706 668 952 714; x_wconf 80' lang='lat' dir='ltr'>perpetrare</span> <span class='ocrx_word' id='word_1_31' title='bbox 971 652 1204 714; x_wconf 80' lang='lat' dir='ltr'>respondit.</span> <span class='ocrx_word' id='word_1_32' title='bbox 1230 652 1275 697; x_wconf 81' lang='lat' dir='ltr'>Et</span> <span class='ocrx_word' id='word_1_33' title='bbox 1294 670 1439 698; x_wconf 86' lang='lat' dir='ltr'>tamen</span> <span class='ocrx_word' id='word_1_34' title='bbox 1462 669 1553 698; x_wconf 91' lang='lat' dir='ltr'>non</span> <span class='ocrx_word' id='word_1_35' title='bbox 1573 655 1640 698; x_wconf 87' lang='lat' dir='ltr'>so-</span> 
     </span>
     <span class='ocr_line' id='line_1_7' title="bbox 267 720 1640 785; baseline 0.001 -17"><span class='ocrx_word' id='word_1_36' title='bbox 267 723 357 768; x_wconf 91' lang='lat' dir='ltr'>lum</span> <span class='ocrx_word' id='word_1_37' title='bbox 381 720 454 779; x_wconf 84' lang='lat' dir='ltr'>ibi,</span> <span class='ocrx_word' id='word_1_38' title='bbox 490 720 562 767; x_wconf 88' lang='lat' dir='ltr'>sed</span> <span class='ocrx_word' id='word_1_39' title='bbox 590 720 750 783; x_wconf 87' lang='lat' dir='ltr'>ubique</span> <span class='ocrx_word' id='word_1_40' title='bbox 774 723 817 766; x_wconf 90' lang='lat' dir='ltr'>in</span> <span class='ocrx_word' id='word_1_41' title='bbox 843 724 965 767; x_wconf 90' lang='lat' dir='ltr'>omni</span> <span class='ocrx_word' id='word_1_42' title='bbox 990 740 1197 768; x_wconf 87' lang='lat' dir='ltr'>terrarum</span> <span class='ocrx_word' id='word_1_43' title='bbox 1224 724 1342 780; x_wconf 79' lang='lat' dir='ltr'>loco,</span> <span class='ocrx_word' id='word_1_44' title='bbox 1374 741 1640 785; x_wconf 88' lang='lat' dir='ltr'>quocunque</span> 
     </span>
     <span class='ocr_line' id='line_1_8' title="bbox 267 791 1640 856; baseline 0.001 -17"><span class='ocrx_word' id='word_1_45' title='bbox 267 793 389 839; x_wconf 83' lang='lat' dir='ltr'>illum</span> <span class='ocrx_word' id='word_1_46' title='bbox 421 793 701 838; x_wconf 84' lang='lat' dir='ltr'>transmittere</span> <span class='ocrx_word' id='word_1_47' title='bbox 733 791 994 856; x_wconf 78' lang='lat' dir='ltr'>dignaretur,</span> <span class='ocrx_word' id='word_1_48' title='bbox 1037 793 1195 841; x_wconf 83' lang='lat' dir='ltr'>devote</span> <span class='ocrx_word' id='word_1_49' title='bbox 1228 793 1313 839; x_wconf 87' lang='lat' dir='ltr'>fine</span> <span class='ocrx_word' id='word_1_50' title='bbox 1342 792 1484 840; x_wconf 80' lang='lat' dir='ltr'>deside</span> <span class='ocrx_word' id='word_1_51' title='bbox 1519 793 1640 840; x_wconf 82' lang='lat' dir='ltr'>diffe-</span> 
     </span>
     <span class='ocr_line' id='line_1_9' title="bbox 267 862 1640 928; baseline 0.002 -20"><span class='ocrx_word' id='word_1_52' title='bbox 267 864 416 922; x_wconf 87' lang='lat' dir='ltr'>rentia,</span> <span class='ocrx_word' id='word_1_53' title='bbox 456 862 694 908; x_wconf 89' lang='lat' dir='ltr'>secundum</span> <span class='ocrx_word' id='word_1_54' title='bbox 731 863 800 908; x_wconf 90' lang='lat' dir='ltr'>sue</span> <span class='ocrx_word' id='word_1_55' title='bbox 836 863 1069 910; x_wconf 85' lang='lat' dir='ltr'>voluntatis</span> <span class='ocrx_word' id='word_1_56' title='bbox 1109 863 1346 923; x_wconf 82' lang='lat' dir='ltr'>arbitrium,</span> <span class='ocrx_word' id='word_1_57' title='bbox 1386 865 1427 910; x_wconf 92' lang='lat' dir='ltr'>se</span> <span class='ocrx_word' id='word_1_58' title='bbox 1458 882 1640 928; x_wconf 85' lang='lat' dir='ltr'>pergere</span> 
     </span>
    </p>
   </div>
   <div class='ocr_carea' id='block_1_4' title="bbox 268 932 528 997">
    <p class='ocr_par' dir='ltr' id='par_1_4' title="bbox 268 932 528 997">
     <span class='ocr_line' id='line_1_10' title="bbox 268 932 528 997; baseline 0.004 -18"><span class='ocrx_word' id='word_1_59' title='bbox 268 932 528 997; x_wconf 79' lang='lat' dir='ltr'>spondebat,</span> 
     </span>
    </p>
   </div>
   <div class='ocr_carea' id='block_1_5' title="bbox 272 1091 1638 1296">
    <p class='ocr_par' dir='ltr' id='par_1_5' title="bbox 272 1091 1638 1296">
     <span class='ocr_line' id='line_1_11' title="bbox 302 1091 1610 1152; baseline 0.001 -15"><span class='ocrx_word' id='word_1_60' title='bbox 302 1091 479 1138; x_wconf 84' lang='lat' dir='ltr'>XXXV.</span> <span class='ocrx_word' id='word_1_61' title='bbox 503 1095 714 1152; x_wconf 65' lang='lat' dir='ltr'>Profecffz‘o</span> <span class='ocrx_word' id='word_1_62' title='bbox 734 1095 888 1147; x_wconf 76' lang='lat' dir='ltr'>Lucam,</span> <span class='ocrx_word' id='word_1_63' title='bbox 909 1094 1103 1150; x_wconf 82' lang='lat' dir='ltr'>Ticinum,</span> <span class='ocrx_word' id='word_1_64' title='bbox 1126 1095 1326 1150; x_wconf 71' lang='grc' dir='ltr'>Ἐνίκῐανη,</span> <span class='ocrx_word' id='word_1_65' title='bbox 1350 1095 1384 1137; x_wconf 92' lang='lat' dir='ltr'><em>C</em></span> <span class='ocrx_word' id='word_1_66' title='bbox 1387 1111 1528 1149; x_wconf 76' lang='lat' dir='ltr'>artam,</span> <span class='ocrx_word' id='word_1_67' title='bbox 1555 1096 1610 1138; x_wconf 81' lang='lat' dir='ltr'>ad</span> 
     </span>
     <span class='ocr_line' id='line_1_12' title="bbox 272 1165 1638 1225; baseline 0.001 -18"><span class='ocrx_word' id='word_1_68' title='bbox 272 1165 500 1219; x_wconf 80' lang='lat' dir='ltr'>Odilonem,</span> <span class='ocrx_word' id='word_1_69' title='bbox 521 1165 574 1207; x_wconf 79' lang='lat' dir='ltr'>ad</span> <span class='ocrx_word' id='word_1_70' title='bbox 590 1165 781 1224; x_wconf 78' lang='lat' dir='ltr'>Suidger,</span> <span class='ocrx_word' id='word_1_71' title='bbox 803 1166 856 1208; x_wconf 80' lang='lat' dir='ltr'>ad</span> <span class='ocrx_word' id='word_1_72' title='bbox 866 1166 1072 1219; x_wconf 65' lang='lat' dir='ltr'>Linrhmd,</span> <span class='ocrx_word' id='word_1_73' title='bbox 1094 1165 1337 1225; x_wconf 67' lang='lat' dir='ltr'>adsanc‘lum</span> <span class='ocrx_word' id='word_1_74' title='bbox 1359 1167 1638 1224; x_wconf 68' lang='lat' dir='ltr'>Bonifacium,</span> 
     </span>
     <span class='ocr_line' id='line_1_13' title="bbox 546 1235 1382 1296; baseline 0.001 -18"><span class='ocrx_word' id='word_1_75' title='bbox 546 1238 709 1293; x_wconf 76' lang='lat' dir='ltr'>Eihstat‚</span> <span class='ocrx_word' id='word_1_76' title='bbox 736 1236 803 1278; x_wconf 84' lang='lat' dir='ltr'>ubi</span> <span class='ocrx_word' id='word_1_77' title='bbox 826 1235 982 1296; x_wconf 77' lang='lat' dir='ltr'>ecclefia</span> <span class='ocrx_word' id='word_1_78' title='bbox 1007 1237 1149 1279; x_wconf 60' lang='lat' dir='ltr'>semble</span> <span class='ocrx_word' id='word_1_79' title='bbox 1173 1237 1344 1280; x_wconf 55' lang='lat' dir='ltr'>Maria</span> <span class='ocrx_word' id='word_1_80' title='bbox 1364 1245 1382 1261; x_wconf 77' lang='lat'>‘¹</span> 
     </span>
    </p>
   </div>
   <div class='ocr_carea' id='block_1_6' title="bbox 261 1355 1642 2607">
    <p class='ocr_par' dir='ltr' id='par_1_6' title="bbox 261 1355 1642 2607">
     <span class='ocr_line' id='line_1_14' title="bbox 331 1355 1641 1420; baseline 0.002 -19"><span class='ocrx_word' id='word_1_81' title='bbox 331 1356 422 1401; x_wconf 89' lang='lat' dir='ltr'>Post</span> <span class='ocrx_word' id='word_1_82' title='bbox 436 1356 516 1401; x_wconf 91' lang='lat' dir='ltr'>hec</span> <span class='ocrx_word' id='word_1_83' title='bbox 534 1372 650 1415; x_wconf 86' lang='lat' dir='ltr'>tunc,</span> <span class='ocrx_word' id='word_1_84' title='bbox 673 1355 802 1401; x_wconf 77' lang='lat' dir='ltr'>finitis</span> <span class='ocrx_word' id='word_1_85' title='bbox 823 1357 1099 1401; x_wconf 86' lang='lat' dir='ltr'>oraculorum</span> <span class='ocrx_word' id='word_1_86' title='bbox 1120 1356 1286 1414; x_wconf 82' lang='lat' dir='ltr'>fabulis,</span> <span class='ocrx_word' id='word_1_87' title='bbox 1309 1356 1519 1420; x_wconf 82' lang='lat' dir='ltr'>pergebat</span> <span class='ocrx_word' id='word_1_88' title='bbox 1538 1356 1641 1403; x_wconf 91' lang='lat' dir='ltr'>inde</span> 
     </span>
     <span class='ocr_line' id='line_1_15' title="bbox 261 1425 1638 1488; baseline -0.001 -15"><span class='ocrx_word' id='word_1_89' title='bbox 261 1425 538 1473; x_wconf 87' lang='lat' dir='ltr'>Willibaldus</span> <span class='ocrx_word' id='word_1_90' title='bbox 563 1427 605 1471; x_wconf 84' lang='lat' dir='ltr'>in</span> <span class='ocrx_word' id='word_1_91' title='bbox 628 1427 797 1488; x_wconf 84' lang='lat' dir='ltr'>pascha,</span> <span class='ocrx_word' id='word_1_92' title='bbox 824 1428 898 1488; x_wconf 88' lang='lat' dir='ltr'>qui</span> <span class='ocrx_word' id='word_1_93' title='bbox 917 1427 1016 1472; x_wconf 82' lang='lat' dir='ltr'>illuc</span> <span class='ocrx_word' id='word_1_94' title='bbox 1040 1426 1240 1474; x_wconf 84' lang='lat' dir='ltr'>veniebat</span> <span class='ocrx_word' id='word_1_95' title='bbox 1265 1428 1308 1471; x_wconf 91' lang='lat' dir='ltr'>in</span> <span class='ocrx_word' id='word_1_96' title='bbox 1337 1428 1479 1472; x_wconf 88' lang='lat' dir='ltr'>natale</span> <span class='ocrx_word' id='word_1_97' title='bbox 1505 1428 1638 1472; x_wconf 71' lang='lat' dir='ltr'>san&lt;sti</span> 
     </span>
     <span class='ocr_line' id='line_1_16' title="bbox 264 1496 1636 1553; baseline 0 -10"><span class='ocrx_word' id='word_1_98' title='bbox 264 1497 452 1553; x_wconf 81' lang='lat' dir='ltr'>Andree,</span> <span class='ocrx_word' id='word_1_99' title='bbox 480 1499 525 1542; x_wconf 67' lang='grc' dir='ltr'>ὃς</span> <span class='ocrx_word' id='word_1_100' title='bbox 543 1496 829 1543; x_wconf 84' lang='lat' dir='ltr'>Tidberchtus</span> <span class='ocrx_word' id='word_1_101' title='bbox 846 1498 862 1526; x_wconf 69' lang='lat' dir='ltr'>b</span> <span class='ocrx_word' id='word_1_102' title='bbox 880 1497 1084 1543; x_wconf 87' lang='lat' dir='ltr'>manebat</span> <span class='ocrx_word' id='word_1_103' title='bbox 1107 1497 1166 1543; x_wconf 87' lang='lat' dir='ltr'>ibi</span> <span class='ocrx_word' id='word_1_104' title='bbox 1192 1498 1248 1543; x_wconf 87' lang='lat' dir='ltr'>ad</span> <span class='ocrx_word' id='word_1_105' title='bbox 1272 1499 1478 1544; x_wconf 57' lang='lat' dir='ltr'>sanetum</span> <span class='ocrx_word' id='word_1_106' title='bbox 1502 1499 1636 1543; x_wconf 89' lang='lat' dir='ltr'>Bene-</span> 
     </span>
     <span class='ocr_line' id='line_1_17' title="bbox 266 1567 1634 1631; baseline 0 -17"><span class='ocrx_word' id='word_1_107' title='bbox 266 1568 443 1614; x_wconf 66' lang='lat' dir='ltr'>ditstum.</span> <span class='ocrx_word' id='word_1_108' title='bbox 475 1567 520 1612; x_wconf 81' lang='lat' dir='ltr'>Et</span> <span class='ocrx_word' id='word_1_109' title='bbox 542 1567 743 1614; x_wconf 89' lang='lat' dir='ltr'>veniebat</span> <span class='ocrx_word' id='word_1_110' title='bbox 767 1568 823 1614; x_wconf 86' lang='lat' dir='ltr'>ad</span> <span class='ocrx_word' id='word_1_111' title='bbox 850 1572 1005 1626; x_wconf 79' lang='lat' dir='ltr'>Lucam,</span> <span class='ocrx_word' id='word_1_112' title='bbox 1033 1568 1106 1614; x_wconf 88' lang='lat' dir='ltr'>ubi</span> <span class='ocrx_word' id='word_1_113' title='bbox 1130 1585 1251 1631; x_wconf 85' lang='lat' dir='ltr'>pater</span> <span class='ocrx_word' id='word_1_114' title='bbox 1287 1570 1375 1614; x_wconf 83' lang='lat' dir='ltr'>eius</span> <span class='ocrx_word' id='word_1_115' title='bbox 1400 1570 1634 1630; x_wconf 83' lang='lat' dir='ltr'>requiesce-</span> 
     </span>
     <span class='ocr_line' id='line_1_18' title="bbox 264 1638 1642 1686; baseline 0.001 -2"><span class='ocrx_word' id='word_1_116' title='bbox 264 1638 350 1685; x_wconf 86' lang='lat' dir='ltr'>bat.</span> <span class='ocrx_word' id='word_1_117' title='bbox 383 1639 428 1683; x_wconf 81' lang='lat' dir='ltr'>Et</span> <span class='ocrx_word' id='word_1_118' title='bbox 450 1639 553 1684; x_wconf 89' lang='lat' dir='ltr'>inde</span> <span class='ocrx_word' id='word_1_119' title='bbox 576 1641 694 1685; x_wconf 88' lang='lat' dir='ltr'>venit</span> <span class='ocrx_word' id='word_1_120' title='bbox 724 1639 780 1684; x_wconf 84' lang='lat' dir='ltr'>ad</span> <span class='ocrx_word' id='word_1_121' title='bbox 805 1641 990 1684; x_wconf 64' lang='lat' dir='ltr'>‘Ticiniec</span> <span class='ocrx_word' id='word_1_122' title='bbox 1020 1639 1171 1686; x_wconf 85' lang='lat' dir='ltr'>urbem</span> <span class='ocrx_word' id='word_1_123' title='bbox 1200 1642 1244 1685; x_wconf 72' lang='grc' dir='ltr'>ὅς</span> <span class='ocrx_word' id='word_1_124' title='bbox 1271 1639 1373 1685; x_wconf 90' lang='lat' dir='ltr'>inde</span> <span class='ocrx_word' id='word_1_125' title='bbox 1403 1639 1458 1685; x_wconf 88' lang='lat' dir='ltr'>ad</span> <span class='ocrx_word' id='word_1_126' title='bbox 1490 1639 1642 1685; x_wconf 91' lang='lat' dir='ltr'>urbem</span> 
     </span>
     <span class='ocr_line' id='line_1_19' title="bbox 267 1708 1642 1773; baseline 0.001 -19"><span class='ocrx_word' id='word_1_127' title='bbox 267 1713 465 1755; x_wconf 67' lang='lat' dir='ltr'>Brixiam.</span> <span class='ocrx_word' id='word_1_128' title='bbox 503 1710 547 1755; x_wconf 81' lang='lat' dir='ltr'>Et</span> <span class='ocrx_word' id='word_1_129' title='bbox 571 1708 672 1755; x_wconf 90' lang='lat' dir='ltr'>inde</span> <span class='ocrx_word' id='word_1_130' title='bbox 705 1712 821 1755; x_wconf 87' lang='lat' dir='ltr'>venit</span> <span class='ocrx_word' id='word_1_131' title='bbox 853 1710 908 1756; x_wconf 92' lang='lat' dir='ltr'>ad</span> <span class='ocrx_word' id='word_1_132' title='bbox 932 1711 1095 1767; x_wconf 78' lang='lat' dir='ltr'>locum,</span> <span class='ocrx_word' id='word_1_133' title='bbox 1135 1712 1208 1773; x_wconf 84' lang='lat' dir='ltr'>qui</span> <span class='ocrx_word' id='word_1_134' title='bbox 1246 1711 1400 1757; x_wconf 89' lang='lat' dir='ltr'>dicitur</span> <span class='ocrx_word' id='word_1_135' title='bbox 1425 1714 1564 1756; x_wconf 81' lang='lat' dir='ltr'>Carta.</span> <span class='ocrx_word' id='word_1_136' title='bbox 1598 1711 1642 1755; x_wconf 82' lang='lat' dir='ltr'>Et</span> 
     </span>
     <span class='ocr_line' id='line_1_20' title="bbox 267 1780 1641 1839; baseline 0 -12"><span class='ocrx_word' id='word_1_137' title='bbox 267 1798 369 1827; x_wconf 86' lang='lat' dir='ltr'>tunc</span> <span class='ocrx_word' id='word_1_138' title='bbox 390 1783 506 1826; x_wconf 86' lang='lat' dir='ltr'>venit</span> <span class='ocrx_word' id='word_1_139' title='bbox 539 1780 595 1825; x_wconf 86' lang='lat' dir='ltr'>ad</span> <span class='ocrx_word' id='word_1_140' title='bbox 625 1780 783 1827; x_wconf 84' lang='lat' dir='ltr'>ducem</span> <span class='ocrx_word' id='word_1_141' title='bbox 804 1781 1064 1839; x_wconf 64' lang='lat' dir='ltr'>(Milonem,</span> <span class='ocrx_word' id='word_1_142' title='bbox 1091 1785 1135 1828; x_wconf 74' lang='grc' dir='ltr'>ὅ(</span> <span class='ocrx_word' id='word_1_143' title='bbox 1166 1781 1225 1827; x_wconf 87' lang='lat' dir='ltr'>ibi</span> <span class='ocrx_word' id='word_1_144' title='bbox 1251 1782 1366 1828; x_wconf 85' lang='lat' dir='ltr'>fuitd</span> <span class='ocrx_word' id='word_1_145' title='bbox 1381 1800 1513 1828; x_wconf 88' lang='lat' dir='ltr'>unam</span> <span class='ocrx_word' id='word_1_146' title='bbox 1539 1780 1641 1827; x_wconf 91' lang='lat' dir='ltr'>heb—</span> 
     </span>
     <span class='ocr_line' id='line_1_21' title="bbox 267 1851 1642 1916; baseline 0 -19"><span class='ocrx_word' id='word_1_147' title='bbox 267 1851 519 1898; x_wconf 88' lang='lat' dir='ltr'>domadam.</span> <span class='ocrx_word' id='word_1_148' title='bbox 546 1851 590 1896; x_wconf 81' lang='lat' dir='ltr'>Et</span> <span class='ocrx_word' id='word_1_149' title='bbox 620 1851 722 1897; x_wconf 86' lang='lat' dir='ltr'>inde</span> <span class='ocrx_word' id='word_1_150' title='bbox 748 1854 867 1897; x_wconf 86' lang='lat' dir='ltr'>venit</span> <span class='ocrx_word' id='word_1_151' title='bbox 897 1852 952 1897; x_wconf 88' lang='lat' dir='ltr'>ad</span> <span class='ocrx_word' id='word_1_152' title='bbox 980 1854 1257 1916; x_wconf 81' lang='lat' dir='ltr'>Suitgarium,</span> <span class='ocrx_word' id='word_1_153' title='bbox 1282 1856 1326 1899; x_wconf 73' lang='grc' dir='ltr'>ἃ</span> <span class='ocrx_word' id='word_1_154' title='bbox 1350 1853 1409 1899; x_wconf 86' lang='lat' dir='ltr'>ibi</span> <span class='ocrx_word' id='word_1_155' title='bbox 1435 1854 1512 1898; x_wconf 88' lang='lat' dir='ltr'>fuit</span> <span class='ocrx_word' id='word_1_156' title='bbox 1541 1870 1642 1898; x_wconf 89' lang='lat' dir='ltr'>cum</span> 
     </span>
     <span class='ocr_line' id='line_1_22' title="bbox 270 1921 1642 1985; baseline 0 -17"><span class='ocrx_word' id='word_1_157' title='bbox 270 1924 344 1969; x_wconf 83' lang='lat' dir='ltr'>illo</span> <span class='ocrx_word' id='word_1_158' title='bbox 364 1940 496 1968; x_wconf 88' lang='lat' dir='ltr'>unam</span> <span class='ocrx_word' id='word_1_159' title='bbox 516 1921 856 1967; x_wconf 86' lang='lat' dir='ltr'>hebdomadam.</span> <span class='ocrx_word' id='word_1_160' title='bbox 879 1923 924 1968; x_wconf 80' lang='lat' dir='ltr'>Et</span> <span class='ocrx_word' id='word_1_161' title='bbox 942 1923 1043 1969; x_wconf 90' lang='lat' dir='ltr'>inde</span> <span class='ocrx_word' id='word_1_162' title='bbox 1075 1940 1348 1985; x_wconf 82' lang='lat' dir='ltr'>perrexerunt</span> <span class='ocrx_word' id='word_1_163' title='bbox 1367 1924 1421 1969; x_wconf 87' lang='lat' dir='ltr'>ad</span> <span class='ocrx_word' id='word_1_164' title='bbox 1442 1923 1642 1969; x_wconf 86' lang='lat' dir='ltr'>Linthard</span> 
     </span>
     <span class='ocr_line' id='line_1_23' title="bbox 272 1992 1642 2056; baseline -0.001 -16"><span class='ocrx_word' id='word_1_165' title='bbox 272 1995 526 2056; x_wconf 58' lang='lat' dir='ltr'>Suitgariuse</span> <span class='ocrx_word' id='word_1_166' title='bbox 551 1995 595 2038; x_wconf 69' lang='grc' dir='ltr'>ὃς</span> <span class='ocrx_word' id='word_1_167' title='bbox 612 1992 890 2038; x_wconf 77' lang='lat' dir='ltr'>willibaldus</span> <span class='ocrx_word' id='word_1_168' title='bbox 913 1994 968 2039; x_wconf 90' lang='lat' dir='ltr'>ad</span> <span class='ocrx_word' id='word_1_169' title='bbox 990 1995 1184 2040; x_wconf 55' lang='lat' dir='ltr'>sanetum</span> <span class='ocrx_word' id='word_1_170' title='bbox 1202 1996 1485 2040; x_wconf 83' lang='lat' dir='ltr'>Bonifacium.</span> <span class='ocrx_word' id='word_1_171' title='bbox 1502 1995 1546 2040; x_wconf 82' lang='lat' dir='ltr'>Et</span> <span class='ocrx_word' id='word_1_172' title='bbox 1565 1995 1642 2039; x_wconf 85' lang='lat' dir='ltr'>mi-</span> 
     </span>
     <span class='ocr_line' id='line_1_24' title="bbox 267 2064 1640 2127; baseline 0.001 -17"><span class='ocrx_word' id='word_1_173' title='bbox 267 2064 313 2110; x_wconf 80' lang='lat' dir='ltr'>sit</span> <span class='ocrx_word' id='word_1_174' title='bbox 330 2065 426 2110; x_wconf 87' lang='lat' dir='ltr'>illos</span> <span class='ocrx_word' id='word_1_175' title='bbox 447 2064 611 2109; x_wconf 51' lang='lat' dir='ltr'>sanetus</span> <span class='ocrx_word' id='word_1_176' title='bbox 626 2064 867 2109; x_wconf 84' lang='lat' dir='ltr'>Bonifacius</span> <span class='ocrx_word' id='word_1_177' title='bbox 886 2064 941 2109; x_wconf 83' lang='lat' dir='ltr'>ad</span> <span class='ocrx_word' id='word_1_178' title='bbox 960 2069 1124 2125; x_wconf 63' lang='lat' dir='ltr'>Eilzsiat,</span> <span class='ocrx_word' id='word_1_179' title='bbox 1147 2081 1192 2110; x_wconf 86' lang='lat' dir='ltr'>ut</span> <span class='ocrx_word' id='word_1_180' title='bbox 1214 2065 1376 2111; x_wconf 87' lang='lat' dir='ltr'>videret</span> <span class='ocrx_word' id='word_1_181' title='bbox 1408 2065 1640 2127; x_wconf 86' lang='lat' dir='ltr'>quomodo</span> 
     </span>
     <span class='ocr_line' id='line_1_25' title="bbox 268 2126 1641 2199; baseline 0 -18"><span class='ocrx_word' id='word_1_182' title='bbox 268 2135 341 2181; x_wconf 79' lang='lat' dir='ltr'>fibi</span> <span class='ocrx_word' id='word_1_183' title='bbox 367 2126 566 2198; x_wconf 67' lang='lat' dir='ltr'>piaceret.</span> <span class='ocrx_word' id='word_1_184' title='bbox 609 2135 725 2180; x_wconf 86' lang='lat' dir='ltr'>Illam</span> <span class='ocrx_word' id='word_1_185' title='bbox 757 2138 983 2198; x_wconf 84' lang='lat' dir='ltr'>regionem</span> <span class='ocrx_word' id='word_1_186' title='bbox 1008 2135 1158 2181; x_wconf 80' lang='lat' dir='ltr'>Eihstat</span> <span class='ocrx_word' id='word_1_187' title='bbox 1182 2137 1412 2199; x_wconf 82' lang='lat' dir='ltr'>Suitgarius</span> <span class='ocrx_word' id='word_1_188' title='bbox 1438 2136 1641 2181; x_wconf 85' lang='lat' dir='ltr'>tradiditf</span> 
     </span>
     <span class='ocr_line' id='line_1_26' title="bbox 266 2205 1641 2264; baseline 0 -12"><span class='ocrx_word' id='word_1_189' title='bbox 266 2208 413 2252; x_wconf 55' lang='lat' dir='ltr'>saneto</span> <span class='ocrx_word' id='word_1_190' title='bbox 439 2206 677 2260; x_wconf 78' lang='lat' dir='ltr'>BonifaciO,</span> <span class='ocrx_word' id='word_1_191' title='bbox 702 2207 745 2250; x_wconf 91' lang='lat' dir='ltr'>in</span> <span class='ocrx_word' id='word_1_192' title='bbox 776 2205 1097 2252; x_wconf 89' lang='lat' dir='ltr'>redemtionem</span> <span class='ocrx_word' id='word_1_193' title='bbox 1123 2209 1267 2252; x_wconf 87' lang='lat' dir='ltr'>anime</span> <span class='ocrx_word' id='word_1_194' title='bbox 1292 2208 1379 2264; x_wconf 79' lang='lat' dir='ltr'>sue,</span> <span class='ocrx_word' id='word_1_195' title='bbox 1406 2209 1450 2252; x_wconf 68' lang='grc' dir='ltr'>ὃς</span> <span class='ocrx_word' id='word_1_196' title='bbox 1475 2208 1641 2253; x_wconf 64' lang='grc' dir='ltr'>[ειηόὶυε</span> 
     </span>
     <span class='ocr_line' id='line_1_27' title="bbox 265 2275 1641 2339; baseline 0.001 -16"><span class='ocrx_word' id='word_1_197' title='bbox 265 2277 509 2323; x_wconf 79' lang='lat' dir='ltr'>Bonifacius</span> <span class='ocrx_word' id='word_1_198' title='bbox 535 2275 730 2322; x_wconf 86' lang='lat' dir='ltr'>tradebat</span> <span class='ocrx_word' id='word_1_199' title='bbox 748 2277 895 2322; x_wconf 89' lang='lat' dir='ltr'>nostro</span> <span class='ocrx_word' id='word_1_200' title='bbox 921 2278 1131 2339; x_wconf 82' lang='lat' dir='ltr'>episcopo</span> <span class='ocrx_word' id='word_1_201' title='bbox 1153 2277 1412 2323; x_wconf 79' lang='lat' dir='ltr'>willibaldo</span> <span class='ocrx_word' id='word_1_202' title='bbox 1438 2278 1553 2323; x_wconf 82' lang='lat' dir='ltr'>illam</span> <span class='ocrx_word' id='word_1_203' title='bbox 1580 2297 1641 2324; x_wconf 89' lang='lat' dir='ltr'>re-</span> 
     </span>
     <span class='ocr_line' id='line_1_28' title="bbox 266 2346 1641 2412; baseline 0.001 -19"><span class='ocrx_word' id='word_1_204' title='bbox 266 2350 461 2412; x_wconf 80' lang='lat' dir='ltr'>gionem,</span> <span class='ocrx_word' id='word_1_205' title='bbox 487 2365 572 2409; x_wconf 86' lang='lat' dir='ltr'>que</span> <span class='ocrx_word' id='word_1_206' title='bbox 596 2346 739 2392; x_wconf 86' lang='lat' dir='ltr'>adhuc</span> <span class='ocrx_word' id='word_1_207' title='bbox 761 2364 850 2393; x_wconf 85' lang='lat' dir='ltr'>erat</span> <span class='ocrx_word' id='word_1_208' title='bbox 886 2364 977 2392; x_wconf 83' lang='lat' dir='ltr'>tota</span> <span class='ocrx_word' id='word_1_209' title='bbox 997 2349 1173 2406; x_wconf 78' lang='lat' dir='ltr'>vastata,</span> <span class='ocrx_word' id='word_1_210' title='bbox 1200 2350 1255 2394; x_wconf 88' lang='lat' dir='ltr'>ita</span> <span class='ocrx_word' id='word_1_211' title='bbox 1283 2365 1327 2393; x_wconf 88' lang='lat' dir='ltr'>ut</span> <span class='ocrx_word' id='word_1_212' title='bbox 1349 2349 1463 2393; x_wconf 85' lang='lat' dir='ltr'>nulla</span> <span class='ocrx_word' id='word_1_213' title='bbox 1484 2348 1641 2394; x_wconf 88' lang='lat' dir='ltr'>domus</span> 
     </span>
     <span class='ocr_line' id='line_1_29' title="bbox 266 2417 1642 2481; baseline 0 -16"><span class='ocrx_word' id='word_1_214' title='bbox 266 2419 323 2465; x_wconf 84' lang='lat' dir='ltr'>ibi</span> <span class='ocrx_word' id='word_1_215' title='bbox 353 2417 497 2477; x_wconf 40' lang='lat' dir='ltr'>essetf&amp;r</span> <span class='ocrx_word' id='word_1_216' title='bbox 522 2417 595 2463; x_wconf 78' lang='lat' dir='ltr'>nisi</span> <span class='ocrx_word' id='word_1_217' title='bbox 627 2418 696 2463; x_wconf 84' lang='lat' dir='ltr'>illa</span> <span class='ocrx_word' id='word_1_218' title='bbox 725 2417 899 2464; x_wconf 78' lang='lat' dir='ltr'>ecclefia</span> <span class='ocrx_word' id='word_1_219' title='bbox 925 2420 1079 2465; x_wconf 66' lang='lat' dir='ltr'>Sand‘te</span> <span class='ocrx_word' id='word_1_220' title='bbox 1105 2421 1251 2477; x_wconf 83' lang='lat' dir='ltr'>Marie,</span> <span class='ocrx_word' id='word_1_221' title='bbox 1284 2437 1368 2481; x_wconf 85' lang='lat' dir='ltr'>que</span> <span class='ocrx_word' id='word_1_222' title='bbox 1393 2419 1534 2465; x_wconf 85' lang='lat' dir='ltr'>adhuc</span> <span class='ocrx_word' id='word_1_223' title='bbox 1564 2422 1642 2465; x_wconf 87' lang='lat' dir='ltr'>stat</span> 
     </span>
     <span class='ocr_line' id='line_1_30' title="bbox 266 2488 1642 2553; baseline 0.002 -20"><span class='ocrx_word' id='word_1_224' title='bbox 266 2488 339 2547; x_wconf 87' lang='lat' dir='ltr'>ibi,</span> <span class='ocrx_word' id='word_1_225' title='bbox 371 2490 513 2534; x_wconf 88' lang='lat' dir='ltr'>minor</span> <span class='ocrx_word' id='word_1_226' title='bbox 538 2507 671 2551; x_wconf 89' lang='lat' dir='ltr'>quam</span> <span class='ocrx_word' id='word_1_227' title='bbox 697 2490 779 2535; x_wconf 86' lang='lat' dir='ltr'>alia</span> <span class='ocrx_word' id='word_1_228' title='bbox 811 2489 999 2548; x_wconf 78' lang='lat' dir='ltr'>ecclesia,</span> <span class='ocrx_word' id='word_1_229' title='bbox 1036 2507 1168 2552; x_wconf 87' lang='lat' dir='ltr'>quam</span> <span class='ocrx_word' id='word_1_230' title='bbox 1192 2491 1341 2553; x_wconf 86' lang='lat' dir='ltr'>postea</span> <span class='ocrx_word' id='word_1_231' title='bbox 1364 2490 1642 2536; x_wconf 74' lang='lat' dir='ltr'>willibaldus</span> 
     </span>
     <span class='ocr_line' id='line_1_31' title="bbox 266 2558 651 2607; baseline 0.005 -3"><span class='ocrx_word' id='word_1_232' title='bbox 266 2558 325 2605; x_wconf 85' lang='lat' dir='ltr'>ibi</span> <span class='ocrx_word' id='word_1_233' title='bbox 350 2561 651 2607; x_wconf 85' lang='lat' dir='ltr'>construxerat.</span> 
     </span>
    </p>
   </div>
   <div class='ocr_carea' id='block_1_7' title="bbox 265 2737 1640 2836">
    <p class='ocr_par' dir='ltr' id='par_1_7' title="bbox 265 2737 1640 2836">
     <span class='ocr_line' id='line_1_32' title="bbox 311 2737 1640 2782; baseline 0.001 -13"><span class='ocrx_word' id='word_1_234' title='bbox 311 2749 341 2771; x_wconf 83' lang='lat' dir='ltr'>a.</span> <span class='ocrx_word' id='word_1_235' title='bbox 360 2737 485 2770; x_wconf 79' lang='lat' dir='ltr'>‘Titulus</span> <span class='ocrx_word' id='word_1_236' title='bbox 499 2739 530 2770; x_wconf 82' lang='lat' dir='ltr'>d.</span> <span class='ocrx_word' id='word_1_237' title='bbox 545 2738 577 2770; x_wconf 88' lang='lat' dir='ltr'>in</span> <span class='ocrx_word' id='word_1_238' title='bbox 590 2739 635 2777; x_wconf 58' lang='lat' dir='ltr'>P„</span> <span class='ocrx_word' id='word_1_239' title='bbox 647 2738 718 2770; x_wconf 98' lang='lat' dir='ltr'>Mb.</span> <span class='ocrx_word' id='word_1_240' title='bbox 730 2758 774 2762; x_wconf 84' lang='lat'>—</span> <span class='ocrx_word' id='word_1_241' title='bbox 789 2738 820 2770; x_wconf 96' lang='lat' dir='ltr'>b.</span> <span class='ocrx_word' id='word_1_242' title='bbox 836 2739 904 2771; x_wconf 89' lang='lat' dir='ltr'>Mb.</span> <span class='ocrx_word' id='word_1_243' title='bbox 1039 2739 1069 2770; x_wconf 90' lang='lat' dir='ltr'>d.</span> <span class='ocrx_word' id='word_1_244' title='bbox 1086 2739 1155 2771; x_wconf 73' lang='lat' dir='ltr'>Mb.</span> <span class='ocrx_word' id='word_1_245' title='bbox 1175 2746 1254 2770; x_wconf 84' lang='lat' dir='ltr'>erat.</span> <span class='ocrx_word' id='word_1_246' title='bbox 1280 2757 1321 2762; x_wconf 88' lang='lat'>-—</span> <span class='ocrx_word' id='word_1_247' title='bbox 1339 2750 1365 2771; x_wconf 87' lang='lat' dir='ltr'>e.</span> <span class='ocrx_word' id='word_1_248' title='bbox 1384 2739 1453 2771; x_wconf 89' lang='lat' dir='ltr'>Mb.</span> <span class='ocrx_word' id='word_1_249' title='bbox 1475 2738 1640 2782; x_wconf 84' lang='lat' dir='ltr'>Suithgar.</span> 
     </span>
     <span class='ocr_line' id='line_1_33' title="bbox 265 2789 1639 2836; baseline 0.002 -14"><span class='ocrx_word' id='word_1_250' title='bbox 265 2789 461 2824; x_wconf 81' lang='lat' dir='ltr'>Tidbertus.</span> <span class='ocrx_word' id='word_1_251' title='bbox 479 2810 524 2814; x_wconf 90' lang='lat'>—</span> <span class='ocrx_word' id='word_1_252' title='bbox 544 2801 573 2823; x_wconf 93' lang='lat' dir='ltr'>c.</span> <span class='ocrx_word' id='word_1_253' title='bbox 596 2790 668 2824; x_wconf 86' lang='lat' dir='ltr'>Mb.</span> <span class='ocrx_word' id='word_1_254' title='bbox 688 2789 842 2824; x_wconf 82' lang='lat' dir='ltr'>Tichine.</span> <span class='ocrx_word' id='word_1_255' title='bbox 993 2812 1036 2816; x_wconf 93' lang='lat'><em>—</em></span> <span class='ocrx_word' id='word_1_256' title='bbox 1056 2791 1076 2824; x_wconf 85' lang='lat' dir='ltr'>f.</span> <span class='ocrx_word' id='word_1_257' title='bbox 1087 2792 1156 2825; x_wconf 88' lang='lat' dir='ltr'>Mb.</span> <span class='ocrx_word' id='word_1_258' title='bbox 1173 2792 1336 2825; x_wconf 82' lang='lat' dir='ltr'>tradebat.</span> <span class='ocrx_word' id='word_1_259' title='bbox 1350 2811 1395 2815; x_wconf 90' lang='lat'><strong>—</strong></span> <span class='ocrx_word' id='word_1_260' title='bbox 1411 2803 1443 2836; x_wconf 87' lang='lat' dir='ltr'>g.</span> <span class='ocrx_word' id='word_1_261' title='bbox 1464 2792 1536 2824; x_wconf 85' lang='lat' dir='ltr'>Mb.</span> <span class='ocrx_word' id='word_1_262' title='bbox 1558 2800 1639 2825; x_wconf 84' lang='lat' dir='ltr'>erat.</span> 
     </span>
    </p>
   </div>
  </div>
 </body>
</html>
