2216 3435
526 228 620 280 374
1061 231 1359 266 ANToN1Nus

521 375 590 415 {ibi
613 387 927 417 monumentum
950 377 1056 418 fecit.
1080 376 1266 417 Miliario
1283 377 1398 420 semis
1416 379 1465 420 de
1478 393 1497 411 a
1510 380 1694 421 Bethleem
1711 382 1750 421 in
1769 382 1908 423 subur-

522 434 620 474 biob
636 435 767 475 iacent
785 435 920 476 David
944 436 982 477 δι
1003 436 1197 476 Salomon
1218 436 1324 478 filius
1354 439 1454 490 eius,
1475 439 1514 480 δι
1543 440 1772 494 appellatur
1793 441 1908 482 locus

522 493 589 533 ille
602 494 758 549 bastlica
774 495 897 535 Sanni
908 496 1060 536 David.
1078 496 1146 536 Set
1161 495 1200 536 δε
1217 497 1402 549 infantes,
1419 513 1521 552 quos
1539 500 1691 540 occidit
1705 501 1909 553 Herodes,

522 552 560 592 in
586 553 667 606 ipso
692 553 786 595 loco
812 556 962 596 habent
992 555 1216 609 sepulchra,
1237 556 1276 597 δε
1305 572 1448 598 omnes
1476 560 1514 598 in
1538 573 1616 600 una
1651 560 1910 614 requiescunt

521 611 660 664 domO,
681 613 720 654 &
741 616 979 668 aperiuntur
1000 630 1145 655 eorum
1167 628 1473 669 monumenta,c
1497 618 1536 658 &
1556 619 1747 659 videntur
1763 634 1909 659 eorum

521 670 654 712 saneta
674 673 764 713 offa.
788 675 898 714 Ante
914 675 1098 714 Bethleem
1120 674 1176 715 est
1197 676 1500 728 monasterium,
1530 693 1648 718 muro
1670 679 1867 730 cinctum,
1891 681 1912 710 d

521 731 560 770 in
577 746 659 784 quo
687 733 743 772 est
774 732 995 773 multitudo
1027 734 1339 774 monachorum.
1376 735 1444 775 De
1482 736 1666 776 Bethleem
1702 737 1825 791 usque
1859 737 1907 778 ad

517 790 657 830 ilie-eme
681 790 870 832 Mambre
904 791 990 831 sunt
1022 792 1133 832 milia
1162 793 1291 846 xxiiij.
1321 792 1368 834 ln
1401 810 1483 848 quo
1515 795 1608 835 loco
1651 796 1909 849 requiescunt

522 849 745 902 Abraham,
759 851 902 903 Ysaac,
923 850 1047 892 Iacob
1070 852 1108 893 &
1139 853 1233 893 Sare
1264 851 1380 893 fimul
1411 854 1449 894 δε
1470 853 1615 908 Ioseph
1647 854 1738 895 offa.
1761 855 1831 896 Est
1853 857 1905 896 ibi

521 908 678 949 balilica
698 910 885 951 edificata
908 913 945 951 in
968 912 1203 966 quadrumf
1221 913 1259 953 &
1280 914 1429 953 atrium
1452 914 1491 953 in
1515 915 1652 954 medio
1674 914 1909 968 discooper-

520 979 620 1020 tum,
641 970 679 1010 δε
701 985 772 1023 per
794 971 975 1011 medium
991 971 1220 1011 cancellum
1241 987 1291 1012 ex
1323 988 1405 1013 uno
1430 973 1555 1015 latere
1587 975 1738 1014 intrant
1770 974 1910 1016 Chris-

519 1029 631 1080 tiani,
651 1044 699 1069 ex
724 1029 853 1070 altero
875 1045 972 1070 vero
999 1029 1129 1083 Iudei,
1157 1031 1317 1072 incensa
1351 1033 1610 1074 deferentesg
1626 1033 1764 1074 multa.
1797 1034 1908 1074 Nam

519 1087 724 1142 depoficio
742 1088 866 1129 Iacob
883 1089 922 1130 &
940 1090 1076 1130 David
1095 1091 1135 1130 in
1150 1091 1275 1131 tercia
1288 1095 1304 1122 lt
1320 1091 1387 1132 illa
1399 1092 1464 1132 die
1478 1093 1618 1145 primo>
1632 1092 1720 1146 post
1731 1093 1910 1133 natalem

521 1148 694 1188 Domini
723 1149 974 1189 devotiffime
1000 1151 1050 1190 ab
1084 1151 1275 1191 omnibus
1305 1151 1548 1202 celebratur,
1570 1152 1624 1192 ita
1654 1162 1698 1192 ut
1726 1167 1775 1192 ex
1796 1153 1909 1193 omni

519 1216 626 1247 terra
653 1205 878 1247 Iudeorum
907 1211 1126 1249 conveniat
1147 1209 1382 1261 multitudo,
1413 1210 1574 1250 incensa
1595 1210 1823 1252 deferentes
1844 1211 1909 1251 vel

520 1266 747 1318 luminaria,
768 1267 806 1307 &
831 1267 928 1308 dant
949 1282 1119 1308 munera
1149 1268 1188 1309 &
1215 1268 1415 1312 serviunti
1438 1269 1603 1309 ibidem.

572 1325 677 1366 Item
712 1337 962 1368 revertentes
998 1327 1092 1381 perj
1116 1328 1339 1387 Ierusalem,
1366 1328 1647 1370 descendimus
1682 1344 1753 1383 per
1787 1330 1910 1381 viam,

519 1401 598 1440 que
615 1386 726 1426 vadit
749 1386 906 1427 Gazam
927 1387 965 1427 &
995 1387 1246 1446 Ascalonemk
1267 1388 1379 1428 milia
1399 1391 1491 1428 xx.l
1513 1387 1582 1428 De
1605 1389 1814 1447 Ierusalem
1840 1404 1910 1430 ve-

520 1449 655 1488 nimus
672 1447 711 1486 in
728 1456 880 1486 montem
896 1446 1042 1498 Galbae,
1060 1448 1127 1487 ubi
1141 1448 1294 1488 occidit
1312 1447 1449 1488 David
1465 1448 1638 1490 Goliam
1653 1450 1874 1502 gigantem,
1884 1463 1909 1480 m

520 1507 559 1548 &
579 1507 634 1546 ibi
656 1517 842 1547 mortuus
863 1506 919 1546 est
940 1507 1088 1548 Saul&
1110 1507 1217 1547 filius
1238 1509 1324 1549 eius
1341 1506 1545 1548 Ionathas.
1567 1506 1745 1548 Iacetibi
1760 1508 1908 1552 Golias

521 1567 560 1606 in
582 1566 718 1606 media
746 1568 823 1618 via,
838 1582 854 1599 n
878 1567 1057 1621 ligneum
1087 1568 1135 1607 ad
1167 1579 1290 1621 caput
1312 1568 1465 1608 habens
1487 1580 1708 1607 acervum⁰
1732 1567 1771 1608 &
1792 1567 1909 1623 super

519 1640 614 1665 eum
644 1627 879 1681 congeriem
915 1638 1137 1680 petrarum,
1158 1629 1212 1667 ita
1232 1638 1276 1668 ut
1306 1627 1354 1667 ad
1382 1643 1435 1667 xx
1466 1626 1670 1668 miliariap
1684 1642 1767 1667 non
1791 1628 1909 1681 poffis

519 1687 702 1726 invenire
724 1687 914 1740 lapidem,
930 1703 1055 1742 quem
1071 1703 1239 1728 movere
1262 1688 1392 1741 possis,
1409 1687 1504 1742 quia
1514 1686 1765 1727 consuetudo
1779 1702 1797 1730 q
1819 1687 1908 1729 talis

519 1745 587 1785 est.
623 1745 1016 1802 Quocienscumque
1051 1748 1141 1801 quis
1182 1748 1235 1787 ibi
1272 1746 1420 1798 tranfit,
1450 1757 1587 1786 ternos
1617 1745 1753 1785 secum
1780 1747 1911 1787 defert

520 1805 686 1859 lapides,
712 1806 751 1846 δε
782 1807 931 1860 proicit
961 1806 1051 1847 illos
1079 1807 1145 1846 ibi.
1173 1806 1241 1847 Set
1263 1805 1302 1846 ὅτ
1332 1821 1407 1847 nos
1435 1805 1616 1846 similiter
1647 1805 1830 1846 fecimus.
1859 1804 1908 1846 In

520 1865 608 1919 ipfis
628 1880 727 1906 vero
749 1866 986 1906 montibusr
1004 1880 1080 1905 nec
1101 1879 1167 1905 ros
1189 1880 1264 1905 nec
1287 1864 1424 1918 pluvia
1445 1863 1665 1916 descendit,
1693 1864 1908 1919 postquam

518 1940 588 1966 eos
611 1925 748 1966 David
772 1925 992 1966 maledixit.
1024 1924 1079 1965 Et
1099 1924 1312 1966 nocturnis
1333 1925 1445 1965 horis
1467 1924 1619 1964 secreto
1642 1924 1696 1964 ibi
1718 1925 1909 1965 videntur

519 1985 717 2025 immundi
736 1985 896 2039 spiritus
912 1984 1037 2035 volvi,
1054 1995 1247 2038 tanquam
1260 1997 1271 2014 ³
1294 1984 1446 2024 vellera
1458 1984 1548 2024 lane
1565 1984 1630 2024 vel
1648 1984 1756 2024 unde
1773 1984 1908 2025 maris.

574 2044 739 2085 Deinde
756 2055 956 2085 vertentes
972 2059 1046 2085 nos
1059 2054 1070 2075 t
1091 2044 1140 2084 ad
1159 2043 1281 2095 latus,
1294 2057 1311 2074 u
1325 2044 1512 2084 venimus
1531 2044 1570 2083 in
1587 2044 1810 2094 civitatem,
1829 2058 1908 2097 que

518 2105 667 2144 dicitur
685 2104 1022 2158 Heliuteropolis,v
1035 2105 1075 2144 in
1098 2103 1191 2144 loco
1218 2104 1285 2143 ubi
1308 2103 1376 2143 ille
1393 2103 1542 2143 Sanson
1561 2102 1795 2143 fortiffimus
1813 2117 1908 2142 cum

518 2163 683 2204 maxilla
702 2163 795 2204 afini
817 2163 929 2204 mille
955 2163 1109 2204 occidit
1130 2164 1252 2214 viros,
1273 2178 1322 2203 ex
1343 2177 1422 2217 qua
1444 2161 1607 2202 maxilla
1634 2162 1739 2202 illox
1765 2172 1909 2202 orante

567 2336 597 2357 a.
621 2325 658 2357 V.
678 2323 779 2357 secus.
796 2343 839 2347 —
855 2324 888 2355 b.
909 2323 941 2356 in
957 2322 1116 2356 suburbio
1130 2324 1166 2356 d.

519 2379 553 2411 in
570 2380 656 2411 P.—
674 2389 704 2411 c.
722 2378 755 2410 P.
777 2377 935 2421 sepulcra.
951 2397 992 2401 —
1010 2377 1041 2410 d.
1071 2388 1169 2409 muro

1253 2334 1283 2356 n.
1306 2324 1341 2356 P.
1361 2321 1472 2355 medio
1490 2321 1555 2354 vie.
1576 2341 1621 2345 —
1647 2332 1680 2353 0.
1706 2321 1744 2353 V.
1773 2320 1904 2365 ligneus

1252 2377 1295 2410 ad
1314 2384 1415 2421 caput
1437 2386 1596 2417 acervus;
1618 2374 1746 2407 habens
1770 2376 1802 2407 d.
1827 2374 1861 2407 in
1879 2376 1904 2408 I.

520 2432 666 2465 cinfflum
686 2433 718 2465 d.
740 2431 774 2464 in
791 2432 826 2464 P.
842 2450 883 2455 -—·
900 2443 927 2464 e.
960 2432 993 2463 P.
1023 2431 1167 2464 rodiam.

522 2505 564 2510 —
584 2485 604 2519 f.
634 2486 684 2527 V.,
712 2487 737 2519 Ι.
758 2485 790 2518 in
820 2484 1102 2530 quadriporticus.
1126 2504 1168 2508 —

520 2551 553 2584 g.
575 2541 625 2581 V.,
644 2541 668 2572 I.
686 2539 845 2572 facientes
858 2538 942 2571 -h.
955 2539 1005 2579 V.,
1020 2540 1044 2571 I.
1066 2546 1167 2571 terra.

522 2615 566 2619 —
584 2594 604 2627 i.
627 2595 677 2636 V.,
697 2595 723 2627 I.
746 2595 777 2626 δι
795 2593 912 2625 dantes
935 2604 1025 2626 mun.
1045 2603 1085 2625 ac
1108 2592 1171 2625 ser-

521 2648 656 2681 vientes,
670 2647 744 2689 —j.
766 2647 798 2679 P.
820 2647 874 2679 ab.
893 2666 937 2671 —
955 2646 988 2679 k.
1010 2647 1049 2679 V.
1079 2645 1173 2679 Abs-

522 2702 638 2745 calon;
656 2703 682 2734 Ι.
699 2700 919 2734 Ascalon.—-
931 2700 950 2733 l.
981 2701 1013 2733 P.
1033 2698 1173 2732 miliario

521 2763 617 2790 xxmo.
639 2774 683 2780 -—
702 2767 747 2788 m.
770 2754 944 2799 gIgantem
971 2755 1004 2787 d.
1027 2753 1061 2786 in
1078 2753 1112 2786 Ρ.
1128 2772 1173 2778 —-

1254 2451 1297 2456 -—
1317 2443 1349 2475 p.
1372 2431 1404 2463 P.
1426 2441 1444 2461 a
1461 2441 1505 2462 xx
1523 2427 1666 2460 milibus.
1694 2448 1737 2452 —
1758 2439 1790 2472 q.
1814 2429 1864 2469 V.,
1878 2430 1904 2461 I.

1254 2484 1338 2517 usus.
1350 2503 1392 2507 —
1408 2494 1432 2515 r.
1456 2483 1506 2522 V.,
1524 2484 1548 2515 I.
1570 2480 1694 2514 namin
1712 2481 1798 2525 ipsos
1811 2492 1908 2514 mon-

1253 2548 1313 2572 tes.
1333 2557 1375 2562 —
1404 2549 1431 2570 s.
1464 2544 1627 2580 tanquam
1666 2536 1698 2568 d.
1736 2535 1770 2568 in
1803 2536 1842 2568 V.
1862 2554 1906 2559 -—-

1254 2601 1276 2625 t.
1298 2593 1348 2633 V.,
1368 2593 1392 2624 I.
1414 2589 1598 2623 deviantes.
1623 2611 1653 2615 -
1672 2600 1702 2621 u.
1723 2587 1784 2621 Hic
1806 2590 1908 2621 denuo

1255 2644 1366 2689 incipit
1385 2645 1416 2677 L.
1431 2664 1477 2667 ——
1492 2655 1523 2676 v.
1554 2643 1588 2675 P.
1608 2640 1848 2686 Eliotropolis;
1870 2641 1905 2674 L.

1256 2697 1523 2743 HeliotropolyS.
1551 2715 1594 2721 —-
1625 2708 1655 2729 x.
1686 2695 1741 2738 V.,
1765 2697 1791 2729 I.
1824 2694 1905 2739 ipso.

1253 2793 1281 2805 rs*
