2216 3435
647 141 660 170 1
677 122 734 172 26>
1043 136 1340 170 ANTONINUS
1376 138 1609 171 MARTYR

636 277 838 333 &tytulus
860 279 928 332 qui
951 278 1065 332 super
1085 290 1206 333 caput
1221 279 1393 319 Domini
1417 277 1566 333 positus
1589 279 1717 319 fuerat
1738 279 1776 318 in
1800 294 1881 333 quo
1900 278 2021 332 scrip-

637 349 723 378 tum
753 336 828 378 est:
864 337 968 380 lHC
987 339 1226 379 Nazarenus
1254 353 1322 378 rex
1345 338 1578 390 Iudeorum,
1601 339 1709 379 tenui
1733 339 1772 378 in
1795 353 1960 378 manum
1979 338 2017 379 &

635 397 822 438 osculavi.
855 398 985 454 Quod
1017 398 1172 451 lignum
1202 398 1332 438 crucis
1353 399 1403 437 de
1429 413 1532 438 nuce
1553 398 1620 438 est.
1653 397 1903 438 Procedente
1925 412 2019 438 vero

636 457 769 497 sancta
797 472 917 498 cruce
947 459 994 497 ad
1026 458 1278 497 adorandum
1310 458 1359 497 de
1390 458 1582 497 cubiculo
1609 457 1677 497 suo
1700 457 1738 498 δι
1768 458 1957 498 ν611161116
1980 459 2019 498 111

635 519 735 558 31110
758 518 826 557 ubi
848 518 1049 568 adoratur,
1071 518 1212 556 eadem
1236 518 1338 557 hora
1359 529 1525 570 apparet
1543 519 1581 558 in
1599 518 1688 558 celo
1707 517 1830 568 stella,
1851 517 1889 558 δι
1910 519 2023 559 venit

635 578 750 631 super
771 577 910 617 locum
932 577 998 616 ubi
1022 591 1118 616 crux
1140 575 1295 616 refidet.

690 637 743 678 Et
778 640 875 677 dum
907 638 1094 678 adoratur
1123 651 1234 688 crux,
1269 636 1342 677 stat
1373 636 1487 690 super
1518 651 1606 676 eam
1638 636 1762 687 stella,
1797 636 1835 677 δε
1865 637 2024 678 affertur

635 697 774 737 oleum
806 698 853 737 ad
886 698 1212 737 benedicendum
1250 696 1432 749 ampulas
1469 697 1633 736 medias.
1670 696 1784 736 Hora
1814 710 1908 736 vero
1944 712 2024 751 qua

635 757 812 811 tetigerit
846 757 1002 811 lignum
1037 757 1168 797 crucis
1202 758 1272 796 has
1309 755 1520 809 ampullas,
1556 770 1652 795 mox
1682 755 1849 796 ebulliet
1885 756 2022 796 oleum

636 818 751 857 foras.
774 816 828 857 Et
850 815 919 856 nifi
942 817 1061 857 citius
1081 816 1334 866 claudantur,
1357 827 1490 855 totum
1512 815 1680 855 ebulliet
1702 816 1818 856 foras.

689 877 937 917 Revertente
958 890 1053 916 vero
1075 890 1238 916 crucem
1260 877 1299 915 in
1322 876 1415 916 1060
1438 875 1520 926 suo,
1541 875 1579 915 &
1601 875 1713 915 stella
1730 876 1876 928 pariter
1892 889 2024 916 rever-

636 938 744 988 titur,
766 937 804 977 &
826 936 914 990 post
934 936 1128 976 reclusam
1150 950 1314 976 crucem
1338 935 1441 975 ultra
1462 950 1543 975 non
1567 946 1733 988 apparet
1753 935 1875 974 stella.
1912 936 2023 976 Nam

636 997 688 1036 ibi
712 996 767 1036 est
788 1010 918 1036 canna
938 995 976 1036 &
998 996 1164 1050 spongia
1185 997 1234 1035 de
1257 995 1404 1049 quibus
1426 994 1572 1048 legitur
1593 995 1633 1034 in
1655 994 1880 1048 evangelio,
1913 995 2022 1035 Cum

635 1071 715 1110 qua
744 1056 911 1110 spongia
941 1070 1088 1109 aquam
1120 1056 1296 1096 bibimus
1327 1055 1365 1095 ὅτ,
1396 1054 1500 1094 calix
1531 1053 1734 1094 onichilus
1757 1069 1880 1108 quem
1901 1055 2025 1095 bene-

636 1117 738 1157 dixit
759 1116 799 1155 in
821 1130 936 1166 cena,
957 1115 995 1155 &
1017 1115 1093 1155 alie
1116 1115 1243 1155 multe
1266 1116 1446 1155 virtutes.

688 1175 853 1229 Species
883 1175 999 1215 beate
1022 1174 1156 1215 Marie
1188 1175 1226 1214 in
1259 1174 1450 1227 superiori
1482 1173 1589 1224 1060,
1621 1172 1660 1213 &
1689 1187 1797 1212 zona
1823 1171 1956 1226 ipfius,
1987 1174 2025 1214 &

634 1236 902 1289 ligamentum
933 1249 1014 1289 quo
1037 1234 1225 1274 utebatur
1245 1235 1284 1274 in
1306 1234 1450 1287 capite.
1482 1233 1536 1273 Et
1561 1234 1615 1273 ibi
1646 1232 1734 1272 sunt
1754 1233 1806 1287 vij
1835 1234 2025 1274 cathedre

635 1309 860 1335 marmoree
890 1294 1104 1334 seniorum.
1135 1293 1235 1334 lnde
1271 1294 1523 1334 ascendimus
1556 1294 1595 1333 in
1633 1304 1738 1332 turre
1770 1292 1922 1344 David,
1955 1294 2024 1334 ubi

635 1355 865 1395 decantavit
887 1354 1117 1408 psalterium
1135 1369 1281 1408 magna
1302 1369 1403 1394 voce
1421 1354 1538 1393 valde
1561 1354 1600 1392 in
1623 1352 1827 1394 cenaculis
1848 1351 2024 1408 singulis.

637 1414 736 1472 Que
749 1415 865 1455 turris
883 1414 1159 1468 quadrangula
1175 1414 1213 1454 &
1231 1429 1333 1467 opus
1357 1410 1571 1467 sculptum,
1587 1427 1670 1452 non
1688 1413 1842 1453 habens
1859 1413 2025 1453 tedium.

634 1473 681 1514 In
711 1489 791 1528 qua
823 1473 1040 1516 Christiani
1071 1488 1143 1528 pro
1175 1474 1396 1513 devotione
1426 1474 1473 1512 ad
1506 1471 1756 1512 manfionem
1793 1472 2026 1525 ascendunt,

635 1535 673 1575 δε
694 1536 802 1575 61163
817 1535 953 1574 medio
971 1534 1104 1574 1106115
1122 1533 1254 1586 spacio
1272 1532 1490 1587 surgentes,
1511 1533 1683 1572 audiunt
1697 1546 1820 1572 voces
1842 1547 2026 1573 murmu-

633 1595 809 1635 rantium
831 1592 1015 1633 deorsum
1044 1594 1083 1632 in
1114 1593 1216 1632 valle
1242 1591 1429 1646 Iosaphat
1455 1603 1596 1632 contra
1615 1591 1832 1632 Iordanem
1860 1593 1907 1631 ad
1935 1592 2026 1633 loca

635 1669 712 1709 que
734 1653 952 1707 respiciunt
971 1664 1113 1692 contra
1134 1653 1355 1693 Sodomam
1377 1652 1415 1692 &
1439 1652 1703 1693 Gomorram.
1727 1651 1893 1691 Deinde
1913 1653 2024 1692 veni-

635 1729 724 1755 mus
746 1715 786 1754 in
809 1712 970 1754 basilica
990 1713 1123 1753 san&a
1143 1712 1265 1766 Syon,
1299 1713 1365 1752 ubi
1397 1712 1484 1752 sunt
1513 1710 1713 1750 mirabilia
1745 1710 1884 1751 multa.
1915 1710 2027 1752 Inter

635 1789 714 1829 que
743 1774 852 1828 quod
885 1773 1031 1828 legitur
1060 1774 1109 1812 de
1140 1772 1274 1826 lapide
1306 1772 1485 1826 angulari
1517 1772 1586 1825 qui
1617 1771 1855 1824 reprobatus
1886 1770 1942 1811 est
1977 1773 2026 1812 ab

637 1833 931 1875 edificantibus.
956 1832 1144 1872 Domino
1178 1832 1431 1886 ingrediente
1464 1832 1503 1871 in
1535 1830 1616 1884 ipsa
1645 1828 1813 1870 ecclefia
1843 1845 1922 1884 que
1952 1832 2028 1872 fuit

637 1897 783 1935 domus
814 1893 937 1933 saneti
970 1891 1125 1943 Iacobi,
1156 1892 1311 1932 invenit
1340 1891 1519 1945 lapidem
1553 1890 1777 1930 deformem
1814 1890 1853 1929 in
1888 1892 2026 1932 medio

635 1956 850 2004 iacentem,
883 1954 1013 1993 tenuit
1043 1967 1136 1992 eum
1168 1951 1206 1992 &
1238 1951 1368 2005 posuit
1399 1952 1438 1990 in
1471 1949 1633 2003 angu10.
1667 1948 1811 2005 Quem
1842 1960 1954 1991 tenes
1987 1951 2027 1992 &

636 2014 743 2054 levas
775 2014 814 2053 in
845 2013 1045 2063 manibus,
1076 2012 1115 2052 δε
1146 2012 1264 2065 ponis
1299 2025 1435 2050 aurem
1466 2012 1506 2049 in
1538 2009 1620 2063 ipso
1654 2009 1818 2063 angulo,
1847 2008 1886 2048 &
1916 2008 2028 2049 sonat

636 2075 675 2113 in
707 2073 868 2112 auribus
900 2073 978 2113 tuis
1010 2070 1119 2126 quafi
1148 2071 1371 2110 multorum
1408 2071 1624 2109 hominum
1661 2068 1940 2108 murmuratio.
1978 2067 2026 2108 In

636 2133 718 2187 ipsa
746 2130 914 2172 ecclefia
943 2131 1166 2185 columpna
1196 2130 1251 2170 est
1282 2131 1349 2169 ubi
1384 2130 1593 2170 Dominus
1624 2128 1849 2183 flagellatus
1879 2127 1946 2168 est.
1975 2125 2026 2169 In

636 2207 716 2247 qua
736 2192 958 2245 columpna
980 2192 1057 2231 tale
1079 2192 1135 2231 est
1155 2189 1325 2245 signum,
1347 2202 1390 2230 ut
1411 2192 1508 2230 dum
1531 2204 1619 2229 eam
1652 2188 1862 2242 amplexus
1884 2186 2028 2239 fuisset,

638 2254 677 2293 in
699 2251 781 2305 ipsa
802 2252 942 2305 pectus
965 2252 1050 2291 eius
1074 2249 1238 2302 adhefit,
1269 2250 1307 2290 &
1328 2261 1523 2303 apparent
1554 2251 1593 2289 in
1616 2263 1663 2288 ea
1684 2248 1817 2301 palme
1839 2247 1878 2287 &
1899 2248 2028 2301 digiti,

637 2314 693 2353 ita
712 2323 756 2352 ut
778 2326 848 2365 pro
867 2309 1030 2364 singulis
1047 2310 1279 2364 langoribus
1297 2309 1479 2349 mensura
1496 2309 1673 2359 tollatur,
1695 2308 1733 2348 &
1749 2309 1857 2348 61163
1873 2306 2027 2347 collum

638 2373 787 2412 habent
817 2370 855 2411 &
884 2370 1080 2410 sanantur.
1110 2369 1156 2409 In
1188 2369 1268 2424 ipsa
1297 2369 1519 2422 columpna
1549 2368 1604 2409 est
1633 2368 1671 2409 δε
1704 2381 1831 2408 6011111
1853 2366 1952 2406 illud
1976 2366 2026 2405 de

639 2446 721 2485 quo
751 2445 865 2485 reges
895 2431 1162 2484 ungebantur,
1193 2430 1301 2469 unde
1332 2428 1370 2468 &
1391 2427 1530 2468 David
1564 2427 1709 2468 anetus
1739 2426 1795 2466 est
1826 2427 1867 2465 in
1888 2440 2026 2480 regno.

639 2490 694 2530 Et
723 2491 776 2530 ibi
809 2489 865 2530 est
885 2504 1038 2529 corona
1067 2491 1116 2529 de
1138 2489 1258 2542 spinis
1290 2489 1339 2527 de
1361 2502 1440 2542 qua
1463 2487 1671 2528 Dominus
1693 2487 1769 2526 fuit
1797 2496 2027 2526 coronatus.

640 2548 702 2588 Ibi
732 2548 789 2589 est
809 2549 847 2589 δε
869 2549 1008 2589 1311663
1024 2550 1073 2588 de
1095 2563 1175 2602 qua
1196 2549 1235 2587 in
1254 2547 1376 2586 latere
1406 2544 1608 2599 perculsus
1631 2545 1698 2585 est.
1729 2544 1790 2585 Ibi
1812 2544 1851 2584 &
1873 2544 2027 2598 lapides

643 2609 759 2648 multi
791 2624 885 2648 cum
915 2609 1061 2662 quibus
1083 2608 1282 2662 lapidatus
1304 2606 1360 2646 est
1380 2606 1618 2659 Stephanus.
1650 2604 1712 2645 Ibi
1745 2604 1967 2657 columpna
1987 2604 2028 2644 in

643 2683 724 2723 qua
757 2683 855 2708 crux
890 2667 1016 2722 posita
1046 2669 1120 2708 fuit
1151 2668 1254 2707 beati
1284 2665 1404 2723 Petri,
1439 2666 1506 2704 ubi
1543 2664 1759 2705 crucifixus
1794 2663 1850 2703 est
1880 2663 2028 2704 Rome.

644 2727 706 2768 Ibi
737 2727 775 2768 &
805 2727 909 2768 calix
940 2728 980 2767 in
1003 2742 1085 2781 quo
1107 2727 1196 2780 post
1215 2723 1548 2766 resurrecstionem
1573 2724 1747 2765 Domini
1770 2720 1900 2762 miffas
1921 2723 2029 2763 cele-

647 2788 811 2827 brarunt
832 2785 1014 2841 apostoli.
1037 2785 1091 2826 Et
1112 2785 1240 2825 multa
1259 2784 1337 2825 alia
1358 2784 1556 2825 mirabilia
1576 2798 1654 2837 que
1675 2798 1759 2823 non
1779 2781 1930 2823 recolo.
