2216 3435
642 295 708 328 DE
743 294 879 328 Locrs
914 292 1132 326 SANcTis.
1487 278 1566 339 183

291 517 416 562 XXII.
453 521 518 561 ‘De
546 518 619 562 illo
646 519 748 573 loco,
777 521 816 561 in
842 534 915 575 quo
942 518 1142 559 ‘Dominus
1167 517 1334 572 quinque
1352 529 1479 571 panes

614 589 653 632 Ε)
674 590 773 632 duos
789 590 924 648 pisces
949 588 1158 630 benedixit.

270 700 338 746 Ad
353 718 484 763 quem
497 700 646 745 locum
659 700 800 745 noster
817 700 913 761 sepe
928 713 1193 743 memoratus
1212 696 1405 758 pervenit
1425 694 1572 740 Arcul-

204 773 288 818 fus:
314 774 432 817 cuius
458 770 661 817 herbosus
686 772 731 815 ὃ(
756 770 909 832 planus
937 786 1131 832 campus,
1163 785 1213 813 ex
1244 784 1329 829 quo
1356 765 1425 811 die
1449 766 1493 809 in
1519 782 1572 810 eo

202 843 396 889 Salvator
431 843 620 904 quinque
660 841 793 886 millia
833 840 1063 886 hominum
1094 840 1287 901 quinque
1312 835 1494 899 panibus
1529 838 1574 881 ὃς

202 912 372 958 duobus
402 911 585 975 piscibus
622 913 839 968 saturavit,
874 928 1100 972 nunquam
1130 925 1269 955 aratus
1300 908 1375 953 est:
1405 909 1447 952 in
1483 924 1571 969 quo

202 985 317 1031 nulla
342 1000 572 1030 cernuntur
597 982 789 1041 edificia3
816 981 1026 1043 quasdam
1045 978 1326 1026 solummodo
1347 979 1572 1024 columnas

202 1073 358 1119 paucas
389 1056 587 1101 Arculfus
621 1050 781 1116 aspexit
810 1053 1016 1116 lapideas,
1049 1053 1172 1114 super
1196 1051 1441 1114 marginem
1463 1049 1572 1094 illius

202 1127 399 1172 fonticuli
422 1128 624 1185 iacentes,
657 1124 710 1171 de
731 1142 819 1187 quo
845 1125 901 1170 illi
927 1123 1086 1170 eodem
1111 1121 1324 1178 biberunt,
1358 1137 1403 1166 ut
1429 1121 1573 1178 fertur,

201 1199 285 1257 die,
312 1216 399 1260 quo
427 1199 646 1243 Dominus
667 1197 892 1242 esurientes
913 1212 987 1240 eos
1009 1195 1080 1240 tali
1100 1194 1334 1239 refeffione
1354 1194 1571 1239 recreavit.

201 1271 291 1333 Qi
330 1269 529 1315 videlicet
564 1269 686 1313 locus
725 1268 854 1312 citra‘²
885 1284 1002 1311 mare
1031 1265 1201 1310 Galilee
1236 1265 1306 1323 est,
1343 1265 1572 1327 respiciens

199 1342 415 1387 civitatem
439 1338 716 1386 Tiberiadem
740 1337 793 1384 ab
821 1338 987 1383 australi
1011 1337 1141 1400 plaga
1161 1335 1233 1381 fibi
1258 1351 1569 1381 occurrentem.

336 1551 477 1596 XXIII.
515 1555 580 1596 ‘De
604 1556 707 1596 mari
731 1550 962 1597 ‘Tiberiadis
986 1551 1025 1596 ὃ»
1050 1553 1096 1595 de
1122 1552 1416 1611 Capharmium.

263 1662 368 1724 Qui,
384 1661 436 1708 ab
451 1663 763 1723 Hierosolymis
779 1662 1103 1722 descendentes»,
1118 1663 1433 1726 Capharnaum
1453 1660 1570 1707 adire

196 1735 390 1796 cupiunt,
423 1750 469 1778 ut
499 1734 694 1780 Arculfus
724 1735 862 1794 refert,
895 1752 970 1796 per
1000 1733 1276 1780 Tiberiadem
1305 1735 1374 1781 via
1405 1731 1571 1780 vadunt

196 1807 322 1864 reela,
358 1804 515 1851 deinde
551 1806 668 1851 secus
703 1806 845 1852 lacum
870 1806 1124 1865 Cinnereth,
1157 1805 1277 1868 quod
1312 1806 1368 1851 est
1392 1807 1436 1850 ὃς
1460 1824 1567 1850 mare

198 1879 428 1922 ‘Tiberiadis
461 1879 506 1922 ὃς
542 1895 659 1923 mare
695 1877 878 1936 Galilee,
905 1877 1079 1923 locumb
1104 1878 1290 1939 superius
1326 1892 1567 1922 memorate

197 1946 509 1993 benedietionis
536 1965 610 2010 per
634 1947 799 1994 bivium
815 1960 827 1976 ⁶
850 1947 1024 2007 habent,
1053 1966 1077 1994 a
1104 1965 1208 2010 quo,
1233 1965 1309 2010 per
1328 1943 1570 2011 marginem

196 2018 386 2064 eiusdem
435 2020 558 2082 supra
605 2021 834 2065 memorati
875 2020 1025 2083 stagni,
1073 2037 1161 2065 non
1204 2019 1344 2083 longo
1391 2019 1569 2064 circuitu

197 2092 476 2150 Caphczrnczum
512 2092 768 2153 perveniunt
805 2092 1067 2136 maritimam
1103 2092 1145 2136 in
1178 2089 1332 2136 finibus
1364 2088 1568 2135 Zabulon

195 2162 239 2205 ὃς
258 2161 550 2224 Nephthalim.
567 2163 681 2224 Qe,
703 2179 747 2207 ut
767 2162 964 2207 Arculfus
984 2162 1122 2220 refert,
1138 2163 1211 2223 qui
1231 2179 1327 2207 eam
1346 2160 1399 2206 de
1419 2178 1571 2206 monte

194 2233 339 2278 vicino
361 2234 590 2296 prospexit,
612 2251 783 2278 murum
805 2250 894 2279 non
915 2231 1091 2292 habens,
1113 2233 1294 2296 angusto
1316 2234 1424 2279 inter
1442 2249 1568 2278 mon-

196 2320 284 2348 tem
317 2305 361 2348 &
400 2304 597 2367 stagnum
634 2307 852 2350 coareiata
881 2305 1032 2366 spatio,
1066 2322 1142 2367 per
1166 2304 1283 2349 illam
1308 2304 1570 2349 maritimam

198 2391 320 2419 oram
342 2374 481 2438 longo
514 2375 682 2420 tramite
708 2373 996 2437 protenditur3
1030 2391 1228 2420 montem
1253 2373 1306 2420 ab
1333 2374 1570 2437 aquilonali

195 2445 339 2508 plaga,
354 2444 520 2491 lacumd
543 2463 646 2492 vero
662 2445 716 2491 ab
736 2446 900 2492 australi
915 2445 1090 2505 habem,
1110 2445 1163 2491 ab
1178 2447 1332 2492 occasu
1352 2447 1394 2491 in
1409 2456 1572 2492 ortum⁶

195 2516 368 2562 extensa
393 2515 601 2580 dirigitur.

241 2704 270 2725 a.
294 2694 340 2733 L.‚
363 2695 408 2733 B„
426 2695 473 2735 V.,
495 2696 528 2726 Κ.
549 2702 675 2727 contra.
696 2714 738 2719 —
752 2696 782 2727 b.
796 2694 846 2727 Sic
929 2695 1087 2739 pervium.
1115 2715 1154 2719 —
1175 2696 1206 2728 d.
1229 2697 1262 2728 B.
1288 2696 1406 2729 Iocum.
1429 2715 1470 2720 —
1490 2709 1516 2729 e.
1533 2697 1570 2729 L.

194 2757 270 2788 ego3
305 2746 348 2778 al.
382 2746 569 2791 locumque.
598 2766 637 2771 —-
661 2759 685 2779 c.
721 2748 771 2790 L.‚·
801 2748 844 2780 al.
928 2748 1046 2781 occasu
1067 2761 1155 2781 mare
1175 2757 1351 2782 mortuum.
