2216 3435
669 273 943 306 OBSIDIONIS
979 273 1243 307 DAMIATE.
1584 275 1643 325 75

273 413 390 472 bant,
422 414 495 474 qui
517 411 722 458 'viclualia
747 413 791 456 ὃς
815 412 965 455 omnia
989 408 1218 455 necessaria
1243 411 1375 471 usque
1400 410 1454 455 ἃᾶ
1481 429 1646 457 annum
1670 426 1745 454 1218

272 483 429 529 habere
457 482 722 528 dicebantur.
755 486 797 527 In
823 483 994 528 civitate
1018 498 1120 527 vero
1148 482 1350 525 Damiate
1386 498 1465 527 tres
1492 485 1645 529 amira-

272 557 368 618 gios
394 556 439 599 ὃς
457 571 480 599 c
499 563 510 582 ¹
542 554 696 599 milites
712 551 877 598 nobiles
897 555 940 598 ὅς
960 568 1158 615 potentes
1178 568 1258 613 pro
1279 552 1366 596 eius
1405 555 1647 601 munitione

273 625 475 671 soldanus
501 625 684 683 miserat,
721 625 794 686 qui
816 625 953 686 ipsam
985 622 1134 669 urbem
1165 622 1400 668 defendere
1426 626 1470 668 ὃς
1496 643 1646 671 manu-

272 714 417 744 tenere
438 713 648 742 curarent.
692 695 892 741 Similiter
925 693 1128 740 militibus
1153 697 1197 740 ὃς
1214 704 1232 723 2
1249 693 1489 757 peditibus,
1528 693 1649 740 balis-

273 768 384 813 tariis
409 769 453 812 ὅ(
477 767 701 830 sagittariis
726 765 1111 812 innumerabilibus
1147 783 1236 811 erat
1270 766 1400 829 plena
1424 767 1581 829 pariter
1606 769 1650 811 ὅ(

271 840 451 884 munita.
488 841 697 884 Anonam
715 848 728 876 3
747 840 791 883 ὃς
828 855 976 883 carnes
1007 840 1051 882 ὃς
1070 838 1150 883 alia
1169 838 1369 884 vitf'tualia
1395 837 1650 883 lufficienter

272 909 328 955 ad
351 927 491 956 annos
519 909 628 955 duos
652 908 809 955 habere
840 908 1231 972 cognoscebantur.
1270 912 1310 953 ln
1337 907 1470 955 fluvio
1495 926 1598 954 vero
1615 918 1635 946 4

272 999 353 1028 tres
389 998 560 1027 catenas
589 981 836 1044 posuerant,
879 998 962 1042 que
997 981 1129 1041 usque
1164 978 1219 1024 ad
1261 980 1440 1024 civitatis
1478 997 1649 1024 murum

272 1052 478 1099 tenebant
502 1054 574 1110 ita,
603 1051 724 1114 quod
750 1052 867 1096 nulla
886 1053 1006 1097 navis
1022 1069 1098 1113 per
1119 1049 1305 1095 fluminis
1324 1067 1485 1112 aquam
1505 1050 1559 1095 ad
1583 1070 1649 1096 ur-

271 1124 373 1170 bem
386 1123 592 1170 accedere
605 1139 788 1186 poterat.
800 1123 914 1168 Licet
927 1122 1221 1186 graviffimum
1236 1124 1280 1166 &
1295 1120 1601 1166 difficillimum
1620 1131 1633 1161 5

272 1196 523 1242 Christianis
548 1193 776 1249 videretur,
815 1210 974 1249 tamen,
1001 1192 1179 1238 confilio
1198 1193 1215 1221 6
1232 1194 1576 1250 communicato,
1597 1193 1651 1239 ad

272 1266 512 1330 predicstam
533 1283 692 1312 turrem
711 1263 1052 1329 expugnandam
1071 1265 1111 1310 se
1126 1282 1474 1327 preparaverunt.
1496 1266 1649 1310 Statim

274 1338 404 1383 scalas
423 1339 465 1383 in
485 1336 666 1384 navibus
683 1335 1016 1382 innumerabiles
1035 1337 1178 1398 primo
1195 1335 1263 1381 clie
1283 1335 1434 1382 mensis
1456 1337 1540 1394 lulij
1561 1337 1648 1382 fieri
1671 1347 1725 1375 lul.
1746 1357 1770 1376 1.

4 1427 47 1464 ῑΡ.
67 1427 85 1456 f,
103 1428 157 1456 108
172 1428 202 1455 13.
276 1409 653 1467 fecerunt‚&cum
665 1407 760 1470 ipsis
785 1407 841 1453 ad
866 1424 1025 1453 turrem
1050 1406 1306 1453 accedentes
1330 1407 1456 1466 ipfius
1480 1409 1602 1453 turris
1620 1417 1636 1444 7

14 1469 91 1498 M⁰‘'
109 1481 135 1509 Ρ·
155 1469 240 1498 ¹⁰8⁶
275 1498 401 1526 muro
431 1481 543 1542 ipsas
573 1479 703 1525 scalas
736 1480 1044 1542 apposuerunt,
1086 1497 1184 1541 que,
1217 1498 1318 1525 cum
1343 1479 1467 1542 ipsius
1484 1481 1499 1507 ²³
1525 1496 1650 1523 muro

274 1550 470 1614 apposite
489 1549 675 1607 fuissent,
695 1549 846 1596 divino
867 1551 1045 1596 numine
1063 1560 1080 1588 9
1099 1550 1230 1596 fracle
1253 1551 1439 1607 fuerunt,
1464 1552 1508 1594 ὃς
1535 1566 1651 1608 tunc,

273 1622 422 1668 ficut10
441 1623 737 1685 omnipotenti
755 1623 854 1667 Deo
875 1622 1051 1684 placuit,
1076 1639 1253 1667 centum
1272 1623 1427 1667 milites
1446 1624 1491 1667 ὃς
1514 1637 1652 1684 nepos

274 1693 394 1739 ducis
419 1693 474 1739 de
498 1694 791 1740 Osterica¹¹in
817 1711 930 1755 aqua
955 1692 1212 1738 summers1¹2
1237 1694 1420 1739 fuerunt.

339 1767 407 1811 IV.
433 1764 641 1810 Videntes
661 1780 806 1810 autem
827 1764 1057 1810 Christiani
1082 1764 1168 1809 hoc
1194 1765 1497 1823 infortunium,
1523 1763 1650 1811 valde

273 1838 367 1882 sunt
379 1836 667 1882 contristati&
679 1835 916 1898 plurimum
928 1837 1147 1898 perterriti.
1157 1837 1323 1881 Verum
1337 1853 1481 1881 tamen
1496 1837 1651 1882 virtute

274 1909 458 1953 Domini
476 1907 605 1952 nostri
621 1907 735 1952 lhesu
755 1916 787 1945 ¹3
806 1907 976 1965 Christi,
1002 1925 1025 1952 a
1045 1925 1133 1969 quo
1155 1910 1312 1952 cuncla
1328 1906 1586 1969 procedunt,
1606 1909 1649 1952 ὃς

273 1978 359 2025 s1ne
379 1996 468 2041 quo
489 1978 549 2023 nil
566 1977 655 2023 fieri
676 1979 826 2040 potest,
852 1978 1052 2042 instigati,
1072 1979 1115 2022 in
1138 1978 1242 2023 festo
1263 1980 1407 2024 Sancli
1426 1979 1649 2024 Bartholo-
1670 1994 1747 2030 Aug.
1765 2002 1813 2030 24.

273 2052 358 2096 mei
381 2049 565 2113 apostoli
583 2049 714 2095 scalas
735 2048 989 2095 firmiffimas
1008 2050 1113 2095 mire
1134 2049 1446 2112 magnitudinis
1466 2051 1510 2095 ὃς
1533 2051 1650 2095 forti-

272 2120 433 2166 tudinis
450 2120 541 2166 fieri
561 2121 753 2167 fecerunt
771 2123 816 2166 ὃς
841 2122 1095 2183 navigantes
1120 2119 1175 2166 acl
1199 2121 1336 2183 ipsam
1360 2122 1508 2166 turrim
1528 2138 1650 2167 acce-

272 2191 421 2238 dentes
443 2193 571 2238 scalas
594 2191 720 2255 ipsius
748 2195 870 2238 turris
895 2209 1020 2237 muro
1047 2209 1123 2254 per
1145 2193 1234 2237 vim
1254 2193 1500 2253 posuerunt.
1529 2194 1652 2255 Qas

273 2282 373 2310 cum
398 2265 555 2327 Pagani
580 2263 789 2321 viderent,
816 2263 932 2308 illico
959 2265 1109 2327 ignem
1132 2265 1175 2308 ὅ(
1201 2264 1403 2309 sulfurem
1422 2265 1650 2310 accensum

272 2337 398 2398 super
416 2335 473 2380 eis
496 2334 754 2397 iniquissime
775 2336 1064 2397 proiecerunt,
1091 2337 1135 2380 ὅ(
1162 2352 1250 2380 tam
1278 2336 1442 2380 fortiter
1462 2338 1572 2399 ignis
1592 2337 1650 2382 est

273 2407 490 2465 accensus,
517 2405 639 2468 quod
663 2405 717 2452 ab
743 2405 945 2452 omnibus
971 2407 1080 2452 scale
1105 2405 1363 2452 videbantur
1389 2406 1600 2453 comburi.
1616 2418 1651 2446 ¹4

275 2479 381 2541 Qo
408 2478 512 2533 viso,
551 2478 783 2523 Christiani
813 2477 939 2524 valde
976 2479 1186 2541 perterriti
1218 2479 1542 2541 plurimumque
1567 2496 1649 2524 tur-

325 2644 336 2662 1
370 2633 402 2664 Ρ.
420 2643 476 2664 om.
495 2651 539 2655 —-
561 2644 576 2663 2
597 2632 628 2664 P.
649 2643 706 2665 om.
728 2652 770 2656 -—
792 2643 806 2672 3
830 2633 876 2665 M.
896 2643 1015 2664 anona.
1038 2651 1081 2655 —
1099 2645 1120 2672 4
1137 2633 1182 2665 M.
1200 2633 1278 2664 [ald.
1299 2652 1343 2656 —-
1367 2645 1380 2675 ς
1399 2633 1433 2664 Ρ.
1454 2634 1532 2664 add.
1553 2644 1584 2665 a.
1606 2654 1650 2656 —

273 2705 319 2710 —
338 2689 356 2717 6
377 2686 408 2717 P.
430 2684 592 2717 conscilio.
618 2705 658 2709 -
684 2697 700 2724 7
723 2685 872 2728 P.suppl.
895 2685 990 2729 iplius
1010 2685 1115 2717 turris.
1147 2706 1187 2708 —
1214 2690 1230 2716 S
1255 2687 1284 2718 Ι).
1306 2685 1371 2729 ipsi.
1404 2706 1435 2709 κ-
1456 2697 1473 2727 9
1498 2687 1543 2718 M.
1569 2689 1647 2718 add.

274 2738 368 2771 illico.
389 2758 435 2761 —
462 2751 500 2771 10
522 2739 555 2770 P.
580 2738 669 2771 ficut.
691 2758 731 2762 ——
759 2751 791 2770 11
814 2740 845 2771 P.
868 2739 1056 2779 Hostarica;
1081 2740 1127 2771 M.
1147 2738 1320 2771 Hostirica.
1339 2758 1379 2763 —
1404 2751 1442 2772 12
1462 2741 1491 2771 Ι).
1510 2739 1648 2772 sumen-ii.

276 2812 318 2818 —-—
342 2803 379 2834 ¹3
402 2793 451 2824 M.
475 2791 555 2824 lesu.
574 2812 617 2816 —
643 2805 682 2833 ¹4
702 2793 733 2825 P.
756 2791 832 2836 legit
856 2793 1006 2825 comburi
1027 2791 1235 2826 videbantur.
