2216 3435
611 122 624 166 1
1165 135 1460 168 PRAEFATm.

611 282 692 333 istae
712 282 974 338 translationes
982 281 1150 338 sumptae
1158 282 1341 336 fuerunt,
1361 298 1385 320 a
1405 281 1504 320 nullo
1525 290 1659 330 autem,
1680 291 1869 334 utcumque
1889 283 1998 322 novi-

612 361 704 396 mus,
720 346 915 400 publicata
938 347 1003 386 vel
1019 347 1107 399 visa
1127 348 1223 399 sunt.

666 409 744 465 [⁴2ss
776 411 957 465 plurimos
988 398 1182 469 utriusque
1213 412 1330 465 operis
1365 412 1401 450 in
1431 411 1602 451 manibus
1631 411 1829 451 habuimus
1854 412 1998 462 codices,

610 490 678 514 non
688 476 843 533 semper
864 491 998 516 veram
1021 476 1211 529 archetypi
1228 477 1381 532 potuiffe
1401 492 1461 516 nos
1476 476 1711 532 scripturam
1733 476 1997 531 affiquifate-

611 541 745 580 bimur.
767 541 922 595 Quippe
952 541 1022 592 illi,
1057 557 1140 594 quos
1160 542 1342 592 novimus,
1363 542 1495 582 codices
1516 542 1711 582 recentiori
1729 551 1838 581 aetate
1862 542 1999 598 scripti

597 608 709 664 sunt,
729 622 840 659 neque
861 607 903 646 id
920 607 1097 664 ascribis
1117 607 1362 660 diligentibus.
1396 607 1440 646 In
1462 608 1667 648 temonibus
1687 624 1771 661 ergo
1791 608 1998 662 colligendis

615 688 657 711 ac
678 673 929 729 (l{l2'‘’1'7²1’71ll1'5
950 673 1048 711 nobis
1078 688 1255 724 magnam
1284 683 1381 726 opem
1410 674 1618 713 attulerunt
1644 673 1722 713 illae
1742 689 1884 727 graecae
1904 674 1997 714 noti-

608 738 681 786 tiae,
713 752 803 789 quas
833 752 901 776 vv.
923 737 984 776 dd.
1007 736 1151 775 Pinder
1183 738 1226 776 Εἴ
1257 736 1421 791 Parthey
1457 739 1510 778 ad
1535 738 1668 777 calcem
1687 738 1776 795 suae
1806 737 1998 779 Hieroclis

608 802 763 856 Synecd
771 802 848 841 emi
864 802 1028 841 editionis
1041 803 1270 843 recudendas
1282 804 1743 858 curaverunt.0<⁹2ua71tu711
1754 806 1791 845 in
1801 805 1997 859 nobisfuit,

606 868 811 908 latinorum
832 867 990 906 codicum
1018 867 1201 906 lectionem
1222 869 1513 909 emendavimus.
1548 869 1718 923 Quando
1738 880 1874 921 autem,
1903 870 2000 923 quod

605 935 741 987 saepius
770 933 916 983 accidit,
946 932 1055 973 nulla
1081 933 1204 973 latina
1235 934 1336 974 lefftio
1356 950 1436 974 cum
1453 950 1579 988 graeco
1607 935 1788 975 vocabulo
1817 951 1994 989 congrue—

607 1001 683 1050 bat,
717 999 822 1038 illam
852 1014 974 1038 vocem
1005 998 1188 1051 elegimus,
1223 1014 1306 1052 quae
1332 1016 1458 1053 graeco
1487 1001 1626 1040 nomini
1647 1002 1803 1055 propior
1831 1011 1924 1041 erat.
1949 1002 1994 1041 ln

605 1066 840 1118 constituendo
874 1074 970 1105 textu
1005 1065 1162 1106 multam
1195 1066 1295 1105 nobis
1329 1076 1426 1120 opem
1460 1065 1623 1116 contulit,
1652 1066 1869 1123 praesertim
1904 1068 2000 1120 quod

602 1130 764 1183 pertinet
798 1131 851 1170 ad
878 1131 1044 1170 notitiam
1070 1130 1361 1185 patriarchatus
1395 1130 1616 1182 Antiocheni,
1651 1131 1757 1184 regni
1774 1131 1998 1171 Armeniaci

605 1196 734 1236 notitia
773 1196 1038 1248 Sempadiana,
1083 1211 1195 1248 quam
1226 1197 1292 1236 vir
1326 1196 1541 1251 doffliffinzus
1574 1196 1618 1236 E.
1659 1196 1881 1236 Dalaurier
1901 1196 1996 1236 iuris

604 1261 745 1311 publici
750 1261 851 1315 jecit
868 1263 1194 1315 commentarioque
1215 1263 1342 1302 critico
1362 1262 1586 1313 illustravit.
1609 1272 1619 1293 ¹

660 1391 847 1432 CODICES
877 1391 963 1446 mſjI
991 1391 1291 1446 Descriptionis
1320 1394 1544 1446 parrochiae
1573 1392 1790 1434 Ierusalem
1820 1393 1858 1434 hi
1872 1393 1994 1450 sunt:

657 1471 690 1497 a.
713 1456 861 1509 Romae,
882 1457 1040 1511 Regina:
1060 1458 1226 1509 Bibliot„
1250 1459 1337 1512 196,
1355 1474 1403 1498 m.
1413 1459 1507 1516 saec.
1529 1459 1579 1499 X
1576 1459 1632 1499 ll.

658 1522 694 1562 b.
719 1522 922 1573 Bruxellis,
946 1523 1093 1563 Bibliot.
1110 1524 1327 1578 Burgund,
1349 1536 1465 1578 7579,
1486 1525 1643 1580 ch.saec.
1667 1523 1811 1565 XVII.
1839 1523 1992 1582 Trans·

603 1588 734 1642 criptio
751 1604 775 1627 a
793 1588 1034 1642 Bollandistis
1045 1590 1240 1643 cuiusdam
1256 1591 1397 1641 codicis,
1406 1600 1491 1630 tunc
1505 1591 1543 1630 in
1559 1589 1826 1631 Rubeaevallis
1842 1590 1991 1646 monas-

603 1653 693 1692 terio
716 1654 922 1708 asservati,
941 1656 978 1694 in
1001 1670 1081 1708 quo,
1104 1665 1144 1694 ut
1162 1656 1206 1694 &
1226 1655 1263 1695 in
1274 1655 1459 1711 sequenti,
1479 1655 1761 1695 continebantur
1779 1654 1874 1693 liber
1894 1656 1992 1696 deci-

602 1733 681 1758 mus
698 1736 721 1758 a
739 1720 895 1772 quodam
914 1735 1088 1773 anonymo
1099 1719 1258 1760 Roberti
1266 1720 1437 1760 monachi
1451 1721 1643 1762 Historiae
1660 1722 1821 1772 additus,
1838 1720 1875 1760 F
1873 1721 1992 1761 retelli

603 1794 688 1838 opus
708 1785 992 1840 amplificatum,
1009 1801 1052 1826 ac
1073 1786 1200 1825 multa?
1217 1785 1465 1842 episcoporum
1481 1786 1849 1843 locorumqueſseries.
1872 1786 1992 1826 Codex

595 1850 778 1902 genuinus
785 1850 895 1903 forte
916 1850 1012 1890 XII
1017 1851 1160 1908 saeculo
1169 1851 1341 1908 scriptus
1346 1851 1501 1905 fuerat.

655 1928 688 1954 c.
714 1915 919 1967 Bruxellis,
939 1916 1044 1967 ibid.‚
1063 1916 1181 1970 9827,
1202 1916 1356 1974 m.saec.
1377 1916 1482 1958 XII.

656 1979 693 2018 d.
717 1979 890 2035 Parisiis,
910 1980 1012 2020 Bibl.
1035 1979 1149 2030 Nat„
1170 1980 1236 2021 lat.
1255 1992 1374 2035 5129,
1394 1981 1545 2039 m.saec.
1570 1981 1670 2021 XII.

654 2057 688 2083 e.
711 2043 853 2095 Remis,
876 2045 974 2085 Bibl.
996 2045 1184 2099 municip,
1205 2046 1294 2097 821,
1331 2046 1483 2103 m.saec.
1505 2045 1609 2086 XII.

657 2108 682 2148 f.
703 2109 855 2163 Quibus
883 2111 1074 2151 addendus
1094 2112 1200 2151 codex
1226 2111 1336 2163 alius,
1362 2112 1462 2152 nobis
1469 2111 1600 2169 serius
1620 2110 1830 2169 transmiff
1822 2126 1875 2161 us,
1906 2111 1988 2150 olim

600 2172 888 2230 Marcianensis
917 2175 1083 2228 coenobij,
1113 2190 1210 2215 nunc
1237 2176 1372 2216 Duaci
1409 2177 1447 2216 in
1477 2176 1565 2216 bibl.
1588 2175 1742 2229 publica
1769 2175 1990 2229 affirvatus

601 2244 651 2286 (n.
673 2238 765 2293 838,
774 2240 816 2294 f
835 2247 991 2294 49-50),
1011 2240 1107 2280 XII
1115 2241 1260 2297 saeculo
1280 2250 1474 2292 exaratus,
1499 2241 1601 2281 cuius
1619 2240 1781 2281 lectiones
1800 2256 1880 2281 cum
1902 2256 1924 2281 a
1944 2242 1989 2281 ἐῢ

600 2317 621 2343 e
641 2304 678 2343 in
701 2306 865 2346 omnibus
885 2316 1102 2359 congruunt.

652 2370 762 2425 Quin
784 2371 895 2411 etiam
917 2371 1015 2412 alius
1035 2372 1157 2422 codex,
1177 2373 1279 2412 circa
1301 2387 1440 2412 annum
1466 2372 1756 2430 1270scriptus,
1772 2373 1988 2425 praeceden-

600 2436 694 2476 tibus
708 2436 899 2476 addendus
913 2436 1015 2491 effet,
1029 2438 1181 2477 codicem
1197 2438 1276 2478 dico
1290 2437 1448 2477 latinum
1459 2437 1577 2491 6189,
1590 2437 1688 2477 Bibl.
1703 2447 1779 2477 nat.
1794 2437 1940 2495 Paris„
1949 2438 1987 2477 in

600 2516 666 2554 quo
682 2516 779 2541 nunc
795 2501 965 2555 temporis
980 2502 1127 2543 iniuria
1126 2503 1220 2557 fere
1235 2511 1310 2544 tota
1326 2503 1420 2558 deest
1431 2500 1678 2555 Descriptio.
1701 2502 1761 2542 Ex
1770 2502 1846 2542 illis
1861 2503 1988 2542 verbis

650 2619 663 2639 1
690 2607 865 2651 Historiens
893 2610 1079 2643 armeniens
1098 2612 1153 2643 des
1175 2610 1257 2643 croi-
1339 2609 1514 2653 Astatique,
1538 2620 1588 2641 an.
1618 2611 1715 2649 1861,
1736 2609 1849 2650 XVII,
1866 2620 1898 2653 p.
1920 2619 1984 2650 377

588 2659 708 2702 fades,
741 2662 767 2698 Ι,
799 2665 877 2704 673.
900 2662 953 2695 Cf.
980 2663 1079 2696 etiam
1109 2662 1259 2706 Journal
1333 2663 1369 2716 §Sc
1391 2662 1461 2707 sqq.
