2216 3435
603 198 690 260 146
934 210 1081 243 LIBER
1110 210 1310 243 DUELLu
1339 210 1639 244 CHRlsTIANI

1839 291 1970 298 ——.-

497 370 572 398 1218
594 358 843 404 Confestim
879 359 1008 421 igitur
1051 358 1343 422 quadraginta
1377 376 1582 422 quattuor
1621 360 1805 406 armavit
1833 359 1979 423 galeas

414 433 524 462 Ostob.
544 444 570 473 9.

385 2093 495 2123 Οξὶοὶ).
513 2096 561 2124 26.

592 431 636 474 ὅ(
664 446 764 474 cum
791 430 853 474 his
877 432 921 475 in
949 431 1052 476 festo
1078 431 1221 476 SancIi
1242 430 1436 492 Dionysij
1463 433 1581 477 irruit
1606 432 1728 494 supet
1753 448 1845 476 nos.

655 502 759 547 VIII.
797 502 1027 548 Christiani
1060 520 1165 548 vero
1203 505 1455 550 catervatim
1492 522 1569 567 per
1604 503 1800 550 sabulum
1825 503 1979 548 armati

588 573 855 631 incedentes,
893 591 973 620 nec
998 591 1187 621 mortem
1212 591 1293 637 pro
1319 575 1477 623 Christi
1502 577 1698 633 nomine,
1734 593 1813 621 nec
1838 575 1978 621 iacula

590 645 891 705 formidantes,
932 646 1002 692 sed
1030 647 1071 691 in
1111 647 1282 692 honore
1312 649 1357 693 ὅ(
1385 648 1515 694 laude
1545 649 1629 694 Dei
1658 649 1977 712 perseverantes

589 717 725 762 multa
744 717 848 780 paffi
869 719 964 763 sunt
979 718 1219 780 opprobria
1239 721 1283 765 &
1303 720 1480 766 vulnera
1498 722 1540 766 in
1560 720 1630 766 die
1649 721 1732 766 illa.
1757 720 1977 765 Dominus

588 805 734 834 autem
773 789 954 852 legatus,
991 788 1190 836 deferens
1228 791 1398 855 lignum
1432 792 1663 838 Salvatoris
1696 793 1740 837 in
1776 788 1976 836 manibus

589 861 683 919 suis,
724 860 978 907 hortabatur
1004 862 1160 907 milites
1185 865 1230 908 δε
1255 863 1422 926 pedites
1454 863 1511 909 ad
1536 862 1796 925 obsequium
1823 863 1975 909 Cruci-

587 931 673 990 fixi,
700 934 744 977 ὃς
769 949 871 978 ecce
899 931 1037 978 subito
1062 933 1296 980 innovatus
1322 935 1379 981 est
1403 934 1472 980 ille
1498 936 1742 982 Daviticus:
1767 937 1868 980 Saul
1879 953 1975 996 per-

585 1006 694 1064 cuffit
712 1006 826 1049 mille
846 1005 886 1049 ὃ)
909 1008 1051 1049 David
1075 1008 1206 1051 decem
1233 1009 1350 1051 milia
1379 1005 1421 1069 (1
1452 1008 1589 1066 Sam.,
1610 1020 1750 1067 XVIII,
1777 1008 1841 1067 7).
1870 1007 1974 1052 Non

588 1076 726 1121 solum
766 1078 884 1122 enim
919 1076 1074 1123 milites
1106 1078 1383 1142 paganorum
1420 1078 1546 1125 occifi
1582 1080 1691 1136 sunt,
1736 1079 1808 1126 sed
1842 1080 1974 1125 etiam

585 1147 658 1207 ilfi,
702 1149 776 1210 qui
813 1166 1022 1195 venerant
1056 1151 1099 1195 in
1136 1150 1285 1214 galeis,
1325 1152 1369 1196 in
1405 1169 1520 1214 aqua
1544 1149 1745 1198 submersi
1780 1152 1892 1210 sunt,
1929 1152 1975 1196 ὃς

585 1236 700 1281 aqua
724 1220 933 1282 sanguine
951 1222 996 1265 ὃς
1015 1220 1223 1283 spurcicia
1253 1239 1408 1268 eorum
1432 1222 1545 1269 adeo
1566 1224 1729 1269 infedla
1750 1224 1822 1280 est,
1852 1222 1974 1286 quod

584 1290 796 1353 plurimos
821 1290 912 1337 dies
940 1290 1025 1338 sine
1050 1310 1165 1355 aqua
1189 1295 1233 1339 ὃς
1259 1296 1463 1342 cofflone
1489 1296 1663 1341 fuimus.

652 1363 717 1409 IX.
750 1363 842 1408 Post
877 1362 958 1409 hec
990 1365 1203 1428 applicuit
1228 1365 1506 1430 Ruodpertus
1542 1367 1596 1414 de
1622 1367 1836 1415 Crufione
1872 1385 1974 1414 cum

585 1434 864 1482 Tubernense
903 1438 1065 1482 comite
1096 1439 1140 1483 ὅς
1170 1440 1331 1485 comite
1373 1438 1427 1485 de
1459 1440 1665 1499 Marchia,
1715 1442 1788 1504 qui
1813 1440 1974 1486 multos

583 1510 730 1553 secum
767 1507 1039 1554 adduxerant
1081 1511 1406 1557 commilitones
1444 1511 1499 1557 de
1533 1512 1679 1559 Gallia
1715 1514 1760 1558 ὃς
1799 1512 1972 1576 Anglia.

583 1578 854 1642 perpendens
874 1597 1021 1626 autem
1046 1600 1118 1628 rex
1143 1582 1297 1646 Egipti‚
1328 1583 1450 1646 quod
1475 1584 1822 1631 Christianorum
1847 1586 1974 1630 cotti-

583 1650 653 1697 die
678 1649 918 1715 augebatur
944 1655 1166 1711 exercitus‚
1208 1656 1434 1718 cogitavit,
1476 1656 1614 1718 quod,
1647 1673 1887 1719 antequam
1911 1656 1975 1701 isti

584 1740 722 1786 equos
748 1724 1021 1770 extraherent
1040 1727 1086 1771 ὃς
1104 1744 1226 1773 arma
1251 1726 1306 1773 de
1331 1727 1513 1774 navibus
1539 1745 1824 1792 exponerent,
1848 1728 1975 1791 super

582 1812 664 1841 nos
689 1813 859 1843 irruere.

754 1943 946 2003 Qaliter
957 1945 1139 2004 secunda
1164 1947 1250 1990 vice
1262 1945 1464 2006 soldanus
1491 1949 1642 2004 nostros
1667 1949 1818 2007 invafit.

649 2083 780 2146 Igitur
804 2084 847 2128 in
874 2083 980 2129 festo
1000 2085 1144 2131 Sanffl
1164 2087 1375 2146 Demetrij
1395 2102 1607 2134 venerunt
1624 2087 1783 2152 Pagani
1803 2086 1860 2134 ad
1879 2104 1972 2134 ten-

583 2154 707 2213 toria,
742 2154 872 2201 nostri
904 2172 1066 2216 autem,
1105 2159 1226 2220 equis
1262 2158 1469 2205 velociter
1499 2157 1701 2219 accensis,
1742 2159 1971 2222 perseque-

581 2223 740 2272 bantur
775 2244 849 2273 eos
876 2228 1010 2290 usque
1042 2228 1098 2275 ad
1138 2246 1325 2293 pontem
1357 2231 1493 2290 suum,
1530 2248 1607 2293 per
1632 2248 1765 2293 quem
1791 2229 1971 2277 cottidie

580 2296 816 2344 veniebant
854 2299 910 2345 ad
945 2317 1041 2346 nos.
1088 2299 1147 2347 Ibi
1173 2302 1297 2347 multi
1325 2301 1452 2348 occifi
1476 2303 1573 2347 sunt
1596 2302 1787 2362 illorum,
1824 2304 1870 2348 ὃς
1895 2301 1971 2348 nifi

581 2385 670 2413 nox
699 2368 896 2430 affuiffet‚
929 2388 1031 2417 cum
1064 2372 1144 2417 illis
1170 2389 1355 2435 pontem
1384 2370 1688 2431 tranfiffemus3
1725 2371 1752 2418 fi
1787 2372 1968 2436 quidam

579 2439 772 2498 illorum,
801 2442 875 2504 qui
895 2459 1080 2505 pontem
1104 2444 1342 2504 evaserant,
1368 2445 1502 2507 ruptis
1532 2442 1705 2490 funibus
1726 2446 1771 2490 ὅ(
1791 2446 1970 2504 catenis,

582 2510 736 2572 quibus
761 2530 875 2575 pons
900 2514 1165 2572 firmabatur,
1187 2515 1378 2562 eundem
1397 2514 1514 2562 abire
1533 2515 1801 2576 dimiserunt,
1826 2515 1970 2579 ficque

581 2584 713 2628 nostri
737 2600 839 2630 cum
858 2586 1082 2649 triumpho
1108 2587 1205 2633 sunt
1225 2586 1375 2634 reverfi
1399 2586 1625 2634 laudantes
1644 2590 1689 2634 ὅ(
1707 2587 1968 2635 benedicen-

582 2670 642 2699 tes
679 2655 927 2702 Dominum
961 2658 1255 2721 Sanfiumque
1280 2659 1567 2706 Demetrium.
1609 2659 1702 2706 Erat
1734 2676 1879 2707 autem
1908 2658 1969 2706 ibi
