2216 3435
607 212 693 260 186
1159 227 1420 261 ARCULFUS

600 390 698 418 tuor
736 371 1023 419 interfluentia
1057 373 1300 436 gaudenter
1336 373 1555 420 letificans.
1603 378 1643 419 ln
1682 391 1766 436 qua
1796 375 1987 420 Sarrace-

602 462 760 489 norum
803 462 874 490 rex
912 444 1096 508 adeptus
1141 446 1198 490 cst
1242 447 1535 508 principatum
1574 448 1618 491 ὃ(
1660 462 1826 509 regnat,
1865 447 1909 490 ἅ
1944 447 1986 491 in

600 517 816 561 honorem
844 517 975 561 lanch
996 517 1197 562 Iohannis
1219 518 1400 580 Baptiste
1423 516 1587 563 ibidem
1606 517 1786 580 grandis
1808 516 1987 563 fundata

599 587 656 632 est
677 586 864 633 ecclelia.
892 586 1102 649 Quodam
1129 588 1260 632 eriam
1285 589 1621 634 Sarracenorum
1652 587 1826 634 ecclelia
1852 590 1988 634 incre-

602 658 823 717 dulorum,
860 660 903 703 ὃς
929 659 1018 720 ipsa
1044 660 1087 703 in
1114 658 1269 704 eadem
1296 661 1483 718 civitate,
1511 678 1644 722 quam
1673 659 1747 723 ipsi
1787 660 1987 722 frequen-

600 747 709 788 tant,
737 729 944 776 fabricata
969 730 1038 775 est.

1083 910 1252 956 XXVII.
1293 915 1359 956 ‘De
1384 910 1502 971 Tyro.
1533 965 1536 969 ⁴

663 1057 941 1103 plurimarum
957 1073 1213 1120 peragrator
1229 1058 1463 1120 regionum
1478 1058 1618 1103 noller
1628 1057 1842 1117 Arculfus‚
1857 1058 1988 1103 etiam

596 1129 778 1188 Tyrum,
810 1128 1032 1174 Phoenicis
1064 1130 1290 1191 provincie
1322 1129 1621 1192 metropolim,
1650 1130 1864 1185 introivit,
1904 1146 1989 1190 que

598 1197 806 1244 hebraico
837 1202 881 1245 ὃς
909 1201 1004 1261 syro
1037 1201 1236 1246 sermone
1263 1201 1395 1261 Τῶν]
1423 1200 1681 1264 appellatur,
1707 1218 1790 1263 que
1821 1200 1988 1246 nullum

597 1270 791 1317 habuisse
810 1271 864 1317 de
880 1289 988 1318 terra
1009 1273 1236 1318 introitum
1256 1275 1299 1318 in
1319 1274 1456 1336 grecis
1478 1275 1522 1318 ὃς
1543 1273 1685 1318 latinis
1712 1272 1988 1334 barbarisque

597 1343 777 1388 historiis
813 1343 984 1407 legitur.
1032 1343 1115 1390 Sed
1156 1346 1303 1406 postea
1342 1363 1365 1390 a
1406 1343 1840 1401 Nabuchodonosor,
1886 1361 1988 1408 rege

596 1413 915 1471 Chaldeorum,
941 1416 1123 1460 iaciatos
1150 1414 1235 1461 effe
1255 1434 1438 1479 aggeres
1460 1417 1660 1462 nonnulli
1685 1415 1917 1474 affirmant,
1943 1417 1988 1461 ὃς

596 1488 935 1550 oppugnatione
965 1487 1113 1532 iaculis
1144 1489 1188 1532 ὃς
1221 1486 1423 1533 arietibus
1452 1489 1604 1533 locum
1639 1487 1760 1533 fuiffe
1784 1505 1987 1551 prepara-

596 1576 702 1616 tum,
736 1575 787 1603 ac
814 1557 972 1603 deinde
1004 1558 1186 1603 inlulam
1225 1559 1385 1605 faciam
1419 1558 1529 1605 effes)
1560 1560 1705 1622 campi
1738 1559 1980 1622 planitiem

596 1632 692 1676 Hec
729 1630 907 1708 pulchra
942 1631 986 1675 ὃς
1022 1628 1179 1675 nobilis
1217 1630 1344 1676 valde
1378 1648 1481 1689 erat,
1520 1649 1604 1693 que
1636 1648 1727 1677 non
1766 1632 1986 1677 immerito

595 1703 726 1748 latine
762 1703 1066 1763 interpretatur
1099 1702 1306 1765 angusta3
1339 1721 1441 1748 nam
1468 1702 1655 1748 eandem
1683 1720 1790 1748 terre
1816 1702 1985 1749 dimen-

596 1772 761 1818 sionem
795 1774 1023 1836 angustam
1059 1772 1189 1819 hahet
1225 1774 1360 1819 insula
1392 1776 1436 1819 ὃς
1474 1775 1635 1820 civitas.
1670 1774 1766 1819 Hec
1802 1775 1845 1818 in
1878 1790 1988 1819 terra

596 1844 815 1890 Chanaan
840 1842 993 1907 polita,
1022 1843 1075 1890 de
1101 1862 1187 1906 qua
1215 1845 1368 1891 mulier
1388 1845 1630 1891 Chananea
1654 1843 1737 1892 sive
1760 1846 1987 1909 Tyrophe-

596 1914 706 1961 niffa
731 1917 775 1961 in
804 1916 1054 1979 Evangelio,
1080 1933 1358 1962 commorata
1385 1918 1454 1963 est.

663 1987 923 2034 Notandum
949 1989 1092 2051 itaque
1118 1989 1189 2047 est,
1218 1989 1339 2050 quod
1365 1991 1498 2036 [anesii
1527 1989 1690 2035 Arculfi
1710 1988 1764 2034 de
1790 1987 1865 2034 situ
1884 1988 1987 2048 Tyri

596 2062 640 2105 ὃς
676 2059 730 2105 de
761 2059 835 2104 litu
865 2061 1026 2105 montis
1052 2059 1258 2106 Thabors
1287 2061 1438 2107 relatio
1466 2079 1543 2124 per
1569 2062 1719 2106 omnia
1744 2059 1988 2106 concordat

596 2147 698 2176 cum
724 2131 803 2191 his,
826 2149 911 2194 que
930 2133 1120 2196 superius
1147 2132 1201 2178 de
1226 2134 1359 2179 sancii
1380 2134 1641 2193 Hieronymi
1661 2132 1986 2177 commentariis

602 2220 804 2266 excerpta
831 2203 1074 2249 detulimus.
1102 2205 1365 2250 Similiter&
1391 2222 1455 2263 ea,
1477 2221 1560 2266 que
1591 2205 1715 2266 supra
1742 2202 1796 2248 de
1822 2204 1985 2249 montis

594 2272 774 2320 Thabor
808 2274 882 2320 {itu
909 2278 953 2321 ὃς
980 2276 1137 2334 forma,
1165 2277 1281 2321 iuxta
1317 2276 1448 2321 sancii
1480 2274 1642 2320 Arculfi
1673 2275 1984 2333 narrationem,

596 2344 908 2408 destripfimus,
938 2347 1059 2392 nullo
1086 2346 1331 2409 discrepant
1356 2346 1496 2392 modo
1524 2345 1576 2391 ab
1603 2346 1680 2405 his,
1719 2363 1803 2408 que
1830 2345 1883 2391 de
1909 2344 1983 2391 fitu

597 2417 788 2463 eiusdem
815 2419 976 2463 montis
1002 2421 1047 2464 ὃς
1071 2420 1179 2463 mira
1205 2418 1471 2464 rotunditate
1497 2419 1665 2464 sandius
1686 2418 1983 2478 Hieronymus

596 2506 751 2535 narrat.
781 2492 818 2535 Α
847 2507 934 2552 quo
956 2489 1159 2536 videlicet
1182 2488 1362 2535 Thabor
1387 2506 1539 2536 monte
1565 2490 1697 2551 usque
1723 2488 1779 2535 ad
1800 2489 1982 2535 Damas-

596 2577 697 2606 cum
722 2562 799 2606 iter
823 2560 1019 2624 septemd
1040 2560 1210 2607 dierum
1234 2562 1419 2606 interest.
1438 2573 1450 2590 ⁶

643 2716 673 2736 a.
698 2704 770 2747 Mff.
784 2729 792 2745 ,
813 2706 862 2736 ed.
889 2706 979 2736 Soar.
1009 2723 1051 2728 —
1082 2705 1114 2736 b.
1138 2703 1190 2746 B.;
1215 2703 1245 2736 δι
1333 2721 1375 2726 -
1391 2701 1423 2734 d.
1441 2701 1490 2735 Al.
1508 2702 1594 2734 oete.
1614 2719 1657 2724 ——
1673 2711 1699 2733 e.
1715 2700 1762 2740 L.,
1776 2700 1812 2732 R.
1827 2706 1980 2743 quatuor.

595 2757 707 2790 omitto.
723 2776 763 2781 —
779 2768 805 2790 c.
818 2759 956 2790 ‘lantum
972 2758 1004 2790 L.
1021 2757 1063 2790 de
1071 2756 1129 2789 situ
1145 2767 1186 2788 m.
1198 2755 1246 2788 T.
