2216 3435
834 274 1128 308 PRAEFATIO.
1620 264 1665 308 ix

285 422 440 463 Crucem
443 422 668 479 sumendam
681 420 860 473 impellat,
872 420 1044 477 censeres,
1057 426 1240 459 auctorem
1251 424 1455 458 tractatum
1468 419 1662 471 quendam,

284 487 370 544 ase
390 486 589 538 aliquando
610 486 706 525 docte
727 486 772 524 {5⁹
792 486 932 524 erudite
958 484 1216 541 conscriptum,
1245 498 1325 522 cum
1353 483 1515 522 oratione
1535 483 1664 523 hahita

258 604 259 607 Ἰ
283 550 514 606 composuzſje
534 551 578 588 ΕΞῘ
597 551 634 589 in
664 565 777 589 unum
803 550 993 604 redegiſje,
1025 563 1252 600 quamquam
1283 547 1405 586 altera
1436 562 1516 586 cum
1547 547 1664 587 altero

277 624 420 668 parum
441 624 663 654 conveniret.

336 679 410 718 Sed
429 689 570 733 putare
597 680 802 730 mallemus,
832 678 1006 718 orationis
1026 677 1327 717 commentarium
1346 675 1556 715 inchoatum
1578 675 1667 730 five

281 745 452 784 materiae
470 744 744 802 descriptionem
763 744 1020 797 imperfectam
1041 744 1198 797 exstare,
1235 743 1294 781 cui
1321 750 1502 781 extremus
1530 751 1666 795 perpo-

282 809 394 848 liendi
419 809 534 862 operis
562 809 672 849 labor
698 808 799 864 defit.
834 808 983 858 Auctor,
1017 822 1100 859 quae
1123 807 1406 860 praemeditatus
1424 808 1467 846 Εἴ
1488 821 1666 845 commen-

281 883 380 914 tatus
407 874 619 924 invenerat,
650 883 774 927 aperte
802 874 962 912 nondum
990 872 1165 928 disposuit
1175 892 1190 918 ;
1225 872 1359 928 versus
1389 872 1481 910 enim
1503 887 1518 910 e
1539 870 1666 925 Scrip-

281 949 373 979 tura
395 939 522 996 sacra
551 939 759 994 proposttus
793 939 893 993 deest,
927 939 1021 977 unde
1051 937 1167 977 oratio
1191 937 1363 990 pendeat,
1385 936 1463 993 sed
1489 936 1668 976 orationes

277 1005 572 1058 praedicatorum
589 1005 749 1057 pendere
758 1004 893 1062 solent,
923 1019 1034 1055 neque
1056 1002 1141 1055 finis
1160 1003 1334 1042 orationis
1350 1003 1501 1056 prostat.
1531 1000 1665 1054 ,Quum

280 1070 374 1108 enim
391 1078 457 1108 toto
473 1069 700 1124 attentiffimo
717 1069 838 1108 animo
854 1069 1053 1108 audiamus
1063 1068 1351 1121 praedicatorem
1367 1066 1537 1118 exemplis
1555 1066 1668 1122 illus-

280 1143 456 1184 trantem,
476 1135 647 1186 quomodo
667 1134 910 1188 crucifignati
929 1133 1009 1172 Dei
1025 1148 1141 1172 manu
1163 1132 1410 1186 omnipotentis
1419 1132 1525 1189 saepe
1546 1132 1667 1170 adiuti

277 1200 437 1252 fuerint,
453 1199 583 1256 sermo
600 1199 761 1251 inceptus
783 1207 866 1238 ante
876 1198 993 1252 finem
1014 1197 1212 1249 legitimum
1227 1197 1411 1253 praecisus
1430 1199 1489 1250 ess'.
1512 1196 1665 1236 Nihilo-

281 1264 402 1304 minus
431 1264 548 1303 oratio
580 1265 706 1318 nostra
731 1263 934 1317 permagni
960 1264 1011 1315 est
1037 1262 1216 1312 momenti,
1252 1262 1382 1315 quippe
1412 1277 1494 1314 qua>
1523 1262 1671 1314 aliquid

281 1329 370 1368 novi
389 1328 535 1382 afferat
553 1329 608 1367 ad
617 1328 915 1381 praedicatorum
935 1327 1085 1366 illorum
1101 1327 1287 1382 sermones
1307 1327 1571 1384 cognoscendos.

337 1393 630 1432 Praedicatorem
651 1394 814 1445 nostrum
833 1392 1104 1445 anglo-gallica
1119 1392 1263 1445 lingua,
1280 1408 1391 1445 quam
1409 1393 1537 1444 equites
1553 1392 1667 1431 calle·-

281 1469 374 1508 rent,
405 1458 511 1511 usum
529 1457 670 1511 fuiſje,
701 1456 901 1512 verisimile
931 1459 990 1511 (st,
1025 1458 1120 1496 unde
1149 1457 1244 1497 hanc
1273 1456 1595 1498 Ordinationem
1617 1457 1666 1496 de

281 1523 569 1576 praedicatione
590 1521 735 1562 sanciae
757 1522 918 1572 Crucis,
933 1521 1021 1577 five
1040 1522 1208 1562 Thema
1229 1522 1426 1561 orationis
1447 1522 1494 1561 ad
1518 1522 1666 1563 Crucis

279 1585 591 1640 assumptionem
619 1587 826 1627 invitantis
852 1587 889 1626 in
925 1587 1094 1639 linguam
1127 1587 1298 1636 latinam,
1329 1602 1441 1639 quam
1469 1587 1593 1626 clerici
1622 1589 1666 1628 ἔθ’

279 1651 446 1692 monachi
458 1653 741 1706 praeponebant,
762 1652 916 1709 versam
924 1652 1049 1708 fuzffi’
1071 1653 1323 1692 arbitramur.

332 1717 434 1771 Quis
454 1726 575 1756 autem
598 1717 693 1756 hanc
714 1717 975 1757 ordinationem
996 1717 1266 1775 conscripserit,
1283 1717 1407 1770 facile
1427 1716 1577 1771 definiri
1594 1732 1664 1756 non

276 1784 409 1837 potest;
434 1797 544 1834 quum
561 1797 653 1821 vero
675 1791 802 1821 orator
810 1782 1029 1839 sententias,
1047 1782 1316 1834 anglo-gallica
1339 1782 1471 1834 lingua
1483 1782 1667 1838 scriptas,

279 1847 497 1901 &exempla
509 1847 845 1902 crucesignatorum
856 1848 1046 1900 proferat,
1063 1857 1074 1877 1
1091 1847 1155 1899 qui
1170 1862 1213 1886 ex
1217 1846 1508 1902 septentrionali
1525 1846 1666 1886 Galliae

280 1913 424 1965 regione
444 1912 525 1950 nati
535 1912 636 1967 sunt,
649 1923 667 1942 2
680 1912 800 1968 ipsum
820 1912 902 1951 inde
919 1920 1039 1950 ortum
1048 1911 1175 1965 suff
1195 1911 1313 1964 colligi
1328 1911 1418 1950 licet.
1440 1910 1667 1964 Radulphus

280 1977 322 2016 de
352 1976 585 2029 Coggefhale,
608 1987 623 2017 3
656 1977 924 2030 praedicatores
947 1976 1097 2033 sanctae
1133 1975 1263 2015 Crucis
1299 1976 1337 2015 in
1371 1974 1509 2028 Anglia
1548 1975 1667 2016 IVico-

280 2041 402 2092 laum,
411 2042 514 2098 sedis
543 2042 744 2096 apostolicae
776 2041 956 2094 legatum,
990 2056 1123 2080 necnon
1165 2040 1226 2080 W
1224 2041 1398 2092 alterum,
1432 2040 1666 2080 archidiaco-

279 2121 367 2145 num
398 2105 697 2164 Londoniensem,
719 2108 762 2146 {5⁹
789 2106 1014 2160 Philippum,
1035 2106 1255 2159 magistrum
1279 2105 1522 2163 Oxoniensem
1540 2106 1667 2162 fuiffe

1016 2207 1167 2241 conferas
1207 2207 1384 2248 Rohricht,
1427 2208 1662 2251 Beitra'ge,11,

1018 2272 1093 2302 327.
1142 2261 1269 2294 Praeter
1315 2260 1374 2293 hos
1414 2262 1531 2294 ειυὲὶοι·
1567 2273 1662 2294 men-

331 2219 342 2239 1
368 2208 558 2250 Ordinacio,
578 2221 633 2249 20,
654 2222 711 2247 24,
734 2212 789 2241 26.

329 2262 614 2294 2Commemorat
642 2262 689 2305 (p.
718 2262 780 2305 25)
809 2263 931 2305 Hugo-

280 2326 354 2347 nem
367 2314 408 2346 de
418 2315 753 2358 Beauchamp‚quem
767 2314 797 2346 in
814 2314 931 2357 proelio

280 2367 464 2400 Hattinenfi
480 2369 756 2401 MCLXXXVII
766 2366 931 2408 cecidiffe,

279 2421 481 2454 Benediffius
494 2421 768 2465 Petroburgenfis
784 2423 829 2462 (ι,
847 2423 929 2462 3603

282 2485 322 2515 11,
353 2476 409 2516 22)
440 2483 563 2516 narrat,
597 2476 859 2519 Enguerranum
889 2475 930 2506 de

282 2528 392 2561 Boves
414 2527 535 2572 (prope
554 2528 801 2572 Ambianum),
821 2528 876 2572 qui
898 2527 928 2559 ἱη

280 2588 404 2624 quarto
428 2581 514 2613 bello
541 2581 632 2614 sacro
663 2581 810 2614 versatus
836 2580 930 2614 fuiffe

280 2633 401 2666 dicitur
435 2633 597 2675 (Eracles,
631 2634 662 2667 in
701 2635 737 2667 R.
775 2637 830 2667 des
863 2634 929 2678 hist,

281 2699 341 2720 occ.
365 2690 421 2719 des
440 2689 507 2728 Cr.,
529 2697 570 2727 11,
589 2700 677 2730 2443
716 2687 757 2721 cf.
779 2688 933 2730 Klimke,

281 2739 416 2783 Qellen
451 2741 482 2772 d.
522 2751 570 2773 ιν.
613 2741 684 2781 Κν.,
723 2752 753 2784 p.
787 2741 861 2784 90),
901 2741 931 2773 δι

282 2792 473 2826 Walterum
509 2793 551 2826 de
589 2793 745 2835 Avesnis,
786 2794 828 2826 de
861 2805 930 2838 quo

1015 2314 1142 2346 tionem
1167 2312 1244 2345 facit
1265 2314 1405 2346 fratrum
1431 2314 1468 2356 ij,
1494 2314 1662 2357 Eusta‹.·hij

1015 2367 1137 2399 scilicet
1161 2368 1191 2399 <Sc
1212 2366 1404 2400 Godofredi
1431 2367 1472 2399 de
1499 2367 1666 2410 Bullione,

1015 2431 1157 2464 quorum
1179 2420 1266 2463 prior
1285 2419 1317 2452 in
1339 2432 1451 2464 pugna
1474 2421 1608 2453 cecidit.

1066 2485 1080 2514 3
1100 2474 1269 2515 Martflne,
1281 2471 1376 2515 ‘Thes
1393 2474 1569 2515 Anecd.,v,
1582 2477 1663 2517 873,-

1017 2526 1177 2567 Pottlmst,
1217 2526 1358 2570 Regesta‚
1395 2532 1436 2558 n⁰
1467 2538 1583 2569 47z7;
1622 2528 1664 2559 cf.

1019 2581 1187 2621 Matzner,
1221 2591 1250 2624 p.
1287 2591 1336 2621 ¹9.
1368 2581 1421 2612 De
1454 2581 1580 2613 Iacobo
1609 2580 1665 2612 Vi-

1016 2632 1176 2667 triacenfi.
1217 2641 1336 2676 praeter
1368 2633 1534 2665 Matzneri
1569 2633 1666 2676 opus-

1015 2687 1126 2720 culum
1146 2687 1333 2731 egregium,
1354 2686 1482 2720 videas:
1503 2687 1582 2730 Hist.
1603 2686 1663 2719 litt.

1015 2742 1054 2773 de
1076 2741 1211 2779 France,
1236 2750 1342 2781 xvnr,
1371 2743 1543 2781 209-246‚·
1567 2739 1665 2772 Ville-

1016 2794 1196 2834 hardouin,
1217 2794 1267 2826 ed.
1289 2795 1344 2827 Du
1363 2795 1492 2838 Cange,
1513 2797 1590 2834 318.

1471 2846 1498 2892 b
