2216 3435
609 118 718 174 xxxij
1159 132 1456 166 PRAEFATIO.

609 275 783 326 redafflo,
811 277 941 316 bonum
963 277 1086 333 visum
1107 279 1168 330 esi,
1188 278 1363 329 eumdem,
1385 288 1539 333 propter
1558 288 1681 319 notam
1709 294 1792 331 quae
1818 278 1855 318 in
1887 278 1992 319 huius

606 342 776 394 margine
790 341 908 397 postta
929 345 989 392 esi,
1002 350 1014 371 ¹
1038 358 1142 382 recen
1137 342 1211 398 fito
1231 345 1344 383 textui
1363 345 1578 398 adiungere,
1596 346 1650 386 ita
1665 354 1707 384 ut
1706 344 1877 400 studiosis
1896 343 1993 384 viris

606 405 802 458 opinionem
818 407 945 464 perse
956 406 1180 462 fibifacere
1195 408 1330 447 liceret.

661 470 845 524 [Optimos
897 472 1048 525 denique
1096 471 1136 512 V
1132 473 1377 528 indobonenfis
1422 473 1657 514 Bibliothecae
1701 475 1831 514 codices
1871 473 1993 530 serius

607 546 768 590 repertos
783 568 794 588 ,
851 552 984 577 necnon
1040 538 1217 590 quaedam
1254 539 1485 592 fragmenta
1538 540 1575 579 in
1622 541 1759 580 duobus
1807 541 1996 589 codicibus,

607 616 763 654 quorum
799 618 892 643 unus
921 603 1086 643 Monaci
1117 604 1154 642 in
1185 603 1382 655 Bavaria,
1416 605 1512 645 alter
1547 604 1732 645 Lauduni
1757 607 1795 645 in
1824 605 1993 646 Francia

607 662 855 716 affer-vatur,
896 663 1098 717 praecipuis
1141 677 1266 702 eorum
1307 663 1511 704 lectionibus
1553 666 1751 719 excerptis,
1795 666 1849 705 ad
1877 664 1993 719 finem

607 726 713 766 huius
739 727 937 767 voluminis
963 727 1168 767 retulimus.
1204 725 1310 767 Titus
1343 726 1478 768 Tobler
1508 730 1666 769 codicum
1691 730 1844 784 istorum
1873 730 1994 770 haud-

607 806 796 844 quaquam
828 793 986 845 ignarus
1015 802 1111 843 erat,
1131 802 1262 847 quippe
1284 793 1349 845 qui
1375 792 1415 833 V
1411 794 1686 850 indobonensem
1709 796 1754 834 δ’
1783 794 1994 849 Tegernen-

604 857 679 910 sem
700 858 738 897 in
759 858 929 898 manibus
948 857 1143 898 habuerit:
1163 874 1232 898 cur
1251 859 1339 914 istis,
1359 868 1393 898 et
1406 872 1419 898 1
1439 859 1590 912 optimis,
1620 860 1674 899 uti
1691 860 1860 912 noluerit,
1880 861 1995 915 plane

607 923 796 977 nescimus.
814 948 862 951 —
886 924 937 963 A.
961 923 1194 977 Molinier.]

662 988 849 1028 Caeterum
864 990 901 1029 in
917 989 1094 1045 impreffis
1110 990 1286 1030 codicibus
1311 991 1490 1030 nonnulla
1511 990 1618 1030 utilia
1640 992 1859 1045 reperimus,
1873 992 1996 1046 plura

608 1054 751 1106 quidem
779 1054 816 1093 in
847 1055 995 1095 editione
1009 1056 1182 1110 principe
1205 1055 1388 1112 Gretseri,
1404 1056 1589 1110 pauciora
1609 1056 1646 1096 in
1667 1057 1816 1097 editione
1836 1057 1995 1098 Mabil-

606 1120 709 1171 lonis,
731 1120 793 1174 qui
811 1119 898 1177 mss.
920 1122 1020 1161 codd.
1047 1120 1228 1162 Vaticano
1249 1122 1294 1161 Εἴ
1313 1121 1520 1177 Corbeienst
1537 1122 1624 1179 usus
1644 1123 1702 1175 est.

661 1188 703 1228 A
704 1189 819 1243 rculfi
833 1190 932 1245 (five
943 1189 983 1230 A
986 1191 1181 1242 damnani)
1199 1188 1333 1245 divisto
1347 1190 1383 1229 in
1397 1190 1562 1243 capitula
1577 1190 1678 1230 nullo
1691 1191 1793 1230 modo
1807 1191 2000 1250 respondet

609 1254 779 1310 divisioni
797 1271 821 1295 a
849 1255 958 1296 Beda
985 1255 1164 1307 instituta,
1194 1270 1305 1308 quam
1335 1271 1396 1296 nos
1420 1255 1457 1294 in
1478 1254 1540 1295 hoc
1560 1265 1658 1295 textu
1688 1256 1905 1310 conferendo
1926 1257 1996 1296 ad-

609 1319 732 1361 hibere
752 1321 940 1362 debuimus
948 1342 965 1368 ;
994 1330 1191 1374 utrumque
1213 1331 1299 1375 opus
1325 1330 1458 1362 attente
1472 1321 1688 1376 perlegenti,
1709 1321 1772 1362 hoc
1792 1323 1995 1363 evidentius

605 1387 758 1441 patebit.
791 1387 837 1427 In
860 1387 900 1427 A
903 1387 1028 1441 rculso
1047 1387 1271 1443 divistostve
1289 1387 1503 1441 capitulatio
1517 1387 1719 1440 paululum
1740 1387 1898 1444 diversa
1919 1389 1969 1442 est
1981 1409 1997 1435 ;

610 1453 709 1493 tituli
733 1454 841 1493 etiam
860 1454 898 1493 in
930 1463 1082 1507 utroque
1103 1469 1172 1493 non
1203 1453 1343 1493 omnino
1361 1452 1502 1508 fimiles
1517 1453 1618 1508 sunt.
1650 1452 1716 1493 Illi
1743 1462 1864 1492 autem
1892 1454 1996 1508 capi-

610 1518 771 1558 tulorum
797 1518 895 1559 tituli
904 1519 942 1558 in
968 1518 1218 1573 antiquiffimis
1243 1519 1344 1558 codd.
1368 1519 1630 1572 reperiuntur:
1656 1519 1695 1558 in
1711 1519 1893 1559 nonnullis
1911 1528 1998 1559 tan-

609 1585 790 1624 tummodo
822 1586 948 1638 cuique
982 1585 1076 1624 libro
1102 1583 1257 1638 praefixi
1287 1584 1385 1639 sunt.
1416 1583 1463 1624 In
1497 1584 1581 1624 aliis
1605 1598 1697 1624 vero
1720 1586 1765 1625 6³⁹
1793 1584 1848 1624 hic
1882 1585 1927 1624 {9⁹
1958 1585 1996 1624 in

610 1658 709 1689 textu
739 1659 822 1690 ante
852 1651 1014 1703 quodque
1042 1650 1246 1704 capitulum
1273 1649 1507 1706 transcripta
1524 1649 1633 1706 sunt.
1664 1649 1712 1689 In
1735 1650 1860 1703 primo
1889 1651 1997 1691 etiam

610 1714 705 1754 libro
715 1713 907 1756 XVII&
918 1714 1269 1769 XVIIIcapitula,
1286 1724 1327 1754 ut
1339 1715 1447 1769 apud
1456 1714 1614 1765 Bedam,
1625 1714 1663 1754 in
1677 1729 1791 1754 unum
1807 1716 1998 1756 coniunc'ta

607 1781 719 1837 sunt:
734 1790 928 1835 praeterea
948 1781 1077 1831 locum,
1091 1780 1195 1836 ficut
1216 1781 1292 1838 ipse
1306 1781 1399 1833 fecit
1416 1780 1452 1820 d.
1473 1780 1621 1834 Delpit,
1648 1796 1691 1819 ex
1710 1779 1773 1820 lib.
1797 1780 1831 1831 I,
1851 1796 1881 1821 e.
1903 1781 1999 1822 III:

613 1863 629 1883 «
654 1845 702 1886 ln
737 1846 879 1887 eadem
900 1861 998 1886 vero
1026 1844 1194 1885 ecclefia
1214 1876 1328 1885 .....
1352 1843 1598 1885 sacrosan&
1624 1844 1812 1898 mysteria
1830 1862 1847 1882 »
1876 1846 2000 1900 logica:

611 1911 798 1952 relationis
811 1912 947 1964 gratia
954 1911 1062 1969 sexto
1082 1910 1243 1964 capitulo
1264 1910 1512 1950 adiunximus.

665 1972 816 2030 Arculfi
841 1976 943 2015 codd.
973 1975 1125 2028 quidam
1148 1975 1304 2030 figuras
1330 1976 1520 2021 continent,
1546 1975 1584 2014 in
1614 1975 1743 2028 quibus
1765 1976 1999 2030 ecclesiarum

610 2041 883 2097 Hierosolymae
897 2041 1069 2094 formam
1091 2041 1256 2096 depinxit
1275 2048 1415 2081 anaor.
1436 2040 1553 2094 ¹Quas
1575 2041 1613 2079 in
1641 2040 1710 2081 hac
1724 2041 1906 2098 praefinti
1923 2043 1999 2082 edi·-

610 2108 702 2148 tione
720 2108 887 2160 integras
912 2122 982 2147 non
1010 2107 1104 2147 dare
1119 2106 1279 2161 placuit,
1311 2105 1413 2146 hodie
1442 2106 1728 2158 diagrammata
1753 2108 2000 2148 tantummodo

611 2173 649 2212 in
669 2182 768 2212 textu
787 2172 952 2228 inserere
958 2172 1031 2229 sat
1043 2171 1239 2212 habuimus
1249 2192 1266 2218 ;
1286 2186 1368 2225 quae
1390 2172 1483 2212 enim
1491 2171 1622 2228 serius
1641 2172 1679 2212 in
1699 2170 2000 2225 Iconographia

615 2238 804 2279 Orientis
826 2237 939 2278 latini
961 2239 1123 2278 exactius
1142 2238 1372 2293 referentur.

665 2303 864 2358 Quamvis
883 2319 907 2344 a
927 2304 1052 2344 multis
1078 2303 1190 2359 usque
1211 2303 1266 2343 ad
1281 2302 1376 2343 hanc
1395 2303 1489 2342 diem
1510 2303 1758 2359 manuscripti
1776 2303 1906 2342 codices
1926 2302 1999 2342 col-

611 2369 684 2409 lati
691 2369 785 2425 stnt,
804 2368 1041 2409 nihilominus
1061 2368 1298 2424 manifestum
1319 2368 1483 2408 omnibus
1502 2368 1574 2407 erit
1590 2383 1728 2408 novam
1748 2369 1856 2424 ssam
1876 2368 2000 2408 editio-

612 2449 692 2474 nem
713 2435 874 2474 maxime
896 2434 1020 2474 utilem
1028 2434 1135 2489 fore.

664 2550 678 2570 1
715 2538 818 2577 Quod
847 2537 985 2582 quidem
1026 2538 1268 2571 documentum
1352 2537 1422 2579 cit.‚
1442 2549 1476 2582 p.
1494 2549 1571 2570 211.

615 2592 716 2626 etiam
744 2591 902 2637 impreffit
925 2592 968 2625 de
993 2592 1187 2636 GourgueS,
1208 2593 1267 2635 Op.
