2216 3435
661 144 745 191 124
1056 140 1353 173 ANTONINUS
1389 139 1621 172 MARTYR

647 290 713 330 Set
744 289 782 330 &
811 289 1047 329 cubiculum
1071 289 1120 327 de
1141 302 1223 340 quo
1246 285 1521 339 exploratores
1548 284 1732 339 deposuit
1753 285 1791 326 &
1812 286 2032 326 oratorium

645 353 701 393 est
731 354 877 394 δεηθῶ
895 354 1042 395 Marie.
1075 352 1253 406 Lapides
1276 365 1370 391 vero
1404 351 1459 390 illi
1484 365 1586 404 quos
1609 351 1845 391 levaverunt
1868 350 1935 390 fibi
1959 350 2028 405 filij

643 412 759 453 Israel
778 414 826 454 de
844 413 1030 463 Iordane,
1052 427 1134 452 non
1159 412 1278 464 longe
1305 426 1326 450 a
1347 411 1511 450 civitate
1536 410 1706 451 Hierico
1729 409 1843 464 poslti
1876 411 1963 450 sunt
1991 411 2029 450 in

646 472 806 513 basilica
829 472 915 527 post
935 473 1069 512 altare.

699 532 753 572 Et
783 544 874 573 ante
906 530 1108 572 bafilicam
1141 544 1322 583 campus,
1344 543 1436 583 ager
1460 528 1632 569 Domini
1655 530 1693 569 in
1718 545 1800 584 quo
1825 529 2032 572 Dominus

646 609 767 633 manu
800 593 960 646 propria
993 591 1215 638 seminavit,
1245 589 1374 629 serens
1407 588 1495 629 satis
1527 587 1634 642 quali
1668 589 1804 628 modia
1827 589 1909 629 tria.
1944 590 2032 644 Qui

645 654 766 693 etiam
786 651 992 705 colligitur
1014 650 1051 690 ἃ
1073 663 1297 703 numquam
1320 648 1469 698 seritur,
1493 649 1546 688 set
1567 663 1614 688 ex
1649 649 1683 687 se
1707 649 1857 701 profert
1888 648 2032 690 semen·

646 713 867 766 Colligitur
900 723 1036 751 autem
1072 709 1205 749 mense
1242 709 1468 758 februario,
1504 708 1542 748 &
1578 708 1671 747 inde
1707 709 2035 749 communicatur

645 774 683 812 in
716 771 868 825 pascha.
893 771 1002 812 Cum
1033 768 1410 818 c‹›lle6h11nfi1erit,
1441 779 1585 818 aratur,
1618 767 1823 808 &iterum
1857 783 1951 808 cum
1973 783 2035 808 re-

645 831 754 884 liqua
780 828 899 869 messe
921 830 1139 883 colligitur.

700 890 757 929 At
793 904 886 930 vero
924 890 1012 930 fons
1043 903 1145 942 aque
1182 902 1305 941 quem
1342 886 1566 926 indulcavit
1601 886 1797 940 Helyseus
1834 887 2033 940 propheta

646 950 780 1002 irrigat
801 964 967 988 omnem
991 949 1173 998 Hierico,
1205 947 1271 986 ubi
1294 947 1468 986 nascitur
1488 946 1629 985 vinum
1652 947 1758 999 potis
1781 947 1890 1000 quod
1915 946 2034 986 febri-

645 1009 864 1049 citantibus
895 1010 1021 1048 datur.
1054 1007 1113 1046 Ibi
1145 1007 1317 1046 nascitur
1347 1005 1542 1045 daetilum
1575 1006 1623 1045 de
1652 1005 1762 1045 libra.
1799 1005 1863 1045 Ex
1886 1006 2033 1059 quibus

646 1083 809 1108 mecum
851 1070 890 1107 in
932 1068 1134 1121 provintia
1173 1066 1320 1106 adduxi
1358 1065 1396 1105 δε
1435 1066 1527 1105 dedi
1568 1066 1661 1105 inde
1698 1080 1824 1105 unum
1864 1066 2033 1105 domino

646 1127 805 1167 Paterio
845 1128 1026 1181 patricio.
1055 1125 1115 1166 Ibi
1151 1126 1325 1165 nascitur
1359 1126 1501 1165 cedrus
1537 1125 1587 1164 de
1617 1125 1737 1165 libras
1773 1125 1812 1164 xl
1848 1124 1886 1165 &
1921 1125 2032 1178 virga

643 1186 792 1226 fascioli
825 1189 926 1227 duos
959 1188 1081 1240 pedes
1104 1186 1246 1238 longa3
1276 1185 1329 1224 ibi
1360 1183 1415 1223 est
1436 1184 1474 1224 δε
1496 1185 1586 1224 vitis
1618 1185 1725 1223 unde
1748 1185 1787 1223 in
1809 1182 2034 1224 ascensione

644 1246 818 1286 Domini
843 1246 981 1299 plenas
1004 1245 1132 1286 hastas
1153 1245 1323 1285 racemis
1345 1245 1384 1283 in
1407 1255 1547 1284 monte
1566 1243 1725 1285 Oliveti
1749 1244 1909 1284 venales
1933 1243 2033 1294 sunt,

644 1306 681 1346 &
712 1307 858 1345 exinde
888 1304 1175 1345 Pentechostes
1206 1304 1379 1343 mixtum
1410 1303 1557 1343 exinde
1589 1303 1708 1356 plena
1730 1303 1862 1343 colata
1884 1317 2035 1356 propo-

642 1377 808 1405 nuntur.
845 1365 1101 1405 Exeuntibus
1125 1364 1242 1404 nobis
1265 1365 1314 1402 de
1334 1362 1495 1402 Iericho
1518 1363 1703 1402 venimus
1724 1374 1866 1402 contra
1887 1363 2036 1403 Hiero-

643 1424 842 1465 solimam.
866 1425 964 1464 Non
984 1424 1105 1477 longe
1123 1424 1171 1463 ab
1189 1423 1357 1462 Hierico
1377 1421 1432 1461 est
1454 1421 1520 1461 illa
1541 1422 1658 1461 arbor
1680 1423 1719 1461 in
1742 1437 1821 1475 qua
1839 1422 2034 1463 Zacheus

641 1485 816 1524 ascendit
848 1498 890 1524 ut
919 1484 1074 1523 videret
1105 1483 1350 1523 Dominum.
1390 1482 1488 1537 Que
1520 1482 1638 1521 arbor
1673 1482 1772 1521 infra
1809 1482 2033 1521 oratorium

641 1540 791 1584 inclusa
821 1543 889 1594 est,
921 1543 959 1583 ἃ*
992 1557 1060 1596 per
1091 1542 1243 1582 testum
1276 1541 1443 1595 desuper
1464 1539 1565 1581 ficca
1587 1542 1756 1581 videtur.
1787 1540 1917 1594 Igitur
1937 1557 2031 1582 exe-

640 1615 756 1643 untes
774 1604 822 1642 de
842 1603 1010 1642 Hierico
1031 1602 1215 1641 venimus
1233 1612 1373 1640 contra
1392 1601 1651 1640 occidentem
1670 1601 1708 1639 in
1724 1599 1873 1640 sinistra
1892 1615 2035 1652 manu,

640 1663 678 1704 &
700 1663 937 1703 intravimus
959 1661 1073 1701 villas
1091 1661 1269 1700 Sodome
1288 1660 1325 1700 Sc
1345 1659 1565 1701 Gomorre.
1590 1661 1717 1713 Super
1735 1675 1814 1714 qua
1832 1661 2035 1714 provintia

639 1722 844 1762 descendit
867 1721 1021 1774 semper
1043 1719 1211 1759 obscura
1230 1720 1358 1759 nubes
1391 1734 1486 1758 cum
1508 1721 1634 1759 odore
1657 1719 1890 1773 sulphureo.
1923 1720 2036 1760 Nam

641 1783 751 1836 quod
786 1782 927 1820 dicunt
958 1781 1144 1819 homines
1176 1779 1225 1818 de
1248 1792 1372 1818 uxore
1395 1778 1522 1829 Loth,
1554 1793 1602 1817 eo
1626 1779 1734 1832 quod
1770 1778 1964 1832 lingendo
1986 1779 2035 1818 ab

639 1841 881 1881 animalibus
915 1840 1132 1889 minuatur,
1164 1838 1424 1877 mendacium
1459 1837 1527 1889 est,
1562 1837 1616 1877 set
1647 1837 1722 1878 stat
1751 1838 1791 1878 in
1825 1837 1924 1877 statu
1953 1853 2034 1892 quo

641 1901 726 1940 fuit.
770 1901 1048 1940 Ascendentes
1089 1899 1137 1937 de
1174 1898 1378 1937 montanis
1440 1897 1809 1937 Hierosolimorum
1849 1899 2035 1939 venimus

644 1960 874 2000 Baoridem.
906 1957 1006 1998 Inde
1036 1968 1281 1998 revertentes
1312 1958 1359 1996 ad
1394 1955 1585 1997 sinistram
1617 1957 1664 1996 ad
1697 1957 1849 2010 oppida
1884 1958 2034 1998 montis

644 2019 818 2069 Oliveti,
841 2020 1026 2058 venimus
1050 2020 1087 2057 in
1113 2017 1311 2057 Bethania
1333 2018 1379 2056 ad
1405 2027 1720 2056 monumentum
1739 2016 1900 2056 Lazari.
1925 2017 2034 2057 Nam

643 2079 900 2132 respicientes
923 2077 1046 2117 valles
1078 2078 1165 2117 illas
1196 2076 1235 2116 δε
1266 2076 1593 2129 perambulantes
1624 2074 1877 2126 monasteria,
1908 2076 2036 2116 multa

645 2139 683 2179 δι
705 2137 952 2178 mirabilium
974 2138 1078 2188 loca,
1100 2137 1276 2176 vidimus
1298 2135 1472 2175 clausam
1496 2136 1805 2175 multitudinem
1833 2136 1872 2175 in
1895 2146 2034 2176 monte

649 2198 807 2239 Oliveti
830 2197 1009 2236 virorum
1032 2211 1077 2236 ac
1099 2196 1327 2235 mulierum.

700 2257 754 2297 Et
784 2256 935 2295 rursum
967 2257 1006 2295 in
1041 2267 1182 2295 monte
1214 2255 1321 2294 unde
1345 2254 1554 2294 Dominus
1584 2253 1762 2293 ascendit
1794 2254 1841 2293 ad
1866 2265 2034 2307 patrem,

650 2318 713 2357 ubi
738 2316 776 2356 ἃ*
799 2316 974 2355 iudicare
992 2316 1140 2366 veniet,
1157 2315 1333 2355 vidimus
1351 2312 1592 2353 monasteria
1608 2312 1773 2366 copiosa
1789 2312 1827 2353 &
1844 2313 2034 2353 cellulam

646 2375 712 2415 ubi
750 2375 899 2414 inclusa
935 2376 1009 2415 fuit
1047 2375 1180 2414 sand'ffl
1217 2374 1388 2427 Pelagia.
1426 2373 1479 2412 Et
1515 2373 1553 2411 in
1586 2371 1668 2425 ipso
1705 2384 1844 2412 monte
1880 2370 2034 2425 Iacobi,

647 2434 846 2484 Zebedei,
877 2434 915 2474 δε
938 2435 1139 2487 Cleophe,
1169 2433 1207 2473 δε
1238 2433 1366 2473 multa
1386 2433 1611 2472 famosum
1646 2447 1828 2486 corpora.
1852 2432 2034 2473 Descen-

646 2494 787 2534 dentes
817 2495 866 2532 de
899 2505 1037 2533 monte
1061 2493 1235 2543 Oliveti,
1266 2493 1451 2532 venimus
1476 2493 1513 2531 in
1536 2492 1672 2532 villam
1703 2491 1969 2533 Gethsemani
1992 2493 2031 2532 in

647 2553 741 2593 loco
764 2553 831 2591 ubi
855 2552 1063 2592 Dominus
1082 2553 1249 2592 traditus
1271 2550 1336 2591 est.

704 2611 750 2651 In
777 2627 859 2665 quo
890 2612 977 2651 sunt
1005 2613 1077 2651 tria
1106 2611 1304 2661 accubita,
1337 2612 1373 2650 in
1406 2626 1484 2665 que
1520 2611 1585 2651 ille
1606 2611 1809 2661 accubuit,
1837 2611 1874 2651 δι
1895 2625 1970 2651 nos
1991 2611 2031 2651 in

651 2672 938 2712 benedicstione
968 2672 1246 2722 accubuimus,
1277 2670 1331 2725 &s
1347 2672 1385 2710 in
1417 2671 1496 2724 ipsa
1524 2670 1628 2710 valle
1657 2670 1713 2711 est
1734 2672 1878 2711 domus
1900 2669 2031 2713 san<Poe
