2216 3435
477 237 542 269 DE
566 236 702 269 LOCIS
727 235 994 273 ALIQUIBUS
1019 234 1240 267 SANCTIS.
1488 234 1542 287 53

172 383 426 429 orientalem
460 382 637 445 plagam
669 382 880 444 speciat,‘²
916 380 1051 426 infrab
1090 398 1238 425 muros
1272 397 1399 442 atque
1437 381 1545 426 radi-

172 452 290 498 cibus
315 453 435 498 collis
461 453 558 498 fons
582 453 697 498 Siloa
727 453 974 515 prorumpit
1005 450 1101 513 (qui
1130 468 1221 496 non
1258 452 1439 514 semper,
1474 452 1545 497 sed
1585 463 1675 493 Siloa.

169 527 213 569 in
240 525 363 570 certis
394 524 507 569 horis
534 521 769 585 diebusque
795 539 970 569 emanat
991 540 1069 584 per
1103 538 1223 567 antra
1250 523 1435 584 saxaque
1471 522 1543 568 de-

167 597 382 656 currens),
436 595 675 640 alternante
700 611 713 627 ί’
755 612 968 656 aquarum
1004 592 1171 638 accessu
1225 594 1268 639 in
1315 593 1543 639 meridiem

167 667 271 712 fluit.
301 670 417 712 quta
437 684 609 710 murum
630 666 854 712 ierusalem
874 665 943 712 vel
967 664 1118 727 templi
1137 662 1191 709 ab
1212 665 1377 710 oriente
1396 666 1542 710 Geen-

167 757 258 785 non
289 739 490 795 occurrit,
516 739 638 782 vallis
662 741 863 800 Iosaplzait‚
899 754 923 781 a
950 737 1245 798 septentrione
1281 736 1323 780 in
1355 736 1542 781 austrum
1563 748 1658 778 Vallis
1674 748 1820 788 10saphat.

160 812 374 873 porrecta,
411 825 487 871 per
523 825 656 870 quam
691 825 871 867 torrens,
901 805 1112 868 siquando
1138 806 1382 869 pluviarum
1408 824 1540 869 aquas

161 883 327 944 recipit,
360 879 560 925 decurrit.

228 953 330 998 VIII.
384 951 678 997 Circumiec'ta
717 949 1101 1010 hierosolymitane
1142 947 1256 994 urbis
1305 948 1454 1011 aspera
1495 952 1540 996 ὃς

163 1023 396 1070 montuosa
415 1039 663 1082 cernuntur,
691 1040 774 1085 que
799 1023 929 1067 etiam
946 1038 1113 1066 montem
1138 1022 1293 1065 Oliveu·
1312 1020 1427 1066 mille
1454 1039 1479 1066 a
1499 1022 1539 1066 se
1580 1034 1670 1064 Mons
1695 1034 1820 1064 oiiveti.

163 1095 393 1141 discretum
417 1093 602 1157 pastibus
640 1095 683 1139 in
710 1095 925 1139 orientem
958 1092 1219 1155 prospeclat.
1266 1093 1365 1137 Due
1398 1093 1443 1137 in
1485 1109 1539 1138 eo

161 1164 335 1213 ecclesie
372 1164 648 1211 celeberrime
686 1162 922 1209 habentur:
966 1180 1051 1208 una
1084 1163 1128 1207 in
1164 1160 1324 1207 eodem
1359 1161 1540 1208 fundata

161 1239 279 1298 lom,
305 1238 347 1282 in
374 1253 464 1298 quo
485 1237 705 1281 Dominus
727 1234 782 1281 ad
804 1233 1040 1296 discipulos
1058 1234 1154 1279 suos
1173 1231 1366 1278 habuisse
1386 1232 1540 1279 dicitur

164 1309 395 1368 sermones,
416 1309 548 1354 altera
561 1310 604 1353 in
619 1308 737 1367 loco,
758 1306 812 1352 de
825 1324 914 1368 quo
930 1305 1073 1351 celum
1091 1302 1327 1350 ascendisse
1346 1304 1538 1352 traditur.

227 1380 293 1425 IX.
330 1381 410 1425 Sex
434 1378 622 1425 millibus
649 1380 879 1424 Bethlehem
917 1375 971 1422 ab
1005 1376 1312 1435 Hierosolyma
1345 1376 1388 1420 in
1413 1378 1539 1421 meri—
1581 1389 1770 1419 Bethlehem.

157 1450 289 1496 diano
313 1450 445 1496 latere
472 1448 643 1508 secedit,
669 1467 754 1511 que
778 1448 930 1493 humili
954 1464 1081 1492 muro
1101 1450 1146 1493 ὅς
1171 1446 1334 1509 absque
1353 1446 1536 1493 turribus

158 1521 450 1586 angustiffimo
489 1521 629 1584 spatio
666 1519 984 1566 circumdatur:
1021 1517 1095 1564 ubi
1124 1519 1302 1581 presepe
1336 1520 1536 1579 Domini,

160 1609 416 1640 exornatum
456 1593 630 1655 insuper
667 1607 852 1655 argento
887 1607 1019 1654 atque
1050 1608 1173 1648 aurO,
1212 1591 1397 1655 fulgenti
1432 1592 1539 1639 cella

156 1663 355 1710 ambitur.

221 1736 273 1782 X.
310 1740 463 1782 Iericho
488 1753 592 1782 vero
612 1734 664 1781 ab
685 1735 954 1781 Hierusalem
978 1735 1024 1779 in
1043 1735 1210 1780 oriente
1230 1735 1363 1781 estivo
1384 1733 1539 1782 decem
1582 1749 1706 1780 Iericho.

160 1810 204 1852 ὃς
230 1809 333 1851 ocio
363 1806 553 1853 millibus
578 1808 771 1853 excurrit.
800 1809 980 1853 Iordanis
1005 1823 1184 1869 quoque
1210 1805 1264 1852 ab
1283 1805 1439 1852 eadem
1459 1806 1539 1851 celi
1580 1817 1723 1848 Iordanis.

159 1895 279 1941 parte
305 1877 432 1924 Iudee
457 1877 740 1941 pretenditur,
767 1893 922 1939 quarto
945 1879 989 1922 ὅς
1010 1876 1293 1939 quindecimo
1314 1875 1462 1939 lapide
1483 1875 1537 1922 ab

159 1949 243 1995 Elia
267 1950 512 2012 separatur:
560 1952 648 2013 qui,
686 1951 874 2013 primum
911 1966 1029 1994 mare
1064 1947 1306 1994 Tiberiadis
1342 1948 1537 1994 insecans

159 2037 287 2082 atque
312 2039 364 2067 ex
387 2022 474 2066 hoc
499 2038 713 2085 mergens,
738 2021 866 2083 largis
892 2018 1052 2064 deinde
1077 2036 1127 2064 ac
1155 2018 1335 2081 placidis
1369 2018 1537 2064 fluenti-

158 2092 235 2138 bus
254 2094 375 2154 aquis
399 2093 442 2138 in
469 2112 576 2138 mare
596 2096 820 2139 Mortuum
842 2089 1071 2137 conditur:
1098 2091 1221 2153 quod
1242 2109 1361 2136 mare
1381 2091 1537 2135 l-Iiero-
1559 2102 1815 2132 MareMortuum.

158 2163 323 2223 solyma
349 2164 503 2227 viginti
539 2165 706 2209 circiter
746 2161 932 2208 millibus
972 2163 1155 2226 respicit.
1198 2162 1411 2222 (Iordanis
1435 2160 1536 2206 ideo

158 2232 294 2278 dicius
320 2234 392 2294 est,
419 2234 541 2296 quod
566 2233 655 2279 duo
681 2235 824 2279 fontes
850 2234 893 2278 in
921 2251 1056 2279 unum
1079 2232 1322 2293 confluunt,
1349 2249 1538 2295 quorum

157 2305 262 2350 alter
288 2304 442 2351 dicitur
467 2309 546 2364 lor,
572 2306 677 2351 alter
701 2307 802 2351 Dan
825 2304 1104 2368 appellatur.)

219 2376 287 2422 XI.
323 2380 502 2434 Hebron,
530 2379 677 2423 civitas
704 2376 931 2439 quondam
957 2377 1204 2439 gigantum,
1228 2375 1376 2439 lapide
1402 2377 1538 2422 ferme
1579 2384 1714 2413 Hebron-

156 2461 278 2493 XXII.
321 2446 375 2493 ab
422 2448 691 2494 Hierusalem
737 2447 821 2493 add
857 2446 1143 2493 meridianam
1181 2448 1360 2511 plagam
1400 2447 1535 2493 distat.

156 2520 273 2565 Mare
299 2520 512 2583 Magnum
536 2520 749 2582 nusquam
778 2520 956 2565 vicinius
984 2536 1117 2581 quam
1145 2521 1260 2565 iuxta
1286 2524 1429 2582 Ioppen
1457 2537 1536 2582 op-
1581 2529 1679 2567 Ioppe·
1712 2542 1715 2544 ·

158 2589 325 2651 pidum,
345 2590 466 2652 quod
493 2605 557 2636 XL
574 2590 629 2636 ab
651 2609 700 2636 ea
725 2593 767 2636 in
788 2591 992 2636 occasum
1006 2591 1186 2636 eslivum
1206 2590 1393 2636 millibus
1408 2591 1536 2637 abest.

202 2779 235 2800 a.
274 2767 339 2799 ΜΓ.
370 2768 531 2812 εχρεὸἶῑιῐ.
567 2788 608 2792 -
657 2770 686 2802 b.
716 2770 796 2812 Ms.,
941 2781 966 2802 c.
991 2769 1056 2801 ΜΓ.
1077 2769 1270 2802 alternante.
1290 2790 1329 2793 —
1350 2772 1381 2803 d.
1398 2770 1446 2803 Sic
1463 2782 1533 2814 ego,

158 2820 207 2853 ed.
237 2819 331 2852 intra.
888 2822 953 2855 ΜΓ,
973 2822 1066 2855 infra.
