2216 3435
634 193 700 225 DE
736 193 872 225 Loets
906 191 1128 225 SANCTIS.
1485 179 1564 242 163

197 340 428 387 medietate
452 357 541 384 non
562 356 694 402 parva
714 355 834 401 patet
848 339 1111 401 pertusura,a
1133 355 1210 400 per
1234 355 1367 400 quam
1392 337 1573 400 desuper

196 427 343 474 aperta
366 416 533 472 vestigia
551 413 698 472 pedum
724 413 896 455 ‘Domini
920 411 1048 472 plane
1080 411 1124 454 ὃς
1154 408 1297 454 lucide
1327 409 1371 453 in
1395 409 1571 470 pulvere

195 480 397 544 impressa
418 481 776 527 demonstrantur.
803 481 874 525 Illa
890 482 933 525 in
952 479 1071 526 rotab
1095 479 1149 525 ab
1174 479 1436 524 occidentali
1451 497 1572 542 parte

197 551 312 615 quafi
344 551 535 614 quedam
560 552 727 613 semper
750 567 868 613 patet
894 567 1034 612 porta,
1070 567 1116 595 ut
1145 567 1220 612 per
1245 567 1343 595 eam
1365 551 1571 597 intrantes

197 624 320 669 facile
340 622 455 668 adire
473 623 623 667 locum
642 622 791 667 sacrati
810 621 995 683 pulveris
1012 621 1184 684 possint,
1208 623 1253 666 ὅ(
1278 638 1354 683 per
1374 637 1572 682 apertum

197 694 378 756 desuper
397 693 589 740 eiusdem
607 709 701 738 rote
724 693 921 737 foramen
941 691 994 738 de
1019 693 1139 738 sacro
1162 692 1338 755 pulvere
1366 694 1570 754 porrectis

196 764 396 811 manibus
422 764 651 827 particulas
676 764 858 810 sumant.

262 838 392 900 Igitur
416 836 546 881 nostri
570 834 731 880 Arculfi
756 833 810 880 de
835 835 1020 898 vestigiis
1044 834 1228 880 Domini
1251 835 1439 879 narratio
1469 852 1570 880 cum

195 908 380 954 aliorum
422 908 584 969 scriptis
630 909 742 951 redte
782 904 1045 965 concordat,
1093 904 1216 967 quod
1260 922 1340 950 nec
1380 905 1571 953 culmine

196 978 368 1036 domus,
399 995 480 1024 nec
505 978 652 1040 aliquo
678 977 850 1039 speciali
867 977 1069 1022 inferiore
1087 978 1131 1021 ὃς
1148 976 1354 1022 viciniore
1380 979 1572 1040 tegmine

196 1050 284 1095 ullo
321 1048 460 1094 modo
501 1049 674 1112 protegi
716 1049 950 1110 potuerint,
993 1065 1039 1093 ut
1079 1049 1247 1110 semper
1282 1047 1336 1094 ab
1372 1048 1571 1095 universls

194 1119 451 1166 intrantibus
507 1120 854 1182 conspiciantur,
907 1121 952 1165 ὃς
1002 1120 1342 1165 Dominicorum
1395 1120 1573 1184 vestigia

194 1191 359 1255 pedum
402 1189 592 1236 eiusdem
631 1190 717 1235 loci
750 1191 793 1235 in
834 1190 1009 1252 pulvere
1049 1189 1222 1252 depicta
1261 1190 1374 1236 clare
1414 1191 1573 1253 poffint

193 1262 341 1309 videri.
356 1272 368 1289 ⁶
393 1263 489 1307 l-lec
520 1262 637 1307 enim
661 1261 884 1306 dominica
907 1261 1083 1323 vestigia
1107 1262 1294 1325 ingentis
1320 1261 1573 1308 claritudine

191 1332 435 1396 lampadisd
454 1333 581 1395 supra
605 1331 791 1377 eandem
811 1349 954 1377 rotam
983 1330 1155 1378 ecclefie
1178 1334 1222 1378 in
1250 1333 1448 1379 trochleis
1468 1351 1573 1396 pen-

193 1403 331 1450 dentis
356 1403 426 1449 die
450 1405 670 1465 noctuque
694 1401 956 1448 flammantis
978 1403 1287 1450 illuminantur.

259 1475 368 1532 Illius
415 1475 561 1536 itaque
606 1475 732 1536 supra
787 1490 1030 1519 memorate
1078 1473 1250 1520 ecclefie
1296 1475 1484 1522 rotunde
1529 1477 1573 1522 in

195 1544 454 1592 occidentali
508 1562 629 1608 parte
679 1543 742 1590 bis
792 1545 1062 1607 quaternales
1110 1546 1291 1608 superne
1340 1546 1573 1594 fabrefacste

194 1617 404 1663 habentur
440 1617 619 1663 fenestre
643 1618 785 1663 vitreis
810 1616 1003 1673 valvulis,
1031 1616 1185 1679 quibus
1213 1619 1360 1680 utique
1386 1620 1575 1665 fenestris

195 1688 381 1734 totidem
411 1687 636 1750 lampades
667 1689 809 1734 vicine
842 1689 1092 1734 intrinsecus
1112 1690 1157 1733 ὅ(
1186 1707 1208 1734 e
1234 1691 1414 1753 regione
1438 1690 1575 1753 posite

195 1761 238 1805 in
271 1758 443 1805 funibus
469 1759 707 1822 pendentes
736 1758 907 1805 ardent:
938 1777 1022 1821 que
1055 1759 1254 1806 videlicet
1276 1761 1499 1824 lampades
1522 1761 1575 1807 sic

195 1831 409 1876 collocate
424 1831 533 1890 sunt,
550 1847 595 1875 ut
609 1830 1048 1893 unaquequelampas
1069 1848 1149 1876 nec
1170 1831 1358 1893 superius
1378 1834 1575 1879 necinfe-

196 1903 278 1947 rius
304 1901 508 1964 pendeat,
534 1901 604 1947 sed
631 1900 745 1963 quasi
765 1901 976 1947 adherens
1002 1901 1145 1947 eidem
1165 1903 1341 1948 fenestre
1367 1903 1578 1964 videatur,

195 1975 265 2018 cui
299 1973 473 2018 interius
505 1991 527 2017 e
553 1974 733 2036 regione
764 1971 899 2035 posite
936 1974 1186 2035 propinqua
1224 1974 1462 2036 specialiter
1486 1993 1574 2022 cer-

195 2045 322 2089 nitur.
372 2044 575 2107 Quarum
622 2045 771 2106 utique
818 2043 1073 2106 lampadum
1114 2046 1157 2089 in
1200 2061 1369 2090 tantum
1410 2046 1575 2092 claritas

194 2116 392 2178 refulget,
430 2132 475 2161 ut
512 2133 661 2161 earum
697 2116 875 2174 lumine,
907 2114 1020 2178 quafi
1052 2116 1106 2161 de
1139 2115 1383 2163 summitate
1412 2121 1574 2165 montis

194 2187 358 2233 Oliveti
380 2187 714 2246 coruscantium,
742 2204 817 2249 per
837 2189 996 2232 vitrum
1016 2186 1290 2233 abundanter
1309 2188 1458 2248 effuso,
1483 2208 1573 2236 non

195 2274 363 2304 tantum
399 2277 454 2318 *ea
494 2260 656 2304 montis
693 2276 804 2321 pars,
850 2276 935 2321 que
972 2260 1111 2305 versus
1155 2261 1358 2306 occasum
1399 2261 1575 2308 adheret

193 2328 405 2375 rotunde2
429 2328 611 2388 bafilice,
661 2329 731 2375 sed
783 2331 913 2376 etiam
956 2332 1136 2376 civitatis
1177 2333 1481 2392 Hierosolyme
1520 2330 1574 2377 de

195 2401 304 2447 valle
338 2400 534 2462 Iosaphat
574 2402 767 2446 ascensus
806 2418 883 2463 per
920 2401 1134 2463 quosdam
1169 2402 1324 2465 gradus
1361 2405 1402 2449 in
1439 2404 1573 2448 altum

195 2470 425 2516 sublimans
451 2471 577 2530 clare,
612 2472 713 2517 licet
743 2473 785 2517 in
812 2471 1045 2517 tenebrosis
1070 2471 1285 2532 notstihus,
1327 2472 1574 2520 mirabiliter

193 2542 430 2600 illustretur,
452 2545 496 2588 ὃς
516 2544 655 2588 maior
676 2541 868 2588 eiusdem
890 2561 985 2606 pars
1008 2542 1121 2589 urhis
1141 2545 1331 2590 anterior
1349 2564 1372 2591 e
1393 2547 1573 2609 regione

240 2658 270 2678 a.
288 2646 339 2679 Al.
367 2646 568 2690 percussura.
596 2667 638 2671 -—
668 2648 700 2680 b.
726 2649 775 2688 B„
805 2648 841 2680 V.
928 2667 969 2671 —
991 2648 1024 2680 d.
1049 2649 1099 2687 B„
1130 2649 1162 2680 I’.
1189 2660 1308 2690 12943:
1329 2649 1510 2693 lampades,
1531 2669 1572 2674 —-

196 2700 349 2734 rotunda.
379 2719 419 2724 —-
453 2712 480 2732 c.
513 2699 563 2733 Al.
589 2700 843 2733 demonstratur.
926 2714 942 2734 e
976 2701 1027 2734 Al.
1046 2703 1074 2733 ἃ
1095 2701 1232 2747 lapidee.
