2216 3435
688 136 770 189 152
1231 136 1490 170 ARCULFUS

993 314 1097 359 Vlll.
1138 318 1203 358 ‘De
1226 315 1313 358 loco
1341 314 1488 358 altaris
1514 316 1742 359 cAbralzam.

745 418 890 477 ltaque
925 416 1036 461 inter
1066 415 1140 460 has
1170 413 1315 459 duales
1340 413 1536 459 ecclessas
1561 403 1630 459 ille
1658 415 1849 460 famosus
1877 417 2065 461 occurrit

676 487 812 546 locus,
856 488 898 533 in
941 505 1030 549 quo
1067 485 1290 531 Abraham
1336 486 1581 548 patriarcha
1622 486 1756 531 altare
1798 487 2064 549 composuit,

678 559 801 622 super
840 557 945 604 illud
978 560 1212 621 imponens
1243 558 1468 620 lignorum
1498 559 1669 616 struem,
1701 559 1746 603 ὃς
1778 575 1823 603 ut
1850 558 1958 603 lsaac
1984 559 2062 603 im-

678 630 864 675 molaret
910 630 1047 675 filium
1098 629 1244 687 suum,
1292 630 1575 692 evaginatum
1618 630 1798 693 arripuit
1843 628 2062 692 gladium:

676 701 749 749 ubi
779 720 896 748 nunc
922 702 1070 748 mensa
1096 699 1279 746 habetur
1302 701 1449 764 lignea
1482 719 1573 747 non
1600 719 1748 764 parva,
1781 702 1906 764 super
1931 719 2064 763 quam

675 792 918 837 pauperum
949 773 1227 832 eleemosyne
1253 790 1277 817 a
1302 773 1472 835 populo
1506 772 1757 819 offeruntur.
1795 772 1877 819 Sed
1909 775 1953 818 ὃς
1977 773 2065 818 hoc

676 846 781 891 mihi
823 845 1072 908 diligentius
1114 845 1402 906 interroganti
1444 845 1612 890 samus
1644 843 2064 903 Arculfus-addidit,

674 918 894 980 inquiens:
928 920 1039 962 [nter
1068 914 1313 972 anastafim,
1347 915 1432 960 hoc
1464 915 1522 961 est
1555 916 1653 978 sepe
1691 916 1815 978 supra
1848 933 2064 961 memora-

675 1006 765 1035 tam
779 987 1016 1035 rotundam
1033 986 1271 1047 ecdefiam,
1287 989 1332 1032 ὃς
1343 985 1562 1032 bafilicam
1578 987 1857 1033 Constantini
1874 986 2064 1049 quedam

675 1077 796 1124 patet
826 1062 1012 1121 plateola
1055 1062 1175 1121 usque
1210 1061 1264 1103 ad
1302 1060 1504 1123 ecclessiam
1534 1061 1852 1121 Golgotlianam,
1896 1059 1939 1104 in
1977 1075 2065 1121 qua

674 1131 878 1179 videlicet
906 1131 976 1177 die
995 1148 1046 1177 ac
1071 1135 1200 1177 noc‘te
1227 1132 1396 1194 semper
1421 1130 1649 1194 lampades
1673 1130 1838 1177 ardent.

678 1273 745 1319 IX.
760 1277 824 1319 ‘De
840 1277 983 1320 exedra
999 1280 1104 1320 intra
1121 1277 1319 1338 ecclefiam
1337 1277 1528 1322 Calvarz'e
1541 1276 1581 1320 δ’
1596 1278 1848 1335 Constantini
1863 1277 2064 1337 basilicam

731 1352 828 1408 fita,
856 1351 896 1391 in
916 1365 991 1406 qua
1018 1348 1127 1392 calix
1146 1351 1320 1392 Domini
1341 1348 1573 1410 &spongia
1593 1350 1798 1393 recondita
1820 1351 1995 1404 habetur,

797 1420 846 1462 de
869 1437 945 1477 qua
971 1423 1011 1463 in
1037 1419 1152 1480 ligno
1172 1421 1348 1480 pendens
1372 1438 1520 1464 acetum
1534 1422 1702 1481 suxerat
1727 1420 1766 1464 ὃ»
1791 1424 1938 1464 vinum.

744 1541 853 1583 {nter
886 1536 1006 1582 illam
1042 1554 1220 1599 quoque
1251 1538 1591 1601 Golgothanam
1627 1536 1849 1584 bafilicam
1879 1540 1924 1583 ὅς
1953 1555 2065 1583 mar·

678 1611 864 1670 tyriuma
894 1607 1087 1670 quedam
1117 1609 1221 1654 inest
1254 1609 1424 1668 exedra,
1454 1611 1499 1655 in
1534 1627 1621 1672 qua
1646 1610 1704 1655 est
1729 1609 1839 1655 calix
1863 1610 2065 1668 Domini,

678 1699 811 1744 quem
845 1698 871 1725 a
906 1680 947 1725 se
981 1678 1264 1725 benedic‘tum
1298 1681 1477 1742 propria
1510 1698 1642 1726 manu
1684 1682 1727 1726 in
1764 1698 1887 1739 cena,
1928 1679 2068 1743 pridie

679 1771 812 1816 quam
848 1767 1080 1815 pateretur,
1118 1751 1208 1813 ipl'e
1245 1753 1435 1798 conviva
1472 1752 1679 1814 apostolis
1710 1751 1887 1797 tradidit
1918 1751 2069 1798 convi-

676 1822 902 1872 vantibus:
941 1823 1015 1884 qui
1047 1839 1277 1886 argenteus
1302 1825 1411 1868 calix
1435 1824 1600 1883 sextarij
1626 1824 1789 1870 Gallici
1821 1823 2067 1869 mensuram

678 1895 822 1955 habet,
849 1894 1042 1956 duasque
1067 1895 1112 1938 in
1137 1894 1178 1939 se
1203 1895 1370 1940 ansulas
1397 1912 1447 1940 ex
1473 1912 1654 1957 utraque
1677 1912 1800 1958 parte
1821 1895 2068 1941 altrinsecus

678 1969 876 2013 continet
903 1963 1182 2028 compofitas.
1218 1969 1261 2011 [n
1294 1984 1383 2028 quo
1410 1967 1559 2028 utique
1585 1967 1720 2012 calice
1744 1967 1850 2012 inest
1863 1969 2063 2028 spongia,

679 2057 811 2102 quam
831 2053 957 2083 aceto
976 2036 1167 2099 plenam,
1189 2035 1378 2100 hyssopo
1400 2039 1798 2101 circumponentes,
1818 2039 2066 2084 Dominum

677 2108 980 2172 crucifigentes
1013 2107 1265 2154 obtulerunt
1291 2110 1355 2154 ori
1387 2110 1487 2155 eius.
1521 2110 1590 2154 De
1615 2109 1702 2154 hoc
1728 2109 1889 2155 eodem
1917 2108 2066 2166 calice,

677 2197 723 2226 ut
757 2180 903 2238 fertur,
940 2180 1160 2225 Dominus
1196 2180 1292 2242 post
1332 2179 1690 2225 resurrecffionem
1725 2196 1827 2224 cum
1862 2178 2067 2241 apostolis

678 2252 918 2297 convivans
956 2249 1078 2310 bibit,
1116 2268 1249 2313 quem
1290 2251 1455 2296 sanatus
1492 2251 1692 2296 Arculfus
1727 2249 1849 2310 vidit,
1885 2252 1930 2296 ὅ(
1966 2250 2067 2313 perh

676 2323 786 2368 illius
811 2323 1014 2382 scrinioli,
1040 2321 1114 2368 ubi
1139 2322 1385 2368 reconditus
1412 2321 1608 2382 habetur,
1642 2322 1839 2384 operculi
1864 2322 2064 2368 foramen

678 2392 854 2457 pertulic
899 2411 1032 2440 manu
1075 2394 1217 2456 tetigit
1257 2394 1438 2456 propria
1471 2395 1516 2438 ὃς
1553 2393 1768 2438 osculatus
1806 2393 1888 2440 est:
1933 2408 2067 2456 quem

678 2464 880 2511 videlicet
905 2465 1088 2510 calicem
1114 2466 1332 2511 universus
1357 2465 1540 2510 civitatis
1565 2465 1756 2528 populus
1781 2481 1882 2510 cum
1899 2463 2069 2527 ingenti

678 2537 961 2582 veneratione
988 2536 1245 2598 frequentat.

727 2675 755 2695 a.
785 2664 842 2704 B„
868 2664 899 2695 P.
936 2675 1068 2706 12943‚
1096 2664 1151 2705 V.‚
1183 2666 1215 2696 R.
1243 2663 1328 2696 testi-
1420 2682 1462 2687 ——
1501 2674 1528 2696 C.
1548 2663 1597 2696 Al.
1635 2663 1783 2707 percussi,
1825 2662 1995 2707 perforati.

680 2715 839 2749 monium.
860 2735 903 2740 —
923 2717 954 2749 b.
978 2717 1029 2757 B„
1053 2716 1163 2759 Gregf.
1185 2728 1241 2750 om.
1259 2716 1327 2762 pe'r.
