2216 3435
655 295 720 327 DE
755 294 893 327 Loeis
927 293 1149 327 SANCTIS.
1498 296 1587 346 239

216 453 436 483 remanent.
460 443 583 482 Hunc
605 441 742 480 locum
764 440 949 494 Armenij
973 440 1124 479 exitum
1145 438 1209 478 vel
1230 438 1423 493 egressum
1446 451 1592 480 vocant

216 513 322 542 trans
342 500 574 551 Iordanem,
595 501 633 540 id
664 500 738 539 esta
760 499 886 550 locus,
906 500 1014 539 hunc
1036 499 1165 538 ultrab
1185 513 1276 538 area
1296 513 1407 548 orne,
1433 500 1512 539 hoc
1539 500 1593 539 est

221 560 485 601 Hierusalem.
508 559 686 609 Ariel,id
704 558 759 598 est
776 558 1044 609 Hierusalem,
1058 558 1134 598 five
1153 558 1351 610 templum
1370 557 1589 598 sacrificare

215 620 294 658 hoc
329 618 383 658 est
413 618 574 658 leonem
608 617 704 667 Dei,
745 617 853 670 quod
889 617 993 656 forte
1023 631 1193 669 regnum
1225 616 1344 655 fuerit
1372 616 1409 656 ἃ
1437 628 1591 669 potens.

222 677 354 728 Helia,
374 677 410 717 id
434 676 489 716 est
506 676 772 726 Hierusalem,
802 690 879 729 que
896 676 943 715 ab
961 675 1053 715 Elio
1072 676 1254 714 Adriano
1272 675 1392 714 Helia
1413 687 1594 716 vocatur.

218 737 310 776 Nec
345 737 499 776 moveri
529 736 648 776 debet
681 735 927 789 quempiam,
961 733 987 773 fi
1023 735 1224 774 interdum
1259 735 1440 774 civitates
1474 733 1594 774 [udec

228 795 417 834 easdemd
437 796 475 834 in
506 794 610 834 tribu
633 795 832 834 Simeonis
862 793 938 833 sive
960 793 1169 833 Beniamin
1201 793 1411 846 repperiat.
1437 794 1594 835 Tribus

219 865 353 893 autem
373 852 474 893 Iuda
503 853 803 893 bellicosissimis
824 853 919 892 viris
948 852 1104 905 pollens
1127 852 1164 892 &
1185 852 1328 891 crebro
1351 852 1593 893 adversarios

217 912 405 965 superans
436 913 474 952 in
507 913 697 952 omnibus
729 911 911 951 tribubus
946 912 1216 964 principatum
1253 912 1393 950 tenuit.
1428 910 1495 951 De
1525 927 1595 952 eu-

215 971 351 1010 nucho
385 985 406 1010 a
437 970 627 1023 Philippo
661 970 866 1023 baptizato
901 969 1083 1022 apostolo
1119 970 1156 1008 in
1193 969 1329 1023 aliquo
1351 970 1461 1010 fonte
1483 971 1594 1010 iuxta

218 1030 395 1069 radicem
428 1031 578 1069 montis
601 1029 797 1069 Chebron
829 1028 882 1068 est
900 1029 1078 1068 consueti
1108 1029 1232 1069 moris
1261 1029 1368 1082 gigni
1392 1043 1413 1068 a
1434 1040 1536 1069 terra
1556 1029 1594 1069 &

215 1089 263 1128 ab
281 1102 327 1128 ea
338 1088 505 1128 absorbi.
524 1087 618 1128 Due
636 1088 817 1127 civitates
830 1102 910 1127 uno
928 1098 1070 1128 vocate
1087 1089 1252 1127 nomine
1269 1087 1465 1139 Betleem,
1483 1088 1520 1127 id
1539 1088 1593 1128 est

216 1148 256 1187 in
277 1147 383 1187 tribu
406 1147 597 1187 Zabulon
620 1147 658 1187 δε
687 1146 812 1186 altera
832 1145 943 1186 Iude.
967 1146 1221 1186 Machamim
1252 1147 1392 1187 civitas
1414 1147 1478 1187 vel
1499 1148 1592 1187 urbs

216 1207 321 1246 unde
342 1207 481 1257 homo,
502 1205 652 1246 scilieet
668 1205 854 1245 Naaman
872 1205 992 1258 Syrus
1013 1205 1060 1244 ad
1079 1205 1320 1258 prophetam
1337 1220 1431 1244 cum
1452 1220 1595 1245 mune-

216 1267 324 1306 ribus
345 1266 409 1305 sua
426 1280 499 1319 pro
517 1264 679 1304 sanitate
700 1278 722 1303 a
737 1263 861 1317 lepra,
880 1263 1081 1303 indicante
1097 1263 1164 1303 fibi
1182 1262 1247 1303 sua
1262 1263 1426 1303 Hebrea
1445 1263 1591 1305 ancilla

217 1325 311 1376 filia,
327 1326 438 1365 venit
458 1324 505 1364 ad
529 1323 747 1363 Heliseum.
771 1323 986 1363 Probatica
1006 1322 1167 1376 piscina,
1194 1323 1231 1362 id
1253 1322 1308 1362 est
1329 1323 1494 1376 pecudis
1516 1339 1594 1377 que

215 1399 238 1424 a
257 1384 416 1424 duobus
446 1384 641 1436 inrigatur
671 1383 780 1432 rivis,
801 1382 839 1421 id
861 1381 917 1421 est
944 1382 1122 1422 hibernis
1150 1383 1188 1422 δε
1210 1381 1355 1435 pluviis
1382 1383 1595 1436 adimpleri

219 1440 317 1482 solet
337 1441 375 1482 &
396 1443 573 1482 cruentis
603 1442 717 1495 aquis
746 1441 965 1481 hostiarum
993 1442 1033 1481 in
1055 1456 1100 1481 ea
1120 1442 1246 1494 gratia
1271 1442 1594 1482 emundatarum.

218 1500 426 1552 Carnaim,
447 1501 485 1540 id
503 1500 559 1540 est
578 1501 645 1540 ubi
674 1500 842 1540 domurn
875 1498 949 1540 Iob
971 1501 1082 1540 iuxta
1111 1499 1222 1540 fuiffe
1251 1499 1315 1553 alij
1340 1501 1502 1540 tradunt
1524 1516 1593 1554 pe-

216 1560 281 1599 riti
303 1559 504 1600 locorum.
527 1560 650 1600 Sidon
680 1560 753 1610 bis,
775 1559 812 1599 id
842 1559 897 1599 est
917 1560 1046 1599 maior
1068 1559 1105 1599 &
1127 1560 1260 1599 minor
1281 1560 1367 1599 fuit.
1390 1560 1533 1601 Chana
1550 1562 1589 1598 in

214 1619 320 1658 tribu
342 1619 444 1659 Aser
466 1619 530 1659 ubi
549 1619 757 1659 Dominus
778 1618 911 1658 noster
931 1618 969 1658 &
985 1618 1166 1659 Salvator
1188 1633 1310 1673 aquas
1331 1621 1452 1659 vertit
1472 1620 1510 1658 in
1532 1620 1594 1658 vi-

214 1692 326 1728 num,
345 1678 452 1718 unde
472 1678 510 1718 &
527 1677 757 1718 Nathanael
777 1692 896 1718 verus
908 1676 1112 1717 Israhelita
1125 1677 1342 1719 Salvatoris
1364 1678 1594 1718 testimonio

215 1737 517 1790 comprobatur.
537 1737 724 1777 Torrens
746 1736 927 1787 Cedron,
948 1737 985 1776 id
1013 1736 1069 1776 est
1088 1737 1238 1777 flumen
1272 1738 1383 1777 iuxta
1404 1737 1593 1777 Hierusa—

217 1794 298 1835 lem
319 1796 367 1835 ad
384 1795 625 1836 orientalem
642 1797 760 1836 huius
777 1795 935 1849 plagam
957 1797 996 1836 in
1019 1795 1121 1836 valle
1142 1795 1327 1849 Iosaphat
1348 1797 1387 1836 in
1406 1797 1592 1836 Africam

221 1869 387 1895 currens
409 1855 608 1908 dirigitur,
624 1866 668 1894 ut
683 1853 884 1895 Iohannes
901 1855 950 1894 de
965 1870 1013 1895 eo
1032 1855 1194 1895 testatur
1210 1855 1459 1909 evangelista.
1477 1855 1596 1895 quta

218 1911 437 1953 Iordanem
453 1925 596 1953 contra
611 1912 800 1953 Ihericho
818 1914 857 1953 in
875 1914 1117 1954 occidentali
1132 1914 1264 1954 Moab
1282 1914 1410 1968 plaga.
1429 1914 1597 1969 Moyses

220 1972 353 2012 scribit
365 1971 681 2012 Deuteronirno.
696 1971 883 2013 Eufrates
898 1972 1042 2013 fluvius
1057 1972 1250 2027 Ethiopie
1266 1974 1303 2012 in
1322 1973 1403 2013 Dei
1418 1974 1596 2027 paradiso

219 2032 371 2080 oriens3
387 2046 509 2084 porro
522 2031 727 2071 Sallustius
740 2032 974 2072 certiffimus
989 2032 1132 2072 adserit
1148 2032 1299 2072 audior.
1314 2032 1426 2072 Tam
1442 2033 1598 2087 Tigris,

217 2100 298 2129 tam
319 2089 506 2130 Eufrates
528 2090 567 2129 in
592 2091 789 2129 Armenia
810 2091 898 2130 fons
924 2105 972 2130 ex
994 2106 1074 2144 quo
1101 2091 1458 2132 animadvertimus
1481 2091 1596 2131 aliter

217 2148 266 2188 de
288 2147 472 2188 Paradiso
505 2148 543 2188 &
572 2148 806 2189 fluminibus
840 2150 924 2189 eius
959 2150 1278 2204 intelligendum.
1306 2149 1534 2201 Elieffeus,e
1556 2151 1591 2189 id

218 2207 273 2246 est
292 2207 458 2247 vallium
480 2208 529 2247 de
550 2222 632 2261 quo
663 2207 755 2247 loco
789 2208 863 2248 fuit
884 2208 1104 2262 Cleophas,
1138 2211 1252 2250 cuius
1285 2209 1372 2249 aila
1411 2210 1596 2249 meminit

219 2266 352 2307 Lucas
376 2266 455 2306 Dei
478 2266 731 2319 evangelista.
753 2267 879 2306 Naim
913 2269 949 2307 in
973 2269 1087 2309 cuius
1121 2269 1246 2320 portis
1268 2268 1448 2308 Salvator
1468 2268 1595 2308 filiurn

220 2325 338 2364 vidue
367 2325 574 2375 suscitavit,
594 2325 788 2378 huiusque
821 2340 892 2378 per
912 2338 1142 2380 correptam
1174 2327 1347 2367 litteram
1382 2328 1594 2366 nominum

220 2383 307 2423 sunt
328 2383 431 2423 leeta
451 2385 661 2437 principia.
692 2383 850 2424 Exhinc
873 2400 943 2438 per
973 2386 1179 2425 extensum
1211 2385 1388 2439 legamus
1418 2385 1597 2426 elemen-

220 2442 341 2482 tumf
368 2442 475 2496 quod
512 2457 630 2496 grece
661 2443 821 2493 dicitur,
842 2458 949 2483 nunc
971 2444 1127 2485 viculus
1161 2446 1198 2484 in
1235 2444 1388 2484 deserto
1423 2445 1489 2484 ubi
1519 2446 1595 2485 eris

223 2501 387 2541 metalla
407 2501 689 2541 damnatorum
712 2501 915 2555 suppliciis
936 2503 1193 2543 effodiuntur.

270 2560 345 2600 Sed
374 2561 448 2599 hec
469 2561 605 2600 omnia
634 2561 763 2613 prima
783 2561 821 2601 &
843 2562 974 2601 media
990 2561 1242 2616 secundaque
1264 2564 1302 2602 in
1330 2563 1433 2602 libro
1451 2561 1594 2602 Ebrai-

219 2633 358 2659 carum
397 2619 652 2672 questionum
691 2619 729 2659 δι
769 2620 1156 2673 interpretacionum
1197 2622 1409 2661 nominum
1437 2621 1593 2675 plenius

264 2715 293 2736 a.
318 2704 365 2744 B.‚
390 2705 422 2735 R.
443 2702 540 2736 idem.
575 2723 619 2727 —
655 2704 685 2735 b.
708 2705 742 2737 P.
776 2713 864 2737 trans
949 2705 980 2738 d.
1010 2706 1041 2737 P.
1073 2706 1156 2749 deest
1183 2706 1314 2739 eosdem
1346 2706 1520 2750 (easdem).
1550 2726 1594 2730 -—

222 2756 396 2789 Iordanem
432 2756 475 2790 est
507 2756 592 2789 idem
633 2756 734 2790 locus.
777 2758 865 2791 Hinc
949 2769 976 2790 e.
997 2759 1051 2801 B.;
1074 2760 1108 2791 R.
1130 2759 1298 2803 Helyseus,
1317 2779 1361 2783 —-
1382 2760 1402 2791 i.
1427 2761 1456 2791 Ρ.
1476 2762 1592 2792 Cetera

220 2809 312 2841 ultra.
344 2829 376 2832 -—
418 2821 445 2841 c.
477 2810 522 2850 B.⁷
544 2811 594 2854 R.3
625 2811 655 2842 P.
679 2810 787 2842 ludee.
823 2830 865 2833 —
950 2810 1071 2856 desunt.
