2216 3435
555 265 962 299 CRUCIGERORUM
997 265 1375 300 RHENANORUM.
1583 267 1642 317 37

1698 405 1774 435 1218

273 427 338 458 tur
366 412 409 457 in
438 410 629 474 paffione
655 410 757 457 velis
793 409 1008 474 oppansis,
1046 409 1244 456 ordinate
1279 428 1398 456 mare
1435 412 1641 458 conscen-
1660 448 1749 476 Mart·
1769 456 1815 485 31*

272 482 427 541 dimus,
451 482 755 543 venientesque
779 481 834 527 ad
860 499 1037 544 portum
1062 481 1216 528 Cadix.
1243 482 1408 527 Comes
1432 482 1486 528 de
1507 482 1641 530 Wide

271 572 296 600 a
318 555 387 600 via
408 555 524 598 recia
548 551 725 599 devians
750 553 889 615 ipsum
909 569 1086 616 portum
1104 553 1201 615 post
1219 552 1516 616 crepusculum
1542 571 1642 599 cum

270 625 417 688 paucis
458 625 588 671 intrat
628 623 809 670 navibus
846 624 991 686 ibique
1031 626 1195 670 caritati
1232 641 1338 686 opus
1372 623 1644 671 laudabiliter

270 712 485 755 exercen8‚
521 697 666 743 fratres
692 698 806 754 su08‚
848 697 922 759 qui
947 695 1114 742 duabus
1140 695 1319 742 navibus
1347 694 1513 742 ibidem
1538 714 1644 742 nau-

270 766 456 829 fragium
485 767 590 831 paffi
611 769 720 827 sunt,
759 767 861 813 salvi
897 783 1043 812 tamen
1068 766 1192 813 rebus
1226 768 1271 812 &
1305 783 1506 829 corpore,
1543 784 1643 812 cum

269 853 433 899 magno
459 836 609 884 labore
633 840 677 883 ὃς
702 839 858 884 timore
882 855 1160 901 paganorum
1183 838 1312 883 litora
1335 836 1529 899 undique
1555 840 1643 883 cin-

268 908 475 970 gencium
517 908 765 974 colligebat.
803 913 963 955 Interea
1001 926 1149 955 comes
1177 907 1391 955 l-Iollenlis
1431 910 1645 956 maiorem

269 995 437 1041 partem
472 982 666 1038 navium,
707 998 790 1043 que
820 982 908 1026 iam
938 981 1125 1026 striclum
1154 998 1273 1026 mare
1302 978 1643 1042 pertransierant,

269 1069 370 1096 cum
403 1050 558 1098 decem
590 1055 635 1098 &
670 1056 772 1098 0610
807 1050 987 1098 navibus
1024 1053 1271 1098 comitatur.
1295 1060 1306 1080 ¹
1334 1052 1473 1096 Huius
1499 1068 1644 1098 autem

267 1124 394 1168 maris
433 1124 565 1170 latera
598 1123 797 1170 adstriela
831 1125 875 1169 ὃς
911 1125 954 1168 in
988 1123 1203 1185 Europam
1238 1126 1480 1180 terminata,
1516 1141 1644 1169 mon-

269 1193 378 1240 tibus
414 1195 615 1241 altiffimis
644 1194 792 1241 fimeas
830 1193 1110 1241 nutrientibus
1142 1195 1467 1257 precinguntur‚
1503 1195 1645 1241 castris

270 1268 408 1312 eciam
449 1284 499 1312 ac
544 1267 666 1326 villis,
708 1265 883 1329 oppidis
927 1268 971 1311 ὅ(
1019 1264 1258 1311 civitatibus
1309 1264 1645 1329 [circum]septa‚

269 1355 446 1400 quoque
465 1338 777 1384 mercatoribus
802 1354 920 1393 nota,
949 1336 1234 1395 decorantur3
1259 1336 1494 1400 longitudo
1519 1337 1645 1401 ipsius

268 1409 411 1455 navali
443 1410 564 1454 cursu
591 1408 811 1455 metienda
843 1409 912 1454 sex
936 1409 1142 1454 horarum
1177 1424 1358 1455 ventum
1393 1410 1643 1472 expostulat,

0 1478 4 1573 ς
266 1480 450 1527 latitudo
482 1497 586 1527 vero
617 1480 845 1526 orizuntha
860 1481 906 1525 in
925 1479 1270 1543 apprehensione
1300 1480 1491 1526 hominis
1527 1485 1644 1544 equi-

0 1598 2 1607 ,
269 1553 395 1598 tantis
438 1552 755 1616 intelligibilem
803 1569 1036 1615 parumper
1075 1550 1256 1599 excedit.
1313 1553 1520 1615 Cumque
1556 1554 1645 1598 iam

0 1627 44 1676 ³7„
59 1636 78 1666 f.
93 1646 106 1676 5
122 1645 162 1674 ro,
179 1648 202 1665 c.
221 1646 249 1666 2.
268 1623 395 1686 primi
408 1640 526 1669 mare
543 1633 561 1653 2
577 1622 694 1669 aliud
714 1624 859 1669 secura
880 1640 1029 1686 puppe
1048 1623 1275 1683 sulcarent,
1290 1640 1391 1670 ecce
1411 1623 1495 1669 due
1514 1641 1644 1670 naves

0 1700 2 1759 l
268 1711 558 1758 paganorum,
591 1693 761 1742 diversis
787 1693 910 1741 rebus
937 1711 1130 1755 onerate,
1156 1711 1207 1741 ex
1232 1696 1470 1758 improviso
1495 1696 1644 1741 nostris

0 1760 35 1816 ἷὲ»,
52 1790 75 1818 p>
94 1788 163 1815 227,
180 1790 203 1807 e.
224 1787 248 1808 1.
269 1783 558 1812 occurrerunt.
602 1766 695 1812 Nec
714 1783 839 1812 mora
857 1789 868 1826 3
894 1768 937 1812 in
962 1766 1100 1812 hostes
1121 1767 1297 1814 vertitur
1314 1784 1458 1829 prora,
1482 1767 1644 1812 statim-

0 1827 2 1845 ἰ
270 1855 354 1899 que
378 1838 542 1882 inimici
566 1838 810 1900 capiuntur,
833 1841 878 1883 ὃς
903 1855 1034 1884 naves
1058 1840 1180 1900 aquis
1198 1837 1434 1901 &ignibus
1459 1839 1644 1901 periture

269 1908 578 1970 relinquuntur.
605 1909 832 1971 Postquam
855 1925 1000 1955 autem
1020 1927 1070 1955 ex
1089 1908 1226 1972 preda
1252 1925 1372 1955 tanta
1394 1909 1643 1969 exhylarati,

269 1978 323 2025 de
348 1981 518 2025 comitis
544 1996 689 2025 tamen
718 1979 918 2026 absencia
949 1982 1089 2043 magis
1114 1982 1241 2039 anxij‚
1280 1981 1454 2044 longius
1488 1998 1643 2043 proce-

269 2049 481 2109 deremus,
524 2068 701 2097 ventum
741 2052 798 2098 est
836 2051 892 2098 ad
933 2068 1147 2110 montem,
1185 2054 1258 2114 qui
1300 2068 1431 2114 caput
1472 2053 1645 2097 Martini

268 2138 555 2185 nuncupatur,
592 2124 636 2167 ὃς
665 2124 858 2185 sequenti
892 2122 975 2181 elie,
1014 2121 1215 2169 videlicet
1250 2125 1293 2168 in
1329 2140 1436 2168 cena
1462 2123 1645 2168 Domini
1664 2140 1735 2178 Aps.
1757 2148 1802 2168 12.

269 2197 339 2238 a'e'r
378 2194 553 2239 sevior3
583 2195 802 2257 apparuit,
855 2193 988 2240 nubes
1028 2211 1074 2239 ut
1116 2212 1341 2258 argentum
1378 2194 1645 2257 purissimum

269 2263 379 2310 bene
404 2265 590 2326 politum
619 2265 863 2323 rutilabant,
904 2268 949 2311 ὅ(
981 2283 1114 2311 omne
1139 2265 1393 2329 vaporabile
1420 2267 1645 2312 inventum

269 2336 326 2381 est
367 2336 616 2395 resolutum,
647 2353 828 2399 ortaque
854 2338 910 2383 est
936 2338 1161 2400 tempestas
1193 2336 1413 2383 modernis
1437 2337 1644 2396 inaudita,

270 2424 353 2468 que
378 2409 507 2452 etiam
531 2407 681 2453 diebus
708 2425 912 2471 quattuor
936 2410 1147 2455 continuo
1175 2407 1433 2471 perduravit.
1463 2409 1545 2454 Illic
1570 2427 1645 2454 na-

269 2481 389 2525 vium
413 2479 551 2524 malos
575 2498 694 2526 ruere
718 2479 917 2537 vidimus,
935 2490 955 2518 4
972 2481 1065 2527 vela
1090 2479 1223 2538 scissa,
1249 2482 1294 2526 ὃς
1319 2479 1459 2539 bachi,
1478 2489 1491 2519 5
1511 2482 1644 2543 ruptis

268 2550 426 2610 cordis,
468 2550 522 2596 de
546 2551 726 2598 navibus
758 2553 852 2597 sunt
882 2553 1029 2609 soluti3
1071 2553 1259 2597 minatur
1289 2569 1407 2597 mare
1442 2568 1643 2611 mortem,

267 2638 393 2679 terra,
414 2623 753 2686 circumquaque
771 2625 1010 2670 Sarracenis
1030 2639 1259 2685 occupata,
1277 2624 1529 2683 martyrium
1543 2640 1643 2685 pro-

318 2746 329 2766 1
360 2735 397 2766 V.
419 2733 616 2767 cominatur.
641 2755 686 2759 —-
711 2748 729 2767 2
751 2737 786 2768 V.
807 2735 914 2768 maris.
1044 2749 1065 2778 4
1086 2737 1121 2768 V.
1143 2735 1304 2769 videlicet.
1323 2755 1367 2760 —-
1389 2748 1403 2778 5
1428 2736 1461 2768 B.
1473 2734 1592 2768 batchi.

267 2807 311 2810 —
336 2797 350 2828 3
372 2788 411 2821 V.
432 2787 553 2822 omittit.
