2216 3435
565 206 651 236 100
1163 202 1331 235 GESTA

461 372 537 402 1219
560 351 731 409 Georgi,
765 353 902 409 accipe
934 350 1122 394 vexillum
1151 351 1297 393 Sam‘le
1324 350 1482 405 Crucis,
1516 353 1606 395 veni
1631 354 1671 395 in
1692 353 1938 396 adiutorium

555 423 671 465 nobis
695 421 735 464 6³
760 423 907 466 adiuva
941 439 1012 466 nos
1030 440 1111 482 pro
1137 425 1222 466 eius
1247 438 1395 477 amore,
1434 426 1503 480 qui
1527 425 1726 484 pependit
1752 428 1792 468 in
1827 442 1940 468 cruce

548 509 628 550 pro
668 494 813 536 nobis!
868 491 911 537 Et
953 493 1147 537 exierunt
1189 491 1347 537 Christi
1387 492 1542 538 milites
1585 494 1711 556 super
1750 493 1848 539 illos
1897 496 1942 540 &

555 562 728 607 viriliter
762 579 1008 625 pugnantes
1049 563 1278 609 vieloriam
1320 561 1563 609 habuerunt
1604 565 1859 622 maximam,
1897 567 1942 611 ὃς

554 632 638 691 ille,
677 635 752 695 qui
778 635 1024 680 Dominum
1057 633 1401 698 blasphemabat,
1437 652 1632 681 mortuus
1658 636 1736 682 fuit
1766 654 1869 682 cum
1887 655 1943 684 xv

556 703 761 750 militibus
790 708 834 750 ὃς
860 704 1126 768 lpeclitibus‚
1151 709 1197 752 ὃς
1216 706 1343 752 multi
1373 706 1605 753 Christiani
1629 710 1674 754 &
1698 710 1798 771 equi
1828 726 1944 754 mor-

556 778 617 821 tui
641 778 685 822 ὃς
709 777 922 823 vulnerati
947 777 1042 822 sunt
1070 776 1144 837 Ibi,
1172 780 1218 823 ὃς
1243 777 1367 824 multi
1391 779 1613 825 Sarraceni
1637 781 1682 825 ὃς
1714 781 1874 844 Pagani
1898 782 1943 827 in

557 846 676 893 die'to
705 850 841 912 prelio
874 851 1032 896 mortui
1065 851 1261 910 fuerunt3
1304 849 1538 913 decapitari
1567 853 1613 896 δε
1648 850 1944 898 dismembrati

556 920 600 964 in
633 919 809 967 sablone
839 921 1053 969 iacebant.
1091 923 1131 968 Α
1152 932 1162 951 ¹
1196 939 1285 984 quo
1312 922 1449 984 prelio
1475 923 1633 986 Pagani
1665 940 1767 969 cum
1788 923 1944 971 dolore

556 993 602 1037 &
644 1010 812 1039 merore
853 992 1127 1051 recesserunt,
1173 996 1217 1040 &
1257 993 1491 1039 Christiani
1516 1003 1534 1022 2
1569 1011 1671 1039 cum
1720 996 1942 1059 triumpho

558 1066 854 1110 remanserunt
874 1064 1099 1111 laudantes
1124 1067 1168 1111 ὅ(
1192 1064 1500 1111 benedicentes
1525 1067 1785 1113 Dominum.

414 1149 492 1186 Aug.
509 1156 538 1187 5.
622 1135 837 1182 XXXVII.
866 1140 907 1181 In
938 1135 1006 1182 die
1031 1136 1474 1200 Transfigurationis3
1505 1138 1691 1182 Domini
1717 1137 1948 1184 Christiani
1965 1149 2009 1179 M.
2024 1147 2045 1178 f.
2061 1149 2098 1188 ⁶5
2117 1148 2150 1177 B.

559 1205 630 1251 die
656 1208 700 1251 ὅ(
726 1210 856 1252 noete
882 1208 1063 1253 civitatis
1088 1206 1293 1253 foffatum
1313 1208 1495 1270 implere
1514 1207 1789 1269 nitebantur3
1814 1206 1948 1253 habe-

559 1277 665 1324 bant
684 1296 874 1341 namque
893 1296 1063 1342 gattum
1082 1297 1218 1325 unum
1237 1278 1486 1325 mirabiliter
1511 1281 1821 1340 conffludlum,
1846 1297 1948 1326 cum
2212 1323 2216 1335 ,

560 1367 650 1412 quo
671 1351 890 1396 civitatem
911 1368 1066 1414 capere
1082 1350 1377 1397 indubitanter
1395 1351 1645 1399 credebant.
1666 1352 1948 1415 percipientes
2213 1352 2216 1386 ῑ

559 1422 1024 1485 Sarraceniplurimum
1036 1440 1208 1487 gattum
1220 1423 1341 1468 illum
1356 1425 1571 1483 timentes,
1584 1423 1948 1488 signumsoldano
2214 1425 2216 1430 ⁴

560 1493 770 1553 fecerunt,
786 1511 875 1556 quo
890 1495 995 1551 viso,
1018 1494 1222 1541 soldanus
1240 1512 1341 1540 cum
1355 1497 1479 1541 omni
1497 1512 1629 1560 gente
1647 1497 1720 1542 sua
1733 1495 1788 1542 ad
1803 1496 1948 1542 Chris-

560 1567 783 1611 tianorum
823 1567 956 1612 castra
996 1567 1205 1613 velociter
1242 1568 1632 1630 appropinquavit,
1677 1570 1722 1614 &
1761 1567 1949 1631 prelium

560 1655 775 1701 magnum
808 1656 909 1683 cum
931 1638 1183 1686 Christianis
1199 1649 1219 1678 4
1247 1640 1452 1686 fecerunt.
1471 1649 1484 1679 5
1512 1640 1557 1685 Et
1577 1639 1684 1686 dum
1702 1639 1758 1686 fic
1775 1656 1948 1704 pugna-

562 1726 670 1767 rent,
697 1710 853 1774 Pagani
872 1712 917 1755 ὃς
936 1711 1172 1770 Sarraceni,
1199 1713 1275 1773 qui
1297 1712 1342 1756 in
1370 1713 1543 1758 civitate
1563 1712 1758 1772 aderant,
1785 1711 1840 1759 de
1864 1728 1915 1757 ea
1931 1710 1948 1740 ⁶

561 1798 765 1828 exeuntes
796 1799 968 1846 gattum
990 1783 1113 1828 illum
1138 1782 1466 1830 combusserunt
1484 1793 1499 1821 7
1522 1787 1567 1830 ὃς
1585 1783 1773 1831 similiter
1791 1786 1899 1832 alios
1932 1788 1948 1818 8

561 1856 616 1912 vij
643 1871 800 1917 gattos.
819 1863 836 1892 9
878 1857 921 1900 In
945 1864 981 1884 ¹0
1000 1855 1075 1900 illo
1106 1855 1176 1901 die
1194 1872 1407 1901 venerunt
1430 1874 1512 1902 xxx
1536 1856 1662 1921 galee
1690 1859 1736 1903 &
1766 1856 1949 1906 berbote

561 1928 899 1973 Sarracenorum
921 1944 997 1989 per
1020 1925 1185 1973 flumen
1205 1929 1250 1972 ὃς
1270 1926 1506 1973 credebant
1533 1945 1724 1974 cremare
1748 1946 1949 1992 pontem,

562 2016 648 2044 una
683 2016 867 2061 quarum
904 1997 1131 2044 combusta
1166 2000 1224 2044 est
1265 2017 1291 2044 a
1331 1999 1601 2046 Christianis.
1648 2000 1702 2045 Ea
1727 2000 1798 2046 die
1824 2002 1949 2048 multi

563 2069 795 2115 Christiani
812 2079 843 2098 ¹¹
866 2071 1115 2132 interempti
1139 2072 1184 2116 ὃς
1208 2071 1434 2131 vulnerati,
1460 2070 1577 2117 unde
1607 2072 1829 2118 sarraceni
1852 2073 1950 2120 sunt
1969 2090 2002 2120 Ρ.
2020 2090 2040 2121 f.
2059 2099 2114 2130 113
2132 2091 2166 2120 Β.

564 2141 781 2188 elevati&
807 2141 1037 2187 Christiani
1061 2143 1157 2188 sunt
1181 2143 1434 2188 contristati.

401 2233 479 2268 Aug.
497 2238 543 2269 15-
628 2214 858 2260 XXXVIII.
881 2217 923 2259 In
936 2223 971 2243 ¹2
991 2216 1122 2259 noete
1137 2213 1457 2277 Affumptionis
1472 2216 1626 2262 Sanc‘te
1640 2216 1774 2262 Marie
1790 2216 1844 2262 de
1860 2218 1949 2262 Au-

564 2286 689 2349 gusto
711 2289 815 2332 ocsto
830 2287 1049 2332 Sarraceni
1073 2287 1247 2332 fuerunt
1259 2288 1390 2349 capti,
1413 2288 1486 2349 qui
1505 2286 1739 2334 veniebant
1753 2287 1949 2334 natando

564 2356 619 2403 ab
641 2359 826 2404 exercitu
853 2357 1022 2404 soldani
1042 2358 1281 2404 deferentes
1305 2360 1471 2422 ignem,
1494 2358 1725 2405 columbos
1749 2362 1794 2406 ὃς
1813 2377 1950 2406 cartas

565 2431 610 2475 ὃς
623 2428 830 2476 volebant
842 2431 997 2476 intrare
1012 2431 1243 2477 civitatem.
1264 2432 1390 2476 Paesto
1404 2448 1534 2476 mane
1548 2430 1604 2477 ad
1617 2430 1807 2478 dedecus
1818 2433 1948 2496 Paga-

618 2596 630 2616 1
656 2586 691 2618 P.
715 2587 795 2619 add.
817 2606 861 2610 —
882 2599 899 2618 2
922 2587 956 2619 P.
976 2586 1152 2620 Christiani
1173 2599 1261 2620 vero.
1292 2607 1334 2611 —
1365 2599 1380 2629 3
1402 2589 1435 2621 P.
1456 2588 1787 2633 TransmigrationIS.
1810 2609 1850 2614 -—
1872 2601 1894 2630 4
1914 2590 1947 2623 P.

569 2640 719 2674 inimicis.
738 2660 784 2664 —
804 2652 819 2683 5
840 2641 874 2672 P.
890 2640 979 2673 fecit.
999 2661 1045 2664 —
1063 2643 1081 2674 6
1102 2642 1136 2674 P.
1153 2641 1250 2675 clam.
1268 2662 1313 2666 —
1334 2654 1351 2683 7
1369 2643 1401 2675 P.
1425 2651 1668 2676 cremaverunt.
1687 2663 1733 2667 —
1752 2647 1769 2676 8
1788 2644 1818 2676 P.
1833 2655 1948 2677 om.—

569 2706 587 2736 9
604 2693 636 2725 P.
653 2694 910 2727 combuxerunt.
930 2715 976 2718 —
1003 2707 1043 2728 10
1057 2696 1089 2728 P.
1104 2707 1160 2728 om.
1175 2696 1243 2728 lzaec
1261 2695 1368 2729 omnia
1385 2696 1484 2740 usque
1507 2697 1559 2729 Ea
1573 2695 1635 2729 die.
1651 2716 1698 2720 —
1720 2709 1732 2728 1
1745 2708 1755 2727 1
1778 2697 1813 2729 P.
1838 2696 1948 2731 Chris-

568 2745 649 2780 tiani
668 2746 772 2780 multi.
796 2768 841 2771 —-
863 2760 901 2781 12
924 2749 958 2782 P.
982 2760 1038 2782 om.
1060 2748 1168 2783 omnia
1185 2749 1285 2795 usque
1308 2749 1462 2783 miserunt
1485 2749 1527 2782 ad
1543 2749 1760 2784 Christianos.
