2216 3435
328 372 470 411 Ephesus.

327 869 435 908 FIgala.

326 1091 438 1121 Patara.

318 1446 441 1485 Cyprus.

319 1593 449 1633 Paphus.

318 1732 503 1763 Constantia.

318 1953 474 1983 Tharrata.

315 2029 418 2059 Edissa.

612 206 702 252 288
1165 221 1452 255 ANoNYMus

606 367 781 410 tabentes
793 366 893 426 salo
928 383 1041 411 artus
1066 366 1185 429 apud
1210 371 1405 430 Ephesum
1430 368 1526 415 Afie
1552 373 1721 433 insulam
1746 388 1987 434 exponunt.

613 439 691 481 Ubi
729 443 932 498 postquam
978 442 1031 483 ad
1064 441 1295 500 sepulcrum
1319 443 1460 502 sancii
1498 445 1691 488 Iohannis
1726 446 1992 506 Evangeliste,

607 510 802 555 ebulliens
841 514 934 556 inde
970 530 1153 557 mannam
1197 515 1459 572 admirantes,
1495 515 1678 560 lacrimis
1708 519 1990 576 perfuderunt,

600 585 807 641 postquam
821 585 873 643 se
885 586 1040 644 septem
1066 585 1356 628 dormientibus
1381 585 1421 629 ὃ*
1441 587 1598 630 marie
1624 588 1892 648 magdalene
1916 590 1993 633 ibi-

606 655 694 697 dem
717 656 980 715 requiescenti
1005 657 1388 713 commendaverunt,
1404 661 1613 718 postquam
1639 663 1679 703 in
1703 664 1850 704 vertice
1869 663 1994 705 vicini

606 729 753 770 montis
788 727 934 785 Iocum,
969 729 1223 788 ubisanc‘ius
1260 730 1504 790 evangelista
1541 747 1657 775 orare
1670 732 1850 791 solebat,
1886 735 1992 777 omni

596 798 744 857 pluvia
779 797 820 842 ὃ·
850 803 1076 859 tempestate
1117 802 1326 845 immunem
1363 800 1403 845 δ’
1432 802 1619 861 securum
1650 804 1764 863 satis
1792 805 1993 848 admirari

606 887 821 928 nequeunt:
846 868 1020 915 duobus
1043 868 1146 916 inde
1166 870 1397 917 distantem
1415 872 1621 917 milliariis
1640 873 1788 920 villam
1809 875 1991 935 Sigilam

605 940 772 1003 pedites
798 959 1021 988 venerunt.
1052 940 1110 987 lbi
1138 943 1393 989 mendicato
1429 961 1544 1006 pane
1576 944 1702 1003 fonti,
1728 946 1804 1007 qui
1831 945 1993 1008 perspi-

605 1012 693 1058 cuis
729 1012 785 1058 ad
821 1012 1009 1058 fundum
1044 1015 1170 1076 aquis
1210 1016 1254 1060 in
1286 1014 1433 1060 media
1475 1013 1626 1061 ebullit
1654 1016 1771 1075 villa,
1805 1017 1993 1062 intineio

604 1084 765 1141 refecti,
792 1092 954 1148 tranfito
980 1089 1089 1131 urbis
1111 1088 1312 1133 Strabolis
1331 1104 1461 1132 monte
1484 1089 1652 1149 excelso,
1676 1093 1870 1133 Pataram
1896 1105 1992 1152 per-

603 1171 803 1202 rexerunt
826 1154 974 1219 ibique
996 1159 1177 1219 glaciali
1201 1163 1329 1204 lzieme
1353 1160 1478 1203 undas
1502 1162 1757 1222 exasperante
1781 1163 1886 1206 veris
1912 1161 1992 1206 cle-

603 1231 787 1273 mentiam
812 1229 1114 1291 prestolantur.

665 1299 737 1345 Vl.
780 1299 950 1347 Navem
995 1300 1176 1347 demum
1213 1302 1398 1366 ingressi,
1441 1302 1498 1348 ad
1541 1320 1710 1348 montem
1737 1305 1990 1350 Galanorum

602 1371 944 1419 transfretarunt.
971 1373 1080 1434 Quo
1110 1371 1330 1420 bellorum
1368 1374 1622 1438 tempestate
1653 1390 1758 1420 tunc
1782 1375 1992 1439 temporis

601 1441 813 1506 depilato,
844 1444 989 1491 sevam
1012 1443 1115 1507 paffi
1141 1445 1238 1490 sunt
1256 1444 1461 1492 inediam.
1490 1444 1592 1492 Inde
1616 1446 1800 1492 insulam
1820 1449 1991 1510 Cyprum

602 1514 713 1559 inter
747 1517 918 1562 Grecos
954 1518 999 1562 ὅ(
1035 1518 1293 1563 Sarracenos
1324 1516 1446 1563 fitam
1483 1517 1787 1580 applicuerunt
1822 1519 1866 1563 ὃς
1895 1518 1991 1581 pas-

601 1584 738 1646 chale,
769 1587 892 1650 quod
924 1589 1012 1634 iam
1043 1587 1241 1648 instabat,
1279 1589 1433 1634 festum
1462 1587 1580 1651 apud
1613 1593 1797 1651 Paphum
1837 1587 1990 1635 urbem

601 1674 801 1721 agentes,
836 1659 927 1705 sole
950 1661 1039 1706 iam
1065 1660 1404 1720 circumvoluto‚
1435 1676 1516 1706 tres
1541 1661 1582 1705 in
1609 1677 1660 1705 ea
1684 1658 1989 1706 hebdomadas

600 1729 817 1777 steterunt.
861 1730 963 1777 Inde
989 1731 1181 1777 eiusdem
1207 1731 1339 1777 insule
1364 1730 1519 1777 urbem
1545 1734 1835 1792 Constantiam,
1855 1732 1988 1778 sane'ti

601 1801 826 1865 Epiphanij
843 1805 1026 1864 presulis
1054 1805 1265 1849 miraculis
1283 1805 1328 1848 ὃς
1346 1820 1534 1866 corpore
1555 1804 1797 1865 gloriosam,
1823 1801 1989 1849 adeun-

602 1892 677 1934 teS,
702 1877 837 1923 sanffl
865 1876 1067 1923 Iohannis
1087 1878 1271 1941 Baptiste
1295 1878 1568 1925 nativitatem
1586 1875 1646 1923 ibi
1665 1893 1858 1940 egerunt.
1889 1875 1991 1924 Inde

599 1965 678 2011 per
702 1949 1045 1995 sarracenorum
1078 1950 1300 1996 civitatem
1324 1950 1545 1995 Tharratas
1577 1947 1742 1994 dustam
1773 1950 1820 1995 ὃς
1843 1948 1992 1994 castel-

597 2019 691 2065 lum
730 2025 876 2066 cAralte
914 2038 1128 2067 venerunt
1166 2023 1344 2081 Ediffam
1391 2024 1579 2067 Phenicie
1611 2022 1800 2081 reliquiis
1841 2024 1991 2067 ‘Tltome

598 2094 772 2153 apostoli
802 2093 843 2138 ὃ*
875 2095 1058 2154 epistola,
1092 2112 1207 2153 quam
1232 2094 1423 2140 Salvator
1456 2095 1659 2154 cAbagaro
1693 2096 1786 2153 regi
1805 2094 1985 2156 scripsit,

598 2162 902 2227 magnificam:
943 2162 1016 2210 ubi
1039 2181 1157 2210 nunc
1185 2165 1280 2209 miri
1308 2164 1452 2227 operis
1481 2163 1614 2209 claret
1638 2161 1828 2223 ecclefia‚
1854 2180 1988 2225 quam

598 2234 769 2281 Helena
809 2237 962 2300 regina
1005 2237 1241 2282 construxit
1275 2237 1320 2281 in
1354 2235 1574 2282 honorem
1615 2235 1748 2280 sanffl
1786 2234 1988 2281 Iohannis

598 2307 798 2370 Baptiste‚
818 2309 939 2353 cuius
965 2324 1113 2370 caput,
1137 2310 1187 2353 ab
1202 2309 1499 2368 Hierosolymis
1525 2307 1624 2352 illuc
1641 2311 1883 2366 translatum,
1912 2305 1986 2352 diu

596 2379 641 2424 in
666 2378 823 2425 eadem
852 2379 977 2425 latuit
1001 2377 1120 2427 urbe.

659 2450 746 2496 VH.
768 2454 858 2496 Iam
879 2468 983 2497 vero
1000 2451 1168 2496 sandius
1181 2448 1477 2508 willibaldus,
1496 2447 1811 2495 comitantibus
1829 2449 1872 2495 se
1890 2449 1986 2513 sep-

596 2538 685 2568 tem
706 2522 786 2568 suis
806 2521 1136 2582 contribulibus,
1156 2523 1246 2585 ipse
1266 2522 1346 2567 fuit
1365 2524 1559 2568 oftavus.
1574 2521 1810 2577 Sarraceni,
1832 2519 1984 2567 viden-

598 2611 659 2640 tes
678 2610 755 2640 eos
771 2593 923 2657 lingua
942 2592 1155 2651 dissonos,
1177 2591 1327 2639 habitu
1346 2594 1541 2656 ignotos,
1560 2591 1824 2656 proditionis
1845 2592 1984 2655 gratia

598 2682 673 2710 eos
699 2663 862 2712 veniffe
888 2664 1088 2711 dixerunt
1111 2666 1156 2710 &
1180 2662 1335 2727 presidi
1354 2663 1649 2726 presentantes
1675 2663 1834 2708 carceri
1859 2678 1983 2708 man-

598 2737 870 2799 cipaverunt.
901 2735 985 2783 Sed
1011 2736 1113 2800 quia
1132 2737 1232 2781 Deo
1258 2734 1399 2793 nullus
1420 2733 1650 2795 clauditur,
1675 2749 1765 2779 erat
1789 2731 1850 2779 ibi
1874 2751 1983 2780 unus
