2216 3435
16 1014 17 1017 =
52 1017 69 1032 .,
83 1006 109 1034 p.
125 1002 195 1032 225,
212 1005 235 1022 c.
254 1003 281 1022 2.

21 1706 72 1742 V.,
86 1705 193 1742 f.4v0,
212 1716 237 1734 c.
256 1714 280 1735 1.

584 264 993 298 CRUCIGERORUM
1030 264 1408 298 RHENANORUM.
1620 266 1642 316 3
1657 266 1677 316 ς

302 413 404 472 dita,
445 413 513 457 cui
555 428 626 457 rex
669 412 860 476 Ungarie
898 413 944 457 &
985 410 1072 458 dux
1117 411 1282 457 Austrie
1323 410 1449 457 nudis
1497 410 1680 474 pedibus
1725 430 1801 457 1217

302 499 578 530 occurrentes
603 481 782 527 osculati
806 482 913 540 sunt,
953 481 1130 529 obviam
1162 498 1311 528 euntes
1336 481 1519 528 soldano
1541 482 1680 543 Baby-

299 554 432 611 lonie‚
480 555 598 599 cuius
642 553 751 598 filius
793 553 1056 610 Coradinus,
1104 570 1404 616 pugnaturum
1444 554 1484 598 se
1528 570 1682 599 contra

301 625 565 683 christianos,
590 626 833 670 iadiaverat.
868 625 1103 671 Venientes
1130 625 1276 686 itaque
1300 624 1433 669 nostri
1458 622 1514 669 ad
1540 625 1681 669 fontes

300 693 512 754 Tubauie,
539 694 744 757 premiffis
768 693 1128 757 exploratoribus,
1165 693 1284 758 signa
1308 695 1477 740 hostilia
1512 712 1682 758 cogno-

301 782 465 812 verunt.
486 767 691 828 Sequenti
711 783 813 812 vero
836 765 904 811 die
924 783 1065 828 prope
1084 783 1257 812 montes
1277 765 1440 813 Gilboe
1461 767 1682 812 venientes
1703 780 1822 817 Nov.4.

302 837 556 882 Bethsanam
581 835 890 899 processerunt,
922 836 995 882 ubi
1021 837 1153 882 castra
1178 837 1327 883 fixerat
1350 836 1614 884 adversarius
1639 838 1683 882 ὃς

300 907 369 953 ille
403 910 531 953 trium
567 925 720 971 regum
745 908 1011 969 presenciam
1044 908 1212 972 fugiens
1244 926 1398 955 terram
1430 908 1683 955 vastandam

301 979 470 1042 reliquit
507 979 752 1025 christianis.
795 978 925 1026 Unde
966 981 1049 1025 Dei
1091 981 1278 1042 populus
1323 979 1570 1037 Iordanum,
1610 979 1685 1041 qui

300 1068 439 1114 prope
474 1051 545 1107 est,
586 1048 787 1096 transiens
818 1051 859 1095 in
892 1050 1038 1112 vigilia
1072 1051 1259 1110 Martini,
1294 1052 1338 1096 in
1374 1052 1466 1113 ipso
1503 1049 1684 1114 pacifice
1704 1065 1838 1094 Nov.10.

301 1138 489 1184 corpora
520 1122 638 1168 lavit.
686 1120 858 1166 Deinde
875 1130 893 1150 2
910 1122 1026 1166 secus
1063 1140 1180 1167 mare
1205 1122 1375 1168 Galilee
1401 1121 1678 1185 peragrando

300 1193 413 1250 loca,
447 1194 490 1237 in
515 1191 670 1254 quibus
700 1192 895 1238 Salvator
917 1194 1191 1240 conversatus
1218 1195 1288 1253 est,
1315 1194 1618 1256 conspeximus
1640 1195 1685 1239 ἅ

301 1282 378 1326 per
391 1264 718 1326 Capharnaum,
737 1263 933 1308 infirmos
946 1265 1113 1309 nostros
1132 1282 1368 1326 portantes,
1384 1266 1514 1310 nostri
1527 1265 1684 1311 Achon

300 1334 447 1382 reverfi
462 1335 557 1380 sunt
583 1351 683 1380 cum
708 1335 982 1380 multitudine
1001 1337 1280 1398 captivorum
1302 1338 1346 1382 ἃ
1360 1336 1494 1399 preda
1508 1354 1682 1399 magna.

300 1407 532 1470 Episcopus
552 1422 698 1451 autem
717 1404 1000 1464 Achonenfis,
1021 1406 1269 1469 predicator
1289 1407 1564 1464 dulciffimus,
1586 1426 1683 1471 par-

301 1478 425 1524 vulos
446 1494 615 1536 omnes,
641 1494 752 1539 quos
777 1479 845 1523 vel
868 1494 1010 1539 prece,
1037 1479 1105 1524 vel
1130 1480 1277 1540 precio
1306 1478 1500 1525 obtinere
1526 1481 1683 1541 potuit,

303 1548 538 1611 baptizavit
581 1552 626 1595 ὃς
674 1550 785 1594 inter
829 1549 1052 1612 religiosos
1098 1550 1318 1612 applicare
1366 1550 1586 1612 dilposuit.
1638 1554 1681 1596 ln

303 1619 494 1666 secundo
529 1621 723 1682 equitatu
748 1637 927 1666 ventum
961 1621 1018 1665 est
1053 1620 1108 1666 ad
1133 1638 1333 1667 montem
1369 1620 1562 1679 Thabor,
1609 1621 1679 1668 ubi

300 1690 575 1753 impuberem
594 1692 891 1749 Sarracenum,
911 1693 1027 1738 viam
1045 1701 1059 1730 3
1078 1691 1204 1738 nobis
1224 1694 1518 1750 nunciantem,
1544 1694 1679 1738 sacer-

302 1763 426 1809 dotes
473 1760 766 1824 baptizabant.
817 1763 1052 1808 Dominica
1088 1781 1191 1809 vero
1242 1763 1453 1810 adventus
1496 1765 1679 1809 Domini
1699 1780 1773 1808 Dec.
1789 1790 1814 1819 3.

300 1836 442 1895 prima
464 1834 682 1897 peregrini
700 1832 754 1878 ad
778 1832 977 1878 laborem
1001 1834 1097 1878 sunt
1120 1835 1289 1880 invitati
1312 1836 1355 1880 ὅς
1381 1836 1424 1880 in
1443 1836 1587 1897 primo
1612 1836 1677 1880 in-

299 1904 406 1950 sultu
431 1905 664 1950 straverunt
688 1904 967 1949 castellanum
993 1903 1330 1952 descendentem
1355 1908 1399 1950 &
1419 1906 1679 1952 amiraldum

299 1993 434 2021 unum
459 1993 559 2021 cum
585 1976 709 2020 sociis
736 1976 829 2021 suis.
861 1975 944 2021 Sed
971 1992 1062 2020 non
1087 1976 1274 2021 multum
1298 1975 1358 2022 ibi
1379 1994 1598 2023 morantes
1622 1977 1677 2023 ab

296 2049 643 2111 impugnacione
680 2048 800 2092 castri
824 2045 1098 2106 recesserunt,
1137 2046 1364 2093 aversionis
1402 2050 1472 2094 sue
1505 2050 1677 2095 causam

296 2122 564 2182 ignorantes,
588 2118 661 2164 sed
678 2117 963 2177 credendum,
990 2120 1132 2164 Deum
1151 2117 1223 2164 fibi
1246 2120 1321 2165 soli
1342 2120 1530 2183 gloriam
1550 2121 1676 2166 reser-

295 2188 430 2249 vaffe3
450 2207 553 2235 nam
571 2189 646 2252 ipfi
664 2190 813 2253 postea
832 2191 1052 2236 Sarraceni
1071 2191 1253 2235 castrum
1272 2190 1517 2252 predic‘tum
1537 2192 1675 2237 famo-

295 2259 495 2306 fiffimum
514 2262 700 2324 propriis
719 2259 918 2307 manibus
945 2261 1227 2307 devastarunt.
1252 2266 1293 2306 ln
1311 2264 1442 2308 tercio
1463 2264 1673 2325 equitatu,

296 2348 397 2376 cum
432 2332 674 2394 patriarcha
702 2335 748 2378 ὅ(
771 2333 877 2379 sacri
902 2333 1094 2395 episcopi
1120 2350 1211 2378 non
1236 2334 1533 2390 interfuerunt,
1558 2353 1674 2380 exer-

296 2403 402 2448 citus
415 2404 599 2448 Domini
616 2403 721 2449 fines
740 2403 872 2463 Thyri
890 2406 934 2449 ὃς
948 2403 1134 2463 Sydonis
1155 2405 1268 2449 iuxta
1282 2406 1504 2467 Sareptem
1526 2405 1671 2452 adivit.

298 2478 340 2519 ln
364 2474 511 2538 vigilia
535 2476 686 2521 natalis
712 2474 933 2537 [Domini]
951 2484 970 2512 4
987 2478 1031 2521 ὅ(
1056 2475 1251 2537 sequenti
1282 2480 1411 2522 nocste
1437 2478 1672 2522 maximam
1695 2493 1755 2521 Dee
1784 2502 1832 2529 24.

296 2546 595 2609 tempestatem
630 2545 770 2608 passus
805 2547 863 2592 est
898 2548 943 2592 ὃς
974 2548 1174 2593 omnium
1217 2547 1302 2592 fere
1338 2547 1669 2594 necessariorum

347 2746 357 2764 1
374 2735 403 2766 V
421 2734 689 2777 prudentiam.—
708 2749 725 2768 2
742 2735 940 2779 V.denique.
1073 2749 1094 2776 4
1114 2737 1155 2768 D.
1171 2735 1203 2768 in
1220 2737 1309 2768 codd.
1321 2736 1521 2779 5supplemus
1540 2748 1583 2769 ex
1605 2738 1669 2769 An-

299 2807 337 2812 -
362 2799 377 2829 3
400 2787 434 2819 B.
449 2798 535 2820 vera.
1027 2787 1154 2820 nulibus
1179 2787 1239 2821 Col.
1263 2800 1353 2822 max.
