2216 3435
481 209 547 242 DE
571 210 683 243 SITU
708 210 901 244 TERRAE
927 212 1159 246 SANCTAE.
1442 206 1497 251 81

788 519 854 551 DE

217 699 451 759 SITU
510 700 894 760 TERRAE
957 702 1428 761 SANCTAE

402 904 796 964 SECUQDUM
827 904 1253 949 THEODOSJUM.

526 1168 737 1198 CODICES
768 1168 1139 1199 MANUSCRIPTI

393 1282 437 1310 A.
453 1280 575 1319 Romae,
591 1281 661 1311 bibl.
679 1281 829 1318 Vatican„
846 1281 937 1318 6018,
954 1280 1028 1310 min.
1045 1280 1109 1318 fol.‚
1125 1281 1143 1310 s.
1159 1280 1214 1310 IX.

394 1330 430 1358 B.
499 1341 511 1356 n
623 1342 634 1355 »ι
746 1342 758 1356 »
845 1329 922 1367 Reg.
939 1328 1025 1367 Chr.‚
1041 1338 1112 1369 554,
1128 1329 1149 1358 s.
1160 1329 1231 1358 XII.

398 1375 428 1405 C.
501 1389 513 1403 n
624 1389 636 1403 »
748 1390 759 1404 n
893 1390 904 1403 n
975 1392 986 1403 v·
1037 1378 1107 1416 630,
1123 1376 1145 1406 s.
1157 1377 1242 1406 XIII.

392 1423 434 1453 D.
447 1423 537 1453 Paris.
554 1423 691 1454 biblioth.
707 1431 767 1454 nat.
784 1425 846 1462 lat„
861 1425 955 1463 4808,
969 1425 1047 1462 in-4,
1065 1424 1086 1454 s.
1099 1424 1170 1453 XII.

394 1471 429 1500 E.
491 1484 502 1498 n
608 1485 619 1498 ›>
724 1485 736 1498 »
806 1485 817 1498 »³
857 1473 950 1512 4892,
966 1471 1080 1509 in-fol.‚
1096 1471 1118 1501 s.
1131 1472 1202 1501 XII.

149 1742 216 1823 IN
242 1742 385 1776 nomine
404 1742 556 1776 Domini
573 1743 641 1776 Dei
657 1743 786 1776 summi
803 1743 927 1788 incipit
948 1743 1114 1789 expositio
1134 1744 1283 1778 civitatis
1303 1744 1520 1778 Hierusalem

185 1797 237 1831 vel
256 1797 357 1830 rebus
387 1796 473 1838 eius,
501 1797 590 1831 dieta
612 1797 804 1840 Theodofij
832 1797 1084 1840 archidiaconi,
1110 1798 1152 1831 de
1169 1797 1325 1843 partibus
1345 1796 1523 1831 orientalis

145 1849 424 1895 perterminium.
448 1860 466 1878 a

195 1902 459 1936 Melchisedech
491 1904 649 1936 sacerdos
680 1902 749 1936 Dei
782 1905 814 1936 δι
843 1916 900 1937 rex
931 1903 1056 1945 Salem,
1089 1916 1193 1948 quem
1226 1904 1412 1937 adfirmant
1442 1906 1521 1937 Seni

146 1955 210 1990 effe
231 1956 343 1990 filium
363 1958 451 1990 Noe.
474 1957 587 1990 Salem
611 1956 755 2001 quidam
780 1965 906 2002 putant
925 1957 989 1990 effe
1009 1957 1207 1990 Ierusalem.
1229 1956 1411 1990 Ierusalem
1441 1969 1525 1990 con-

146 2009 310 2043 diderunt
342 2010 488 2053 Iebusei‚
521 2011 552 2044 δε
584 2009 666 2055 quia
697 2010 738 2043 de
769 2011 889 2056 primis
923 2010 1123 2044 civitatibus
1155 2009 1222 2042 fuit
1254 2009 1289 2042 in
1321 2010 1526 2043 conditione

148 2063 284 2106 mundi,
310 2064 342 2097 δε
369 2065 480 2098 sancta
510 2064 631 2098 civitas
660 2072 815 2105 vocatur,
844 2076 885 2097 eo
913 2064 1009 2109 quod
1029 2063 1184 2096 Salvator
1213 2063 1335 2095 mundi
1361 2064 1527 2097 dominus

147 2117 238 2150 Iesus
266 2117 420 2151 Christus
440 2129 503 2150 nos
523 2117 671 2151 redemit
698 2117 731 2150 in
752 2130 791 2150 ea
820 2117 974 2162 pendens
994 2117 1027 2149 in
1047 2128 1164 2157 cruce,
1182 2117 1213 2149 &
1232 2116 1428 2160 sepulcrum
1455 2117 1528 2150 eius

149 2170 256 2215 usque
285 2170 329 2203 ad
365 2170 470 2204 finem
504 2170 627 2204 mundi
665 2170 728 2204 erit
761 2171 928 2204 omnibus
965 2170 1129 2215 gentibus
1161 2168 1353 2213 gloriosum
1390 2170 1528 2215 requisi-

147 2222 249 2256 tumb
271 2235 332 2268 per
348 2224 469 2257 omnia
486 2224 610 2257 secula.
632 2235 644 2252 c
660 2224 771 2257 Iudea
789 2223 887 2268 regio
903 2223 1072 2257 Palestine
1091 2235 1131 2256 ex
1146 2222 1291 2255 nomine
1311 2223 1396 2256 Iude
1412 2224 1529 2268 appel-

147 2275 229 2319 lata,
258 2289 299 2310 ex
325 2276 426 2310 cuius
453 2276 546 2310 tribu
576 2289 673 2322 reges
698 2277 833 2310 habuit.
867 2279 945 2310 Hec
976 2277 1070 2322 prius
1091 2274 1264 2310 Canaand
1287 2275 1377 2309 di5ta
1405 2289 1423 2309 a
1454 2276 1527 2309 filio

150 2330 263 2363 Cham
285 2330 349 2364 five
378 2343 397 2364 a
419 2331 542 2364 decem
560 2329 725 2375 gentibus
742 2331 1030 2363 Chananeorum.
1052 2329 1191 2368 Quibus
1210 2328 1366 2373 expuHiS,
1380 2329 1525 2363 eandem

149 2390 274 2416 terram
307 2383 405 2416 Iudei
434 2383 667 2428 possederunt.
701 2383 852 2417 Inicium
890 2382 1124 2427 longitudinis
1159 2382 1231 2415 eius
1261 2394 1278 2414 a
1306 2382 1382 2415 vico
1401 2383 1528 2427 Arpha

151 2436 260 2480 usque
289 2437 331 2469 ad
361 2436 478 2470 vichm
511 2436 683 2470 Iuliadem
718 2436 921 2482 porrigitur,
951 2436 983 2469 in
1016 2448 1088 2481 quo
1116 2436 1304 2468 Iudeorum
1333 2435 1460 2480 pariter
1490 2448 1529 2469 ac

151 2487 336 2521 Tiriorum
365 2488 566 2521 communis
594 2488 765 2522 habitatio
792 2489 845 2522 est.
877 2489 1045 2522 Latitudo
1065 2496 1181 2522 autem
1204 2488 1277 2522 eius
1296 2502 1313 2521 a
1335 2497 1454 2522 monte
1473 2489 1530 2522 Li-

151 2539 234 2573 bani
256 2541 364 2585 usque
399 2541 442 2573 ad
461 2540 664 2574 Tiberiadis
692 2541 809 2575 lacum
842 2541 1050 2575 extenditur.
1082 2542 1121 2573 In
1144 2541 1259 2574 medio
1288 2548 1405 2574 autem
1428 2540 1532 2573 Iudee

201 2693 230 2714 a.
245 2682 338 2715 Hunc
360 2682 442 2716 titul.
461 2690 585 2717 tantum
604 2686 641 2717 A.
662 2703 705 2709 —
719 2685 749 2717 b.
769 2685 804 2716 B.
938 2696 966 2717 c.
993 2685 1039 2723 B„
1067 2684 1102 2716 E.
1128 2694 1184 2727 per
1209 2682 1313 2715 secula
1341 2682 1532 2716 seculorum.

156 2734 333 2779 requisum.
889 2757 935 2762 —
951 2737 983 2770 d.
1004 2738 1036 2770 B.
1059 2747 1177 2769 canan.
