2216 3435
330 194 428 227 xw.
464 193 727 232 QUALITER
747 194 863 226 SITA
884 194 974 226 EST
1003 195 1207 228 CIVITAS
1228 196 1530 229 IERUSALEM.
1579 185 1636 241 liij

265 333 310 386 ss
332 330 495 371 Terram
516 331 689 371 Sanaam
714 331 818 371 illum
842 346 877 371 eo
901 341 1056 385 tempore
1075 332 1360 386 peragraviffe’,
1388 348 1467 385 quo,
1492 331 1637 389 Ismae-

263 395 336 435 litis
347 395 515 450 expulsts,
530 395 754 450 Christiana:
768 396 935 449 religioni
948 397 1097 436 reddita
1102 394 1140 451 s
1136 406 1203 436 unt
1216 397 1320 436 urbis
1326 395 1364 453 s
1358 405 1475 437 anaae
1485 399 1637 452 templa.

263 460 384 514 Quod
407 461 459 500 bis
487 470 631 501 tantum
651 461 784 512 evenit,
807 462 975 515 primum
1004 476 1099 501 anno
1117 473 1209 515 975,
1237 462 1364 502 deinde
1392 473 1514 503 autem
1545 480 1640 504 anno

268 537 379 579 1099.
409 525 543 580 ,Quum
563 526 655 565 enim
676 525 1094 579 Constantinopolitanus
1120 527 1338 581 imperator,
1371 527 1551 568 Iohannes
1576 529 1639 569 Zi-

263 589 397 647 misces,
426 589 535 643 Syria
557 590 650 643 sere
675 598 748 630 tota
780 605 824 629 ac
857 589 1063 644 Palaestina
1092 590 1196 630 circa
1224 606 1362 631 annum
1395 603 1471 645 975
1502 594 1639 646 potitus

258 653 404 708 fuiſjet,
425 652 751 709 Hierosolimitani
769 655 866 694 ultro
884 654 1108 695 Graecorum
1127 656 1322 709 imperium
1330 657 1548 713 subierunt.
1569 668 1581 689 1
1601 657 1640 697 Si

263 734 347 772 ergo
365 719 530 772 nostram
546 719 641 758 hanc
652 719 871 774 sententiam
883 720 1080 772 legentibus
1090 721 1395 774 probaverimus,
1413 723 1638 780 opusculum,

262 784 306 823 de
325 799 392 836 quo
412 784 567 837 agimus,
588 801 611 824 a
627 784 782 836 quodam
794 784 999 838 presbytero
1017 785 1142 832 latino,
1167 786 1270 826 circa
1290 786 1384 826 hunc
1405 803 1545 828 annum
1560 799 1609 842 97
1613 801 1636 841 5

262 849 299 889 in
319 848 575 906 Hierosolima
595 850 783 905 versante,
793 850 982 907 scriptum
991 851 1089 904 fuit.

313 912 550 967 Quanquam
569 928 638 952 non
663 913 878 967 inficiamur
898 914 1016 955 multa
1036 916 1166 969 nostra:
1174 915 1372 971 sententia:
1398 917 1502 956 obiici
1516 917 1641 971 paffe:

262 977 300 1016 in
325 976 386 1017 hoc
418 979 511 1018 enim
537 978 655 1018 libello
682 989 912 1019 memoratur
933 979 1077 1034 ecclesta
1111 979 1257 1020 Sane-m:
1283 980 1441 1021 Mariae
1473 981 1640 1034 Latinae,

262 1057 344 1094 quae
365 1043 473 1083 annis
492 1044 638 1084 circiter
663 1043 903 1097 1063-1084,
910 1043 951 1098 st
969 1045 1069 1083 modo
1086 1043 1282 1085 Guillelmo
1315 1045 1428 1099 Tyrio
1446 1047 1642 1097 credimus,

263 1108 311 1147 ab
333 1108 612 1161 Amalphitanis
629 1110 893 1149 mercatoribus
909 1109 1053 1149 condita
1074 1111 1131 1157 est.
1147 1119 1165 1139 2
1193 1109 1287 1150 Fere
1303 1111 1412 1150 etiam
1426 1111 1463 1149 in
1481 1111 1644 1151 omnibus

263 1173 576 1229 descriptiuncula
602 1174 729 1224 nostra
756 1175 952 1214 concordat
964 1190 1043 1214 cum
1068 1175 1139 1215 illis
1166 1176 1269 1216 urbis
1278 1175 1430 1232 sanbtae
1449 1177 1643 1229 iconogra—

258 1236 367 1290 phiz's,
388 1253 478 1290 quas
499 1239 595 1279 nobis
615 1238 784 1278 exhibent
801 1239 932 1278 codices
953 1240 1215 1296 manuscripti,
1244 1241 1293 1280 X
1290 1239 1378 1280 Ilm
1390 1241 1534 1297 saeculo
1555 1256 1644 1280 exa-

263 1302 351 1341 rati.
371 1312 385 1342 3
407 1302 516 1356 Quin
537 1304 657 1354 etiam,
679 1304 774 1357 quod
790 1304 886 1342 nobis
906 1304 1017 1343 multo
1037 1304 1187 1345 maioris
1203 1306 1372 1345 momenti
1386 1306 1538 1346 videtur
1560 1305 1644 1358 eſje,

262 1368 299 1407 in
320 1370 476 1421 quodam
485 1367 576 1424 suae
596 1369 755 1423 hssoriae
771 1368 853 1418 loco,
874 1366 1045 1409 Albertus
1060 1369 1244 1425 Aquensts
1268 1371 1446 1423 reliquias
1468 1370 1644 1411 Iudaicas

261 1434 392 1490 eisdem
399 1434 505 1487 fiere,
526 1434 654 1486 quibus
669 1434 795 1489 noster,
816 1434 943 1473 verbis
962 1443 1153 1474 memorat.
1174 1435 1309 1489 Quum
1332 1436 1425 1475 enim
1450 1434 1644 1488 Templum

262 1499 419 1538 Domini
438 1515 463 1538 a
492 1497 687 1539 Tancrea'o
715 1507 928 1553 occupatum
959 1506 1086 1538 auaor
1111 1498 1173 1539 ille
1193 1500 1379 1558 describit,
1408 1510 1539 1554 rupem
1557 1499 1644 1555 five

261 1564 545 1604 tabernaculum
572 1564 724 1615 indicat,
757 1564 883 1616 inquo
911 1580 925 1600 «
952 1580 994 1603 ex
1014 1565 1259 1616 quorumdam
1294 1565 1451 1618 opinione
1473 1565 1644 1617 quaedam

265 1646 280 1665 «
294 1629 433 1686 sancta
450 1629 662 1685 sanctorum
684 1629 805 1669 adhuc
828 1629 990 1685 fiervari
1004 1629 1262 1683 perhibentur.
1287 1646 1302 1665 »
1328 1629 1406 1670 Imo
1425 1629 1643 1684 lampadem

263 1694 367 1734 illam
390 1700 544 1741 (urnam
563 1695 650 1734 dicit
669 1694 853 1741 Albertus)
872 1710 896 1734 a
906 1695 1063 1752 summa
1088 1693 1234 1748 Templi
1252 1696 1420 1749 testudine
1440 1696 1642 1750 dependen-

262 1769 329 1798 tem
345 1769 536 1810 memorat,
555 1776 570 1796 «
590 1760 686 1812 quod
698 1774 836 1799 urnam
854 1774 1011 1799 auream
1029 1759 1100 1812 altj
1113 1759 1327 1814 affirmant,
1342 1760 1412 1812 alij
1423 1761 1640 1814 sanguinem

263 1823 429 1873 Domini,
459 1823 528 1875 alij
545 1839 686 1863 manna
713 1824 750 1862 in
771 1839 807 1862 eo
828 1823 1089 1877 absconditum.
1116 1840 1132 1860 2>
1163 1824 1215 1864 Et
1233 1824 1310 1864 haec
1331 1826 1473 1878 quidem
1503 1825 1643 1865 Alber-

263 1899 330 1929 tus.
347 1898 367 1926 4
395 1888 569 1943 Eiusdem
602 1889 772 1941 opinionis
798 1888 963 1927 meminit
980 1887 1202 1928 Fulcherius
1223 1888 1467 1941 Carnotenfis,
1486 1901 1499 1931 5
1535 1905 1645 1943 quam

250 1954 474 2012 fabulosam
492 1953 649 2010 prorsus
670 1953 740 2007 effe
769 1953 959 1993 contendit.
989 1952 1076 2006 Qui
1093 1955 1208 2003 nostri
1227 1956 1397 2008 anonymi
1417 1957 1542 1995 verba
1564 1972 1644 1996 cum

256 2020 406 2073 „istorum
423 2018 650 2074 scriptorum
671 2019 890 2058 narratione
906 2020 1230 2070 comparaverint,
1248 2035 1328 2059 eum
1350 2021 1467 2059 eodem
1488 2030 1645 2075 tempore

261 2094 368 2137 atque
388 2084 469 2136 istos
489 2098 616 2133 omnes,
644 2083 685 2122 id
704 2084 752 2137 est
767 2083 914 2123 ineunte
937 2082 986 2122 X
987 2083 1035 2123 II
1035 2094 1075 2112 mo
1092 2084 1244 2139 saeculo,
1263 2084 1458 2142 scripsiffi
1474 2085 1646 2141 fortaffl

312 2227 322 2247 1
350 2215 406 2249 Cf.
431 2215 584 2260 Epistolas
616 2228 633 2248 a
659 2215 802 2249 Zimisce
837 2215 906 2260 regi
994 2224 1046 2249 tur
1060 2216 1247 2259 (Marffene,
1263 2214 1355 2259 Th‘s·
1374 2217 1643 2259 Aneca'.‚l‚347).

260 2269 435 2304 Armeniae
461 2269 583 2311 missas,
618 2282 669 2314 ap.
703 2269 906 2304 Matthaeum
1043 2281 1058 2310 3
1082 2269 1135 2302 Cf.
1153 2269 1421 2312 Iconographiam
1440 2282 1457 2302 e
1478 2269 1549 2303 mss.
1571 2271 1644 2304 cod.

261 2322 463 2356 Edeffenum
507 2323 599 2366 (Hist.
636 2322 817 2356 armeniens
852 2324 907 2356 des
993 2322 1012 2355 s.
1033 2322 1225 2355 Audomari
1245 2323 1452 2366 exscriptam.
1478 2324 1568 2364 (Rec.
1590 2326 1647 2357 des

259 2376 435 2420 croisades,
455 2378 479 2418 1,
501 2379 628 2419 13-21).
991 2375 1056 2418 hist.
1076 2375 1172 2409 occid.
1193 2378 1248 2408 des
1269 2376 1452 2420 Croisadw,
1468 2378 1528 2417 111,
1550 2379 1646 2420 51¹·)

309 2444 326 2464 2
347 2430 444 2464 Will.
472 2430 575 2476 Tyr.,
603 2429 622 2462 l.
642 2431 668 2472 Ι,
692 2441 721 2462 c.
753 2442 793 2462 10
816 2429 904 2473 (Rec.
1039 2442 1061 2471 4
1091 2429 1168 2462 Lib.
1190 2431 1249 2470 VI,
1271 2441 1300 2462 c.
1331 2442 1435 2473 24-25
1465 2431 1554 2473 (Rec.
1588 2433 1644 2464 des

259 2486 315 2518 des
333 2484 402 2524 hist.
427 2495 485 2517 occ.
504 2485 559 2517 des
579 2484 646 2525 Cr„
659 2484 685 2524 1,
703 2484 769 2524 30).
792 2483 906 2517 Eccle-
991 2482 1058 2526 hist.
1077 2495 1137 2516 occ.
1155 2484 1211 2515 des
1233 2485 1305 2523 Cra,
1320 2484 1381 2525 IV,
1398 2484 1584 2526 480-481).

260 2537 312 2571 s1ae
330 2548 430 2581 porro
449 2538 480 2570 S.
503 2537 624 2570 Mariae
653 2537 774 2571 Latinae
795 2537 907 2570 memi-
1042 2549 1057 2579 5
1082 2536 1199 2569 Fulch.
1217 2537 1331 2577 Carn.,
1344 2536 1362 2569 Ι.
1383 2538 1410 2577 Ι,
1425 2548 1452 2569 c.
1471 2538 1511 2569 26
1530 2537 1647 2580 (Ibid.,

259 2598 377 2624 nerunt
404 2590 593 2623 Bernardus
624 2590 815 2623 Monachus
842 2591 908 2634 (in-
993 2590 1054 2630 111,
1076 2592 1157 2632 3565
1179 2588 1220 2622 cf.
1245 2592 1340 2632 510)‚·
1370 2589 1435 2623 vid.
1456 2590 1645 2623 Ibn-Khal—

248 2643 627 2688 fi·a,p.3¹4)&charta
643 2655 708 2687 qua
723 2645 909 2688 bonaquae-
992 2641 1094 2683 doun,
1121 2649 1162 2675 tr.
1191 2642 1378 2686 Tornberg
1410 2642 1512 2687 (Ups.
1546 2646 1645 2685 1840,

259 2697 337 2730 dam
351 2697 685 2742 S.Sepulchr0,ann0
701 2709 765 2740 993
781 2697 907 2730 donan-
993 2696 1090 2738 ἰπὶ-4),
1109 2707 1140 2740 p.
1164 2706 1220 2739 53.
