2216 3435
645 206 732 268 158
969 216 1117 249 LIBER
1146 215 1348 249 DUELLII
1374 213 1676 247 CHRISTIANI

541 388 617 418 1219
636 364 872 410 tumultum
919 364 961 407 in
994 364 1165 408 civitate
1209 359 1479 417 facientibus,
1526 361 1644 405 venit
1677 358 1879 405 soldanus
1920 375 2021 404 ante

473 878 550 914 Aug*
567 886 613 907 11.

463 1159 542 1195 Aug.
563 1167 610 1197 ¹5·

460 1885 538 1921 Aug.
556 1893 605 1921 24.

461 2316 539 2352 Aug.
557 2322 606 2351 29.

634 436 829 481 nostrum
850 432 1066 490 foffatum,
1086 434 1236 479 nostris
1257 432 1539 477 nihilominus
1558 432 1602 476 in
1621 432 1749 477 armis
1771 431 2019 493 preparatis.

633 507 838 553 Exeuntes
859 523 1004 552 autem
1030 504 1084 550 de
1104 505 1275 549 civitate
1301 504 1459 567 Pagani
1484 520 1586 548 cum
1609 503 1706 547 forti
1729 519 1877 559 manu,
1903 499 2020 547 defe-

632 595 772 624 rentes
792 578 910 641 ligna
926 579 970 622 &
985 578 1148 639 ignem,
1168 591 1333 620 cattum
1352 575 1546 620 nostrum
1560 574 1745 619 ferreum
1764 590 2018 618 concrema-

632 666 796 697 verunt.
832 650 983 712 Quem
1010 665 1111 692 cum
1134 647 1365 693 Christiani
1389 645 1687 701 defenderent,
1718 644 1841 690 multi
1865 661 2020 690 eorum

631 719 881 768 vulneribus
912 722 956 765 ὃ(
988 735 1130 764 morte
1156 719 1252 764 sunt
1277 718 1504 780 perempti.
1546 718 1721 779 Septem
1751 733 1857 779 ergo
1880 732 2019 760 cattos

633 794 801 839 nostros
827 788 1170 849 combusserunt,
1199 789 1315 835 unde
1335 790 1555 835 Sarraceni
1579 788 1706 835 valde
1726 789 1822 834 sunt
1847 786 2020 832 exaltati

630 866 676 910 ὅ(
700 864 931 910 Christiani
963 862 1212 907 contristati.
1250 862 1399 906 Tertio
1433 860 1529 906 idus
1564 860 1748 922 Augusti
1784 875 1934 903 comes
1964 855 2019 902 de

630 936 823 981 Marchia
855 933 938 979 sine
964 933 1140 979 vulnere
1177 931 1300 991 obiit,
1338 933 1461 996 super
1496 948 1585 994 quo
1622 930 1855 977 Christiani
1891 927 2019 976 valde

630 1006 878 1053 doluerunt.
923 1006 1001 1051 His
1038 1003 1189 1050 diebus
1227 1021 1375 1050 comes
1411 1002 1466 1050 de
1502 1003 1655 1050 Nivers
1696 1002 1930 1047 infamatus
1965 998 2019 1046 de

630 1080 817 1125 exercitu
843 1077 1018 1123 receffit.

695 1150 924 1196 XXXVIII.
966 1152 1007 1194 ln
1028 1151 1158 1194 nocie
1177 1146 1498 1209 Affumptionis
1516 1148 1671 1193 Sandie
1695 1145 1829 1190 Marie
1855 1144 2019 1206 septem

627 1223 802 1285 pagani,
826 1237 1028 1266 exeuntes
1067 1218 1120 1264 de
1149 1219 1336 1278 civitate,
1378 1220 1421 1263 in
1458 1217 1592 1264 fluvio
1628 1218 1745 1280 capti
1778 1216 1950 1261 fuerunt
1973 1215 2019 1259 δε

628 1310 760 1338 mane
796 1292 851 1337 ad
886 1291 1076 1338 dedecus
1115 1292 1392 1354 Paganorum
1434 1307 1555 1335 aures
1586 1291 1631 1335 ὅ(
1664 1304 1788 1334 nares
1823 1288 1868 1332 δε
1904 1283 2019 1332 labia

628 1365 815 1409 truncati
840 1365 882 1408 in
908 1364 1091 1409 crastino
1117 1363 1213 1407 sunt
1237 1361 1344 1407 miffi
1367 1362 1412 1406 in
1433 1362 1666 1408 civitatem.
1693 1360 1799 1421 Qua
1817 1357 1871 1404 de
1892 1357 2019 1403 causa

628 1436 760 1481 etiam
784 1436 1006 1481 Sarraceni
1032 1452 1168 1480 unum
1193 1432 1247 1479 de
1276 1433 1428 1478 nostris
1454 1431 1575 1477 simili
1599 1430 1739 1477 modo
1768 1445 2018 1476 truncatum

627 1505 752 1553 nobis
778 1507 1042 1553 remiserunt.
1081 1509 1125 1551 In
1157 1505 1235 1550 illis
1267 1503 1418 1550 diebus
1444 1521 1593 1550 comes
1630 1502 1684 1549 de
1716 1504 1795 1548 Bar
1829 1504 1874 1547 ὃς
1907 1500 2017 1546 filius

629 1580 717 1624 eius
742 1577 959 1624 obierunt.

815 1727 881 1768 ‘De
906 1724 1077 1767 dolendo
1101 1725 1223 1782 gravi
1247 1723 1564 1779 Christianorum
1590 1721 1826 1778 infortunio.

691 1865 885 1912 XXXIX.
925 1869 968 1910 In
1001 1865 1105 1910 festo
1132 1865 1276 1910 Sanffl
1300 1863 1566 1909 Bartolomei
1602 1863 1759 1907 iterum
1784 1860 2016 1908 Christiani

622 1953 902 1984 armaverunt
921 1936 1122 1994 combas,
1150 1934 1223 1980 sed
1249 1952 1325 1997 pre
1349 1936 1515 1996 impetu
1535 1932 1726 1979 fluminis
1745 1950 1837 1978 non
1858 1949 2014 1996 potue-

623 2026 723 2055 runt
747 2009 1106 2071 appropinquare
1140 2005 1196 2052 ad
1221 2007 1378 2051 menia.
1415 2006 1544 2050 Tunc
1579 2004 1677 2050 elati
1705 2003 1871 2066 pedites
1897 2002 2013 2050 dice-

624 2079 744 2139 bant,
785 2079 902 2126 nolle
939 2078 995 2124 ad
1035 2077 1200 2124 bellum
1237 2078 1350 2122 exire
1391 2076 1560 2122 mifites.
1603 2076 1851 2122 Diviserunt
1883 2076 2015 2139 igitur

623 2170 818 2216 gentem,
856 2168 901 2196 ut
932 2168 1019 2196 una
1043 2167 1141 2212 pars
1165 2149 1403 2195 custodiret
1422 2150 1624 2207 tentoria,
1650 2150 1695 2194 ὅ(
1724 2148 1807 2193 alia
1831 2148 2014 2194 servaret

624 2223 787 2269 flumen
814 2225 859 2268 ὃς
886 2221 1053 2280 urbem,
1078 2224 1124 2266 ὃς
1152 2221 1236 2266 alia
1261 2238 1477 2284 pugnaret
1500 2221 1544 2265 in
1569 2219 1731 2265 sabulo.

689 2295 773 2341 XL.
805 2298 848 2340 ln
874 2294 1182 2340 Decollatione
1206 2294 1351 2339 Sanffl
1373 2293 1575 2339 [ohannis
1601 2291 1784 2354 Baptiste
1810 2290 2013 2338 Christia-

624 2384 785 2412 norum
824 2366 1048 2412 calamitas
1085 2367 1130 2410 ὃς
1166 2365 1334 2410 miseria
1373 2363 1576 2426 quedam,
1616 2363 1736 2408 tristis
1774 2362 1896 2421 dico,
1934 2363 2014 2408 fuit

624 2457 799 2503 magna.
836 2438 1057 2483 Dominus
1079 2438 1198 2483 enim
1221 2437 1390 2499 legatus
1415 2438 1460 2482 &
1485 2453 1556 2481 rex
1581 2436 1775 2481 exierunt
1798 2452 1877 2498 per
1906 2451 2012 2498 gen·
2042 2441 2045 2443 ’

624 2527 684 2556 tes
717 2510 771 2556 ad
804 2511 1000 2573 hospicia
1024 2511 1313 2573 paganorum,
1351 2510 1425 2570 qui
1456 2525 1480 2552 a
1506 2508 1657 2552 nostris
1698 2507 1830 2551 castra
1862 2507 2010 2552 metati

624 2583 791 2629 fuerant
818 2583 905 2628 fere
931 2580 1104 2627 duobus
1135 2578 1383 2639 miliaribus,
1417 2579 1617 2640 fatstaque
1643 2576 1701 2624 ibi
1725 2595 1864 2635 mora,
1889 2576 2011 2640 pedi-

625 2671 718 2700 tum
743 2655 891 2717 fugata
926 2654 983 2699 est
1008 2670 1196 2711 caterva,
1226 2651 1438 2713 nulloque
1465 2667 1668 2713 cogente,
1706 2648 1779 2695 sed
1811 2649 2010 2712 maligno

625 2744 700 2773 eos
739 2727 887 2789 spiritu
939 2726 1197 2788 exagitante.
1243 2723 1387 2768 Tanta
1427 2739 1517 2768 erat
1562 2722 1824 2786 fugientium
1858 2718 2010 2780 rabies,
