2216 3435
556 220 644 268 268
768 233 1202 267 SANCTIMONIALIS
1236 233 1715 267 HEYDENHEIMENSIS

549 381 718 439 baldus,
752 382 863 427 stans
888 380 946 427 ibi
978 380 1034 426 ad
1066 379 1250 439 missam,
1285 381 1433 428 lumen
1457 382 1689 428 oculorum
1724 380 1862 428 amisit
1888 383 1934 428 ὅ(

547 471 673 500 cecus
700 453 779 498 fuit
805 453 915 499 duos
942 453 1120 498 menseS.
1150 452 1193 497 Et:
1217 451 1319 498 inde
1344 452 1465 499 ibant
1485 453 1541 500 ad
1557 457 1743 514 sandlum
1769 458 1934 500 Zacha-

544 530 647 570 riam
679 526 958 589 prophetam,
994 542 1085 569 non
1120 541 1290 587 patrem
1318 524 1531 583 Iohannis,
1557 524 1630 571 secl
1656 525 1791 571 alium
1828 543 1932 588 pro-

548 596 738 657 phetam.
778 597 822 642 Et
845 597 948 642 inde
977 596 1067 641 ibat
1091 595 1147 641 ad
1172 598 1373 656 castellum
1400 600 1615 656 cAframia.
1653 595 1711 642 Ibi
1748 598 1933 659 requies-

548 680 681 714 cunta
706 685 787 714 tres
807 668 1061 730 patriarche,
1084 666 1322 728 Abraham,
1342 668 1452 714 Isaac
1471 670 1516 714 ὃς
1537 667 1681 728 Iacob,
1706 685 1808 714 curn
1831 685 1936 714 uxo-

551 738 665 785 ribus
694 741 787 785 suis.

616 898 753 944 XXV.
789 900 1015 959 Ierusalem,
1044 899 1262 959 ‘Diqspolis
1289 895 1364 961 (ad
1387 901 1573 943 Semelam
1602 900 1866 962 Georgium),

551 973 710 1032 ecclesia
729 973 868 1015 Samsli
884 974 999 1015 Petri
1019 974 1058 1014 in
1078 972 1214 1030 Ioppe,
1238 988 1346 1014 mare
1365 973 1597 1031 Magnum,
1620 973 1761 1029 Tyrus,
1785 972 1815 1014 S
1819 972 1932 1027 idon,

616 1043 816 1104 Tripolis,
847 1044 1014 1086 Libanus
1032 1059 1157 1097 mons,
1181 1043 1421 1103 Damascus,
1452 1043 1622 1103 Cesarea
1645 1042 1851 1103 Philippi.
1868 1039 1884 1068 b

616 1165 661 1210 Et
678 1164 781 1210 inde
804 1166 921 1211 venit
940 1167 1095 1210 iterum
1113 1166 1157 1210 in
1175 1167 1403 1227 Ierusalem,
1431 1166 1704 1211 &introiens
1728 1166 1773 1210 in
1799 1165 1938 1211 eccle-

552 1236 670 1293 fiam,
700 1236 773 1282 ubi
795 1238 941 1282 saneta
968 1254 1070 1282 crux
1089 1237 1272 1282 Domini
1295 1238 1474 1283 inventa
1500 1237 1652 1296 fuerat,
1681 1238 1819 1300 aperti
1843 1237 1940 1282 sunt

552 1309 669 1353 oculi
701 1310 789 1354 eius
814 1311 858 1354 ὃ(
883 1307 1093 1354 vifionem
1118 1309 1291 1370 recepit.
1325 1307 1368 1353 Et
1391 1306 1450 1352 ibi
1480 1308 1828 1370 aliquantulumc
1851 1325 1940 1353 ma-

553 1398 674 1437 nens,
694 1378 1240 1444 pergebatinde&venitd
1260 1380 1304 1424 in
1319 1379 1468 1425 locum
1487 1382 1727 1440 ‘Diospolim
1748 1379 1804 1426 ad
1819 1381 1943 1426 sanc-

554 1470 644 1498 tum
679 1453 940 1515 Georgium.
973 1449 1077 1497 Illud
1104 1452 1162 1496 est
1195 1450 1351 1497 decem
1375 1451 1581 1497 milliariis
1612 1450 1667 1497 ab
1700 1452 1941 1499 Ierusalem.

552 1524 596 1569 Et
622 1523 724 1569 inde
750 1525 868 1570 venit
891 1522 948 1568 ad
969 1523 1100 1568 aliam
1123 1523 1286 1570 villam.
1317 1521 1374 1568 Ibi
1400 1523 1457 1569 est
1481 1524 1640 1584 ecclesia
1660 1526 1800 1569 sanai
1827 1528 1941 1570 Petri

553 1595 753 1658 apostoli,
775 1597 819 1640 ὅς
842 1595 928 1640 illic
949 1595 1163 1641 suscitavit
1188 1594 1368 1641 viduam
1388 1595 1555 1640 sancf'tus
1571 1595 1726 1653 Petrus,
1756 1612 1840 1657 que
1863 1596 1943 1641 fuit

554 1668 783 1713 nominata
820 1669 1032 1713 Dorcas,e
1067 1667 1111 1713 Et
1148 1665 1206 1712 ibi
1242 1684 1386 1725 orans,
1417 1664 1632 1729 pergebat
1665 1668 1710 1712 ὅ(
1734 1667 1853 1713 venit
1886 1667 1943 1712 ad

553 1759 660 1785 mare
685 1741 966 1795 cfldriaacmn,
994 1738 1129 1802 longe
1154 1736 1209 1784 ab
1235 1738 1475 1795 Ierusalem,
1503 1736 1560 1783 acl
1579 1736 1704 1783 urbes
1731 1737 1876 1798 Tyrum
1896 1741 1941 1784 ὅς

553 1814 755 1857 Sidonem.
782 1812 862 1856 Sex
888 1810 1083 1856 milliaria
1102 1810 1198 1855 sunt
1216 1811 1327 1856 inter
1345 1810 1437 1855 illas
1463 1808 1569 1855 eluas
1595 1807 1735 1868 urbes,
1762 1812 1807 1856 δε
1831 1811 1941 1855 stant

554 1885 598 1929 in
622 1883 766 1928 littore
793 1882 933 1927 maris.
959 1881 1004 1926 Et
1029 1881 1132 1927 inde
1155 1883 1273 1928 venit
1297 1881 1351 1927 ad
1378 1880 1532 1927 urbem
1553 1880 1789 1942 ‘Tripolimf
1806 1883 1851 1927 in
1874 1882 1943 1928 lit-

557 1971 650 1999 tore
671 1955 808 1999 maris.
838 1953 881 1998 Et
905 1952 1007 1998 inde
1025 1954 1170 2017 pergit
1188 1954 1312 2016 super
1331 1956 1517 1998 Libanum
1542 1971 1727 2010 montem,
1756 1956 1801 1999 ὅς
1825 1954 1944 2000 venit

558 2026 602 2070 in
629 2028 919 2087 Damascum.g
944 2024 987 2069 Et
1013 2023 1118 2070 inde
1142 2026 1262 2071 venit
1285 2023 1341 2070 ad
1368 2027 1597 2086 Cesaream.

603 2186 756 2232 XXVI.
785 2187 1012 2246 Ierusalem,
1040 2188 1195 2247 Emesa,
1223 2186 1478 2241 Salamaida,
1507 2188 1575 2230 ubi
1597 2187 1667 2230 diu
1696 2187 1890 2243 infirmus,

954 2262 1096 2303 iterum
1122 2259 1276 2318 Emesa,
1305 2259 1546 2318 Damascus.
1578 2257 1595 2284 ἢ

624 2382 669 2427 Et
692 2382 794 2428 inde
812 2383 930 2427 venit
955 2382 1076 2427 tertia
1094 2382 1188 2427 vice
1213 2379 1269 2425 ad
1286 2381 1517 2440 Ierusalem,
1545 2381 1590 2425 ὅς
1614 2377 1672 2425 ibi
1700 2379 1778 2424 fuit
1804 2395 1945 2425 totam

559 2455 763 2500 hiemem.
792 2454 837 2498 Et
861 2452 963 2498 inde
989 2454 1132 2517 pergit
1157 2453 1282 2515 super
1306 2468 1383 2497 ccc
1407 2451 1541 2497 millia
1566 2450 1623 2496 ad
1654 2449 1808 2497 urbem
1830 2455 1944 2497 Eme-

547 2526 667 2588 sam?
690 2527 733 2570 in
759 2527 877 2585 Syria
904 2524 1068 2570 &inde
1093 2525 1212 2571 venit
1236 2523 1292 2569 ad
1318 2522 1468 2569 urbem
1489 2525 1761 2568 Salamaitlza.
1792 2523 1864 2568 Illa
1888 2523 1945 2569 est

587 2669 616 2689 a.
634 2658 680 2698 (21,
697 2658 731 2688 R.
747 2655 962 2699 requiescent.
975 2675 1020 2679 —
1032 2656 1063 2688 b.
1085 2654 1213 2688 ‘Titulus
1300 2656 1333 2688 C.
1349 2654 1512 2687 Dorchas.
1527 2675 1572 2678 —-
1586 2654 1608 2686 f.
1622 2655 1673 2696 R.,
1688 2655 1722 2687 C.
1735 2652 1946 2698 Tripole.——-

563 2712 596 2744 d.
618 2710 650 2743 in
682 2712 729 2751 C,
752 2711 785 2742 P.
812 2730 857 2733 ——
883 2721 910 2742 c.
936 2710 968 2741 C.
993 2708 1212 2752 aliquantum.
1295 2719 1328 2752 g.
1350 2709 1384 2740 R.
1399 2708 1577 2741 Damasco.
1598 2727 1643 2731 —
1661 2707 1692 2740 h.
1715 2706 1841 2740 ‘Titulus
1861 2709 1894 2741 d.
1913 2707 1946 2742 in

565 2763 651 2797 ——d.
671 2765 703 2796 C.
725 2771 897 2796 venerunt.
916 2783 961 2786 —
979 2774 1007 2795 e.
1022 2764 1056 2794 R.
1078 2763 1210 2806 Dorca,
1262 2792 1275 2797 ,
1301 2763 1347 2804 C.,
1367 2762 1402 2795 P.
1424 2782 1469 2785 —-
1493 2762 1511 2795 i.
1531 2763 1566 2795 C.
1589 2761 1767 2796 Emefiam.
