2216 3435
6 1881 36 1910 A
53 1879 74 1909 f.
90 1880 129 1909 62
142 1881 170 1919 b,
186 1888 210 1907 c.
228 1888 255 1907 2.

578 296 644 328 DE
671 292 1050 328 PREDICACIONE
1085 295 1118 326 S.
1159 294 1346 327 CRUCIS.
1600 300 1654 347 IQ

349 444 475 486 Item:
495 440 711 485 Dominus
731 440 871 485 noster
887 438 1082 502 pendens
1102 439 1146 483 in
1166 455 1291 484 cruce
1311 437 1429 493 dixit,
1454 458 1476 479 α
1491 443 1521 484 S
1525 445 1604 487 icio
1630 463 1653 483 υ

283 514 476 573 ([03ηη.,
491 525 596 570 XIX,
618 512 719 569 28)3
739 509 862 557 sitivit
880 527 1025 556 autem
1036 509 1155 567 illud,
1176 526 1355 572 propter
1373 509 1494 571 quod
1508 510 1651 574 passus

283 583 352 640 est,
372 581 441 628 sed
461 580 601 644 passus
621 582 678 627 est
692 598 870 644 propter
887 582 1062 627 salutem
1083 597 1378 643 peccatorum,
1396 581 1500 627 dicit
1520 584 1652 639 enim,

284 674 307 694 ct
324 657 446 715 Qon
466 657 555 698 veni
573 671 711 698 vocare
730 656 850 712 iustos
864 652 940 710 sed
950 669 1181 712 peccatores
1202 672 1225 691 υ
1248 651 1434 712 (Matth,
1462 665 1529 709 ΙΧ,
1560 654 1653 716 13).

280 725 416 770 Sitivit
439 741 544 787 ergo
565 723 740 769 salutem
765 739 1047 785 peccatorum
1070 725 1114 768 ὃς
1137 722 1280 768 adhuc
1305 739 1402 767 eam
1427 721 1521 768 sitit.
1555 725 1652 769 Sur-

279 811 354 859 gat
379 812 484 858 ergo
513 794 664 856 aliquis
687 796 732 839 &
756 793 829 839 det
853 794 891 839 ei
908 792 1068 850 bibere,
1095 794 1180 839 hoc
1204 794 1276 852 est,
1301 792 1454 839 offerat
1478 794 1650 840 Christo

279 868 324 911 ὃς
355 882 512 928 corpus
544 867 588 910 ὃς
617 866 830 923 animam3
866 864 992 911 valde
1028 865 1144 910 enim
1178 865 1302 910 miser
1332 866 1376 909 ὃς
1400 882 1552 911 avarus
1582 866 1654 922 est,

279 938 354 999 qui
385 936 574 984 Christus
599 934 758 981 sicienti
782 937 826 980 ὃς
850 952 1008 998 potum
1037 937 1200 998 petenti
1226 951 1357 998 negat
1381 934 1495 981 dare.
1522 939 1650 982 Acci-

278 1010 369 1071 piat
403 1025 509 1071 ergo
542 1008 587 1052 in
622 1007 802 1052 humero
837 1006 1005 1070 signum
1036 1007 1180 1053 sancle
1214 1007 1348 1052 crucis
1383 1008 1428 1051 ὃς
1459 1005 1575 1052 dicat
1609 1009 1653 1054 in

278 1079 412 1125 corde
438 1080 537 1124 suo:
560 1077 673 1137 Tibi,
692 1079 898 1135 Domine,
914 1094 1093 1141 propter
1116 1096 1186 1124 me
1206 1078 1411 1123 clamanti
1435 1078 1653 1141 meipsum

277 1150 572 1197 commendo!

344 1225 470 1268 Item:
491 1221 658 1280 Matth.‚
675 1234 833 1279 XXVII,
857 1242 879 1261 (τ
897 1223 1104 1266 ‘Dederunt
1124 1223 1161 1264 ei
1182 1223 1311 1264 vinum
1331 1239 1415 1266 cum
1424 1224 1536 1282 felle
1554 1226 1652 1267 mix-

276 1311 356 1338 tum
392 1295 446 1350 6³,
488 1312 573 1338 cum
602 1298 790 1354 gustaret,
826 1311 900 1337 non
930 1294 1029 1336 bibit
1051 1311 1073 1331 ³>
1112 1291 1233 1354 (34).
1270 1292 1342 1336 Per
1365 1294 1518 1339 vinum
1544 1292 1634 1339 ibi¹

278 1364 521 1427 designatur
541 1380 799 1425 quecunque
813 1362 1067 1420 delec‘laciO,
1087 1383 1108 1401 w
1124 1365 1255 1406 vinum
1275 1367 1375 1407 enim
1396 1365 1563 1422 letificat
1581 1383 1648 1410 cor

276 1439 484 1480 hominis»
513 1434 700 1493 (psalm,
735 1446 837 1490 CIII,
876 1432 966 1491 16),
992 1431 1047 1477 sic
1071 1449 1178 1495 ergo
1209 1431 1268 1478 ibi
1306 1432 1429 1479 datur
1453 1435 1650 1499 intelligi,

277 1505 413 1568 quod,
437 1504 464 1550 s1
495 1504 571 1551 tibi
595 1523 620 1551 a
643 1504 796 1550 mundi
820 1505 1041 1550 nativitate
1069 1503 1137 1549 vel
1161 1502 1339 1549 diabolo
1370 1504 1526 1551 dantur
1550 1505 1653 1552 deli-

277 1578 340 1623 cie
365 1577 554 1623 carnales
578 1577 647 1623 vel
670 1576 890 1634 seculares,
916 1593 1022 1638 quas
1042 1575 1229 1636 sequitur
1254 1576 1498 1622 amaritudo
1523 1579 1568 1623 δε
1594 1579 1652 1623 eis

276 1649 416 1694 eciam
441 1649 679 1694 commixta
703 1648 774 1705 est,
811 1664 912 1692 cum
937 1647 1167 1710 gustaveris
1192 1664 1276 1704 eas,
1307 1664 1398 1693 non
1426 1647 1556 1694 debes
1582 1667 1651 1695 eas

275 1718 421 1765 bibere
442 1736 522 1765 nec
547 1720 591 1764 in
616 1720 673 1764 eis
693 1717 908 1771 balneare,
928 1716 1030 1763 sicut
1053 1735 1212 1780 porcus
1240 1719 1412 1781 pinguis
1436 1720 1480 1764 in
1501 1720 1652 1766 fetenti

274 1791 380 1836 luto.
403 1790 486 1836 Sed
511 1789 685 1836 abiicias
710 1808 779 1835 eas
800 1790 1048 1850 &sequaris
1072 1788 1306 1847 Christum,
1324 1789 1649 1853 redemptorem

275 1878 411 1918 tuum,
440 1862 562 1924 surge
587 1878 692 1923 ergo
718 1878 742 1906 a
762 1860 922 1905 deliciis
947 1862 992 1905 &
1010 1877 1130 1905 curre
1150 1859 1205 1905 ad
1226 1877 1413 1920 crucem,
1439 1861 1554 1908 unde
1573 1880 1648 1925 pa-

273 1950 375 1977 nem
394 1933 576 1994 accipies
597 1932 680 1977 vite
705 1930 889 1994 (loann.‚
914 1945 978 1987 Vl,
998 1933 1085 1994 483
1111 1944 1218 1989 XXI,
1255 1936 1344 1994 13).
1373 1953 1396 1973 α
1413 1936 1556 1995 Surge,
1583 1940 1651 1996 qui

271 2005 436 2061 dormis,
454 2024 476 2042 »
504 2005 586 2048 &c.
613 2002 795 2064 (Ephes.‚
821 2016 868 2058 V,
906 2007 998 2064 14).

333 2078 468 2119 Item:
494 2074 648 2118 Porcus
685 2072 879 2118 comedit
910 2071 1118 2135 glandem
1155 2074 1199 2118 ὃ(
1230 2090 1458 2135 nunquam
1487 2074 1648 2122 sursum

269 2146 440 2208 respicit
465 2144 519 2190 ad
544 2161 766 2206 quercum,
791 2162 816 2189 a
841 2161 927 2205 qua
952 2142 1081 2189 habet
1113 2143 1336 2206 glandem,
1368 2145 1441 2190 sed
1478 2147 1647 2209 semper

270 2216 420 2261 oculos
452 2216 548 2260 suos
575 2217 619 2260 ὃς
650 2232 698 2259 os
734 2215 855 2260 suum
887 2214 981 2278 figit
1017 2215 1061 2259 in
1106 2231 1285 2273 terram3
1326 2214 1380 2261 sic
1415 2219 1459 2261 ὅ(
1494 2219 1645 2277 malus,

270 2287 466 2350 quamvis
492 2287 642 2331 omnia
675 2285 793 2331 bona
830 2287 901 2331 sua
928 2284 1084 2331 habeat
1110 2303 1134 2330 a
1159 2303 1299 2344 cruce,
1328 2304 1555 2350 nunquam
1582 2307 1643 2336 ta-

271 2375 370 2403 men
396 2357 564 2419 respicit
595 2355 650 2401 ad
682 2373 870 2415 crucem,
906 2355 977 2401 sed
1017 2356 1055 2401 se
1086 2373 1229 2402 totum
1256 2358 1299 2401 in
1335 2374 1526 2404 terrenos
1553 2359 1646 2424 figit

270 2427 458 2474 affedius.
494 2428 661 2473 Omnia
694 2427 811 2474 bona
848 2428 993 2473 nostra
1019 2429 1114 2473 sunt
1139 2446 1163 2473 a
1188 2445 1328 2486 cruce>
1357 2432 1457 2491 quia
1487 2429 1644 2494 baptis-

270 2517 364 2545 mus
379 2500 435 2545 est
449 2517 473 2544 a
488 2499 693 2561 sanguine
706 2501 750 2544 ὃ(
763 2516 891 2561 aqua,
907 2517 990 2561 que
1015 2497 1268 2544 effluxerunt
1286 2517 1310 2544 a
1339 2501 1468 2546 latere
1488 2503 1644 2548 Christi

269 2571 314 2615 ὃ(
339 2571 479 2616 nostra
506 2570 757 2634 redempcio
782 2573 826 2617 ὅς
852 2571 993 2616 nostra
1018 2571 1123 2615 salus
1146 2571 1391 2616 &maxime
1417 2571 1534 2618 bona
1559 2575 1641 2620 cle-

270 2642 470 2687 ricorum.
502 2641 567 2687 Ne
590 2641 636 2687 sis
667 2659 773 2706 ergo
800 2659 972 2706 porcus,
995 2640 1065 2686 scd
1090 2641 1234 2705 surgas
1260 2643 1304 2687 ὅς
1329 2643 1466 2706 erigas
1493 2644 1643 2689 oculos

323 2810 332 2829 ι
358 2796 406 2830 Ibi
425 2798 504 2829 add.
525 2797 558 2837 B,
578 2815 611 2836 α.
