2216 3435
592 257 682 305 240
1015 251 1154 284 BEDA
1190 250 1535 283 VENERABILIS.

581 400 864 452 exprimuntur
885 399 922 438 δε
945 399 1274 451 interpretantur.
1297 396 1485 451 Gergiffa
1506 399 1572 438 ubi
1600 412 1670 439 eos
1691 399 1758 452 qui
1782 412 1803 437 a
1824 398 1965 437 demo-

582 460 699 499 nibus
731 459 977 498 vexabantur
1001 457 1182 498 Salvator
1219 457 1388 497 restituit
1421 457 1587 508 sanitati,
1621 459 1716 512 quia
1749 457 1801 497 ibi
1835 456 1965 496 calide

582 529 800 571 erumpunt
816 532 933 572 aque,
949 517 986 557 &
1004 517 1125 556 hodie
1142 516 1256 569 super
1273 528 1455 557 montem
1473 515 1966 558 viculusademonstratur

582 580 691 618 iuxta
706 578 898 618 Tiberias
919 577 1114 631 stagnum,
1136 577 1174 615 in
1196 591 1278 629 quo
1301 576 1382 615 duo
1404 576 1531 616 millia
1551 577 1662 630 porci
1683 576 1770 616 sunt
1792 574 1967 629 precipi-

581 639 664 678 tati.
687 635 883 677 Ietseman
907 636 1020 676 locus
1043 636 1109 675 ubi
1132 647 1223 676 ante
1241 636 1459 689 paffionem
1482 636 1615 676 noster
1636 637 1766 676 oravit
1784 635 1966 676 Salvator

582 697 637 737 est
669 697 716 736 ad
741 696 898 738 Oliveti
929 696 1096 746 radices,
1117 710 1225 735 nunc
1248 696 1299 735 ibi
1322 694 1489 735 ecclesia
1510 695 1678 749 desuper
1698 694 1882 735 edificata
1899 693 1965 734 est.

583 756 798 810 Golgotha
831 755 944 795 locus
978 755 1167 796 Calvarie
1202 756 1240 794 in
1270 770 1352 808 quo
1383 754 1487 795 solus
1517 769 1589 808 pro
1624 755 1809 795 omnium
1845 753 1966 794 salute

581 816 797 855 crucifixus
818 814 873 854 est
894 814 932 854 &
953 814 1075 867 usque
1097 814 1219 853 hodie
1241 813 1392 853 meliab
1410 814 1636 854 ostenditur
1657 813 1704 853 ad
1727 813 1967 866 septentrio-

581 874 715 914 nalem
737 874 887 914 montis
909 873 1004 913 Sion
1028 872 1201 926 plagam.
1225 872 1311 915 Get
1344 887 1388 912 ac
1411 874 1517 915 Ofer
1539 874 1606 912 ubi
1634 872 1754 913 Ionas
1776 873 1850 912 fuit
1872 886 1968 925 pro-

583 935 714 986 pheta.
751 933 958 984 Mambre,
988 934 1067 973 hoc
1102 932 1157 972 est
1186 932 1326 972 Ebron
1362 932 1426 972 vel
1461 933 1510 972 de
1545 933 1618 972 viri
1647 933 1812 972 Abrahe
1847 932 1965 971 amici

582 1008 733 1032 nomen
767 993 937 1046 accepit.
974 992 1096 1032 Mare
1129 991 1355 1032 Salinarum
1391 992 1500 1045 quod
1543 1002 1712 1031 vocatur
1747 990 1967 1031 Mortuum

582 1050 872 1102 fiveAsfalti,id
889 1051 944 1091 est
954 1051 1174 1092 bituminis.
1190 1050 1364 1091 Maxilla
1378 1051 1610 1091 vicusiuxta
1620 1049 1851 1103 Diospolin,
1861 1049 1967 1089 unde

583 1111 805 1152 Machabei
829 1111 1005 1161 fuerunt,
1022 1125 1198 1163 quorum
1215 1110 1421 1164 hodieque
1439 1110 1592 1150 ibidem
1610 1109 1819 1162 sepulchra
1836 1108 1968 1149 mons-

582 1182 750 1210 trantur.
769 1169 897 1210 Porro
917 1169 1051 1210 Mallo
1069 1170 1212 1210 civitas
1227 1184 1349 1223 quam
1367 1170 1560 1210 Salomon
1573 1168 1786 1209 edificavit.
1803 1169 1969 1222 Nogeb,

580 1230 787 1270 Theman.
807 1229 967 1269 Darum
984 1229 1093 1282 quod
1112 1244 1186 1270 nos
1205 1227 1410 1283 possumus
1425 1228 1616 1280 austrum,
1632 1228 1831 1280 affricum,
1847 1229 1969 1268 meri-

582 1289 690 1329 diem
724 1287 802 1329 s1ve
837 1299 1009 1328 eurums
1042 1302 1133 1341 pam
1165 1288 1423 1341 interpretari
1462 1288 1649 1340 dicimus,
1680 1287 1718 1328 &
1751 1303 1826 1329 nos
1860 1288 1965 1342 apud

582 1359 738 1388 veteres
777 1345 886 1402 quafi
926 1347 1152 1401 opprobrio
1192 1348 1370 1388 Nazarei
1411 1347 1672 1399 dicebantur,
1717 1362 1820 1401 quos
1858 1363 1967 1388 nunc

582 1407 835 1449 Christianos
856 1418 1017 1447 vocant.
1051 1406 1262 1461 Huiusque
1297 1421 1368 1460 per
1389 1422 1413 1446 o
1436 1407 1603 1447 brevem
1624 1406 1801 1447 litteram
1822 1406 1968 1461 legeri-

581 1481 671 1507 mus
691 1467 784 1506 exin
816 1481 887 1520 per
917 1466 1126 1506 extensum
1148 1466 1329 1520 legamus
1350 1466 1631 1506 elementumd
1654 1467 1776 1506 Acon
1798 1466 1968 1517 Roma,e

583 1527 691 1566 idem
724 1526 763 1566 &
793 1526 929 1566 Roma
958 1526 998 1565 in
1034 1526 1141 1566 tribu
1173 1525 1401 1579 Neptalim,
1436 1525 1591 1565 idcirco
1623 1526 1764 1566 eadem
1800 1527 1967 1566 nomina

584 1586 815 1626 viculorum
846 1586 965 1625 variis
995 1585 1251 1639 adsignantur
1268 1584 1490 1635 vocabulis,
1520 1599 1598 1639 que
1628 1599 1723 1624 curn
1755 1585 1861 1638 apud
1891 1599 1966 1625 nos

583 1659 710 1685 unum
742 1659 895 1685 nomen
928 1643 1068 1684 sonare
1098 1644 1326 1695 videantur,
1356 1644 1462 1697 apud
1485 1644 1674 1684 Hebreos
1705 1643 1967 1696 divifisfsunt

582 1703 724 1757 scripte
761 1703 906 1743 littere.
946 1702 1140 1757 Iosephus
1175 1718 1271 1744 vero
1307 1703 1439 1744 Salem
1480 1701 1556 1743 efl'e
1591 1703 1776 1743 adfirmat
1813 1704 1853 1743 in
1889 1717 1969 1756 qua

584 1763 766 1817 regnavit
777 1762 1101 1813 Melchisedech,
1116 1777 1194 1817 que
1211 1762 1349 1816 postea
1365 1762 1471 1803 dicta
1487 1762 1542 1802 est
1557 1761 1709 1802 Solima
1723 1761 1761 1802 δε
1774 1762 1821 1802 ad
1835 1772 1968 1802 extre-

584 1837 697 1862 mum
719 1822 993 1863 Hierosolima
1013 1836 1163 1862 nomen
1199 1822 1367 1875 accepit.
1392 1821 1551 1862 Dicunt
1571 1832 1707 1861 autern
1728 1821 1967 1862 Samaritani

583 1883 651 1936 qui
675 1882 724 1922 de
746 1881 944 1922 Babilone
979 1881 1150 1935 profecti
1185 1881 1283 1921 sunt.
1305 1880 1365 1921 lbi
1388 1895 1497 1921 nunc
1518 1880 1683 1921 ecclesia
1704 1879 1888 1921 edificata
1913 1879 1970 1920 est

584 1942 650 1981 ubi
685 1941 875 1982 dominus
911 1940 1045 1981 noster
1074 1939 1211 1981 lhesus
1245 1940 1429 1982 Christus
1450 1940 1698 1980 Samaritane
1727 1939 1887 1980 locutus
1913 1937 1969 1979 est

584 1999 744 2040 mulieri
767 2000 987 2040 secundum
1009 1998 1236 2040 Iohannem
1257 1998 1554 2053 evangelistam.

621 2164 652 2185 a.
667 2153 702 2185 R.
716 2150 929 2184 vinculus.—
943 2149 1124 2193 b.B.,-R.in
1139 2149 1230 2183 azlia.
1317 2151 1354 2182 B.
1370 2149 1566 2182 ilimentum.
1579 2170 1625 2174 —-
1639 2161 1665 2183 e.
1681 2150 1734 2193 B.;
1755 2151 1788 2182 R.
1810 2161 1964 2194 orgoma.

583 2227 627 2231 —
655 2216 681 2239 c.
710 2206 769 2247 B.;
791 2205 826 2237 R.
857 2205 1031 2248 Europam
1057 2223 1099 2228 —
1117 2203 1148 2236 d.
1177 2205 1232 2246 R.;
1319 2222 1361 2227 —
1382 2202 1403 2236 f,
1426 2204 1474 2246 B.;
1487 2205 1522 2236 R.
1538 2202 1637 2236 divifi.
