2216 3435
605 275 656 308 IN
682 273 942 307 OBsmioNE
969 273 1229 305 DAMIATE.
1515 261 1594 323 163

241 441 324 485 que
358 421 588 467 multitudo
625 439 778 466 eorum
815 438 988 467 mortua
1022 435 1120 465 erat.
1164 419 1244 477 Ali]
1279 418 1479 465 iacebant
1511 420 1603 465 lan·
1626 441 1703 470 1219

240 508 420 557 guentes
445 509 526 538 nec
544 492 641 537 suos
662 508 856 537 mortuos
874 494 917 537 in
940 508 1074 537 unum
1094 490 1242 535 locum
1262 490 1437 552 sepelire
1461 491 1604 536 valen-

240 581 316 623 tes,
339 562 411 608 sed
435 580 512 625 per
534 563 696 625 plateas
715 565 760 608 ὃς
781 562 938 608 domos
962 559 1286 608 inveniebamus
1311 578 1384 605 eos
1402 562 1604 618 iacentes,

240 634 355 680 unde
378 636 423 680 ὃς
440 634 552 679 fetor
570 632 866 679 intollerabilis
887 649 976 679 erat
992 634 1036 678 in
1056 632 1228 678 civitate
1248 647 1351 676 tota.
1380 632 1607 678 Christiani

238 707 396 767 itaque,
415 721 547 750 turres
559 704 851 761 ascendentes,
872 703 1023 749 vexilla
1040 703 1193 748 Santff'oe
1205 702 1359 747 Crucis
1370 702 1606 764 posuerunt

237 777 362 839 super
380 793 462 820 eas.
490 776 709 821 Sarraceni
732 791 876 820 autem
901 771 1310 836 contemplabantur
1333 789 1478 816 muros
1503 774 1604 818 civi-

238 849 333 893 tatis
352 846 543 907 nihilque
567 846 671 891 mali
694 844 1025 908 suspicabantur,
1051 862 1103 890 eo
1125 842 1246 905 quod
1264 844 1375 906 ignis
1394 845 1438 888 &
1462 843 1604 888 fumus

237 918 406 982 signum
432 916 534 963 effet
575 916 757 975 soldani,
794 918 866 978 qui
891 933 1031 961 tantus
1056 932 1158 973 erat,
1195 913 1316 976 quod
1341 915 1488 960 civitas
1514 931 1605 960 tota

237 987 462 1035 videbatur
480 988 640 1034 ardere.
675 989 800 1034 Tunc
820 989 1024 1033 exercitus
1042 986 1399 1044 Christianorum,
1424 987 1498 1046 qui
1518 1002 1606 1030 erat

237 1060 281 1104 in
299 1057 462 1115 sabulo,
489 1060 679 1104 nesciens
697 1059 791 1115 hec,
816 1059 1049 1113 infremuit,
1071 1056 1348 1118 videntesque
1368 1072 1457 1101 tam
1474 1058 1606 1102 maxi-

238 1148 356 1176 mam
397 1132 508 1194 ignis
549 1132 740 1193 copiam,
781 1129 1073 1188 adcurrerunt,
1117 1127 1401 1190 intelligentes
1445 1145 1603 1184 autem,

238 1203 455 1247 civitatem
493 1200 577 1246 effe
603 1218 791 1263 captam,
830 1201 1045 1263 principes
1076 1199 1219 1255 nostri,
1261 1198 1402 1243 clerici
1426 1200 1470 1242 &
1495 1198 1606 1258 laici,

238 1289 318 1334 pro
345 1270 508 1334 gaudio
534 1272 806 1318 lacrimantes
831 1289 881 1317 ac
905 1273 949 1316 in
975 1287 1129 1316 terram
1155 1270 1364 1331 prostrati,
1390 1270 1534 1314 Deum
1563 1272 1607 1315 ὃς

238 1344 412 1388 Beatam
436 1343 664 1406 Virginem
701 1360 801 1387 cum
840 1340 1042 1387 omnibus
1076 1341 1229 1386 sanclis
1259 1338 1418 1385 obnixe
1456 1339 1606 1402 depre-

239 1430 397 1472 canteS,
421 1429 467 1458 ut
491 1415 707 1472 Damiata,
743 1431 826 1475 que
854 1413 959 1457 olim
983 1428 1071 1457 erat
1095 1429 1247 1457 catena
1271 1412 1542 1473 captivorum
1563 1413 1609 1456 ὃς

238 1486 429 1531 scortum
457 1485 504 1529 ὃς·
532 1483 690 1529 domus
725 1483 1036 1542 Sodomorum,
1074 1481 1178 1528 esset
1210 1481 1415 1544 deinceps
1453 1482 1609 1527 domus

238 1556 321 1601 Dei
345 1557 390 1600 ὃς
413 1554 768 1600 Christianorum.

303 1626 403 1672 LVI.
432 1627 544 1671 Orta
567 1627 697 1688 igitur
715 1627 854 1688 prima
874 1625 958 1671 diei
980 1625 1089 1683 luce,
1115 1641 1195 1669 nos
1216 1641 1383 1682 omnes,
1408 1623 1609 1669 Christia-

238 1715 396 1742 norum
422 1696 576 1742 vexilla
598 1695 792 1742 videntes
822 1698 864 1741 in
897 1712 1024 1755 turre,
1060 1694 1210 1742 flentes
1244 1697 1289 1740 ὃς
1312 1712 1412 1740 cum
1446 1692 1609 1757 gaudio

239 1768 389 1813 oculos
415 1765 470 1812 ad
492 1767 632 1812 celum
650 1767 855 1826 levantes,
880 1769 925 1812 ὃς
944 1770 999 1812 ‘Te
1019 1771 1149 1812 ‘Deum
1170 1769 1379 1811 laudamus
1399 1768 1442 1811 ὃς
1464 1766 1609 1810 Gloria

240 1844 279 1883 in
305 1840 460 1900 excelfis
485 1842 575 1882 ‘Deo
595 1855 695 1882 cum
718 1855 883 1900 magno
913 1838 1190 1900 personantes
1216 1837 1421 1899 tripudiO,
1446 1836 1610 1898 gracias

238 1910 454 1956 inmensas
490 1909 708 1954 retulimus
742 1911 852 1954 Deo.
892 1908 1100 1954 Videntes
1139 1925 1284 1953 autem
1328 1907 1530 1953 soldanus
1567 1907 1611 1951 ὅ(

239 1980 502 2038 Coradinus,
538 1996 745 2042 ceperunt
775 1978 941 2025 dicere:
977 1983 1013 2025 Ο
1044 1983 1306 2036 Waclzomet,
1342 1982 1459 2040 usque
1493 1980 1612 2022 hodie

239 2056 423 2114 decepisti
446 2055 547 2097 nos!
574 2053 704 2107 Certe,
722 2057 758 2113 fi
786 2053 1007 2110 Christiani
1026 2053 1165 2095 hahent
1183 2055 1434 2108 Damiatam,
1454 2068 1528 2094 non
1556 2048 1612 2093 ‘Te

239 2126 420 2179 colimus,
451 2141 519 2167 nec
549 2125 604 2167 ‘Te
629 2124 914 2167 adorabimus!
945 2122 1002 2167 [lli
1026 2138 1172 2167 autem
1196 2122 1367 2184 Pagani,
1395 2122 1466 2182 qui
1493 2136 1613 2165 erant

241 2195 356 2239 iuxta
380 2210 511 2239 turres
543 2194 735 2251 civitatis,
779 2210 824 2238 ut
847 2192 1045 2239 viderunt
1069 2193 1212 2237 nostra
1241 2192 1408 2249 vexilla,
1453 2189 1613 2236 eisdem

241 2263 422 2311 turribus
458 2263 722 2327 superposita
755 2264 912 2326 suaque
937 2263 1145 2326 deposita,
1188 2265 1407 2310 civitatem
1439 2279 1613 2324 captam

241 2334 340 2395 effe,
367 2337 697 2400 cognoscentes,
736 2336 865 2381 tristes
898 2335 953 2381 ad
977 2334 1209 2380 dominum
1235 2335 1357 2379 suum
1386 2332 1613 2379 soldanum

241 2424 485 2471 pergentes,
524 2405 741 2470 plorando
773 2406 996 2452 dixerunt:
1034 2411 1223 2464 Domine,
1256 2410 1416 2466 amifistz'
1441 2409 1614 2450 Damia-

244 2497 341 2539 tam,
365 2480 404 2524 ἐξ»
423 2481 471 2523 de
491 2497 617 2525 cetero
642 2497 716 2524 non
744 2484 821 2524 erit
843 2481 927 2523 ‘Tua
944 2482 959 2522 !
986 2476 1178 2523 Audiens
1200 2495 1344 2523 autem
1369 2476 1454 2521 hoc
1476 2475 1613 2521 solda-

244 2567 336 2609 nus,
381 2550 518 2594 statim
550 2549 773 2611 loquelam
804 2548 990 2611 perdidit
1019 2550 1064 2594 ὅ(
1090 2547 1255 2611 signum
1290 2549 1402 2607 fecit,
1442 2564 1485 2592 ut
1519 2547 1613 2604 illis,

245 2622 318 2682 qui
349 2620 512 2665 malum
540 2621 862 2677 nunciaverant,
897 2621 1039 2681 capita
1064 2635 1373 2664 truncarentur.
1409 2619 1615 2679 Cumque

245 2709 320 2754 per
357 2690 462 2737 duas
490 2691 576 2737 fere
605 2691 731 2736 horas
755 2693 797 2736 in
824 2691 904 2736 hac
922 2708 1195 2752 permaneret
1214 2690 1395 2748 tristicia,
1421 2690 1614 2752 aperiens

248 2762 399 2808 oculos
430 2764 559 2808 erexit
585 2763 624 2808 se
647 2764 706 2819 &‚
740 2778 910 2825 arrepto
941 2761 1109 2825 gladio,
1146 2779 1235 2824 quo
1271 2778 1360 2807 erat
1384 2762 1614 2818 accfflclus,
