2216 3435
725 678 1224 748 PRAEFATIO

342 1050 352 1062 ¹-
362 1035 428 1067 ἐἰ
492 1019 604 1107 7³*ss
620 1034 936 1075 ALAESTINAE
945 1034 1183 1087 geographiae
1200 1034 1343 1074 initium
1363 1035 1400 1074 in
1411 1033 1624 1076 Itinerario
1642 1050 1664 1075 a

293 1153 343 1198 Q
396 1061 603 1191 Q&
526 1134 574 1162 Q,
621 1098 838 1153 Bordigala
854 1098 1180 1153 Hierosolymam
1194 1098 1316 1153 usque
1332 1101 1476 1140 minime
1492 1115 1662 1153 quaeren—

534 1213 563 1223 ,Z
622 1166 721 1215 dum,
731 1165 810 1224 sed
824 1165 878 1204 ad
902 1165 1012 1204 multo
1037 1165 1260 1204 anteriorem
1281 1173 1424 1204 aetatem
1450 1167 1662 1219 regredien-

622 1231 708 1271 dum
735 1231 797 1283 est,
804 1229 846 1285 st
872 1229 914 1269 de
933 1229 1071 1270 Flavio
1093 1229 1253 1287 Iosepbo,
1285 1229 1477 1270 Ptolemaeo
1499 1232 1543 1270 ξεῖ
1568 1230 1662 1272 Tal-

491 1284 570 1332 Q
621 1296 742 1347 mude,
767 1304 780 1327 1
831 1303 873 1334 ut
911 1294 1088 1334 clariores
1137 1295 1384 1334 tantummodo
1430 1297 1663 1348 nominemus,

283 1364 492 1403 mentionem
499 1363 720 1417 jecerimus
741 1359 846 1414 Quae
864 1367 984 1399 autem
1003 1359 1041 1399 in
1055 1360 1237 1416 praesenti
1255 1359 1440 1399 volumine
1461 1361 1662 1415 collegimus

283 1439 408 1483 opera,
428 1445 471 1469 ea
494 1437 637 1468 tantum
644 1428 753 1486 sunt,
774 1440 855 1479 quae
880 1424 992 1465 latino
1012 1425 1218 1483 conscripta
1225 1426 1412 1484 sermone,
1446 1427 1501 1466 ad
1526 1426 1661 1468 Terrae

284 1493 429 1534 Sanbtae
449 1492 717 1546 geographiam
725 1492 910 1550 speotant.

334 1558 467 1612 Quum
497 1556 762 1612 antiquzffimas
793 1554 1008 1609 Palaestinae
1039 1554 1291 1613 descriptiones
1319 1556 1356 1596 in
1388 1572 1501 1597 unum
1530 1568 1660 1612 corpus

282 1623 718 1676 colltjgerestatuerimus,
737 1620 822 1662 talis
834 1618 1011 1675 propositi
1038 1620 1229 1660 utilitatem
1261 1635 1360 1661 nemo
1380 1631 1474 1662 certe
1502 1624 1659 1677 negabit.

281 1688 362 1729 Hic
376 1689 470 1729 enim
486 1688 631 1729 collecta
645 1688 895 1736 invenientur,
916 1700 998 1739 quae
1010 1694 1120 1726 antea
1138 1685 1249 1725 multo
1265 1685 1391 1727 labore
1405 1689 1660 1742 perquirenda

281 1763 404 1801 erant;
415 1769 477 1794 nec
488 1754 622 1805 dubito,
634 1754 721 1806 quin
733 1766 908 1805 magnum
919 1751 1180 1791 incrementum
1192 1751 1358 1793 Orientis
1367 1752 1659 1807 historiaestudia

280 1836 323 1861 ex
341 1820 411 1873 isla
431 1819 617 1872 accipiant
633 1818 830 1859 collee‘tione
842 1837 858 1864 ‚·
887 1816 1188 1872 considerandum
1218 1818 1327 1858 etiam
1347 1827 1482 1859 textum
1502 1834 1571 1859 non
1586 1830 1659 1874 pro

281 1887 407 1937 nostra
426 1884 672 1924 commoditate
692 1893 790 1937 pure
811 1883 1080 1941 transcriptum
1087 1883 1226 1937 fuiſje,
1245 1880 1403 1938 summa
1423 1893 1543 1925 autem
1564 1901 1659 1928 cura

281 1948 409 1987 datam
409 1949 534 2003 futſje
549 1958 710 2002 operam,
730 1956 771 1987 ut
786 1948 1124 2005 manuscriptorum
1150 1947 1308 1988 codicum
1329 1949 1513 1990 collatione
1531 1951 1658 1992 melior

280 2013 459 2054 evaderet
475 2022 543 2054 aut
546 2013 732 2068 fincerior
758 2013 1026 2067 restitueretur.
1057 2011 1122 2052 Ne
1145 2012 1223 2064 quis
1251 2022 1372 2053 autem
1401 2015 1541 2067 credat,
1565 2020 1663 2071 quod

268 2077 424 2131 singula
437 2078 513 2117 iam
524 2077 725 2118 itineraria
735 2077 880 2131 pluries
891 2077 1119 2128 ediderimus,
1131 2078 1281 2130 exceptis
1295 2079 1380 2130 illis,
1392 2095 1473 2131 quae
1482 2080 1519 2119 in
1531 2078 1657 2121 Itine—

279 2143 382 2181 rario
402 2142 789 2195 Hierosolymitano,
805 2141 1008 2197 Theodosia,
1028 2158 1160 2183 necnon
1181 2143 1226 2182 Εἴ
1244 2144 1351 2184 Beda
1372 2143 1589 2186 Venerabili
1607 2148 1661 2186 ad

282 2206 524 2260 Palaestinam
539 2222 608 2246 non
619 2208 845 2261 pertineant,
845 2207 1007 2260 facilem
1027 2208 1103 2248 ideo
1123 2210 1221 2250 nobis
1228 2210 1354 2264 fuisse
1368 2210 1406 2249 in
1421 2210 1657 2263 publicandis

279 2271 498 2313 collebtaneis
518 2282 678 2326 operam.
700 2272 841 2313 Multa
861 2274 954 2313 enim
970 2274 1104 2314 iterum
1114 2273 1334 2331 scrutanda
1340 2276 1521 2330 fuerunt.
1540 2275 1660 2329 ‘Quod

279 2347 399 2379 autem
406 2337 563 2394 fingula
583 2347 695 2392 opera
714 2338 791 2379 iam
801 2335 927 2394 semel
940 2340 1185 2392 edideramus,
1204 2342 1302 2382 nobis
1321 2357 1390 2382 non
1404 2351 1547 2396 parum
1562 2351 1655 2395 pro-

266 2404 364 2457 sitit,
375 2419 486 2457 quum
497 2403 692 2445 nonnullas
702 2404 1017 2459 interpretationes
1029 2406 1073 2446 ξεῖ
1084 2415 1186 2447 notas
1196 2407 1233 2447 in
1240 2416 1414 2462 promptu
1426 2407 1655 2457 haberemus,

209 2469 212 2471 ’
278 2483 369 2520 quas
387 2468 444 2509 illi
469 2469 596 2522 legent,
616 2470 680 2523 qui
697 2469 844 2524 aliquid
863 2471 1023 2525 amplius
1041 2471 1084 2512 de
1111 2471 1175 2512 hoc
1195 2470 1387 2528 addiscere
1409 2471 1609 2514 voluerint.

335 2588 345 2607 1
371 2575 424 2609 Cf.
444 2577 636 2619 Neubauer,
655 2578 704 2611 La
716 2577 923 2622 Geographie
1008 2578 1205 2612 Antoninus
1222 2581 1369 2626 Martyr‚
1380 2582 1431 2615 De
1445 2581 1518 2615 locis
1526 2582 1653 2626 sanetis

278 2630 322 2662 du
343 2628 486 2662 ‘Talmud
505 2629 626 2672 (Paris,
652 2632 768 2673 1868).
1009 2631 1059 2675 (S.
1073 2632 1308 2676 Ga11i‚1863);
1320 2633 1556 2679 Descriptiones
1573 2635 1653 2669 ‘Ter-

335 2695 354 2715 2
393 2681 565 2726 Palaeflinae
605 2683 830 2727 descriptiones
879 2695 923 2718 ex
1008 2696 1056 2718 rae
1070 2686 1273 2730 Sanctaesaec.
1291 2688 1381 2729 VIII,
1388 2689 1451 2731 IX,
1465 2690 1537 2722 XII
1546 2690 1624 2723 &X
1625 2691 1654 2722 V

268 2735 347 2781 saec.
368 2736 427 2778 IV,
445 2736 646 2781 V&V1(s.
668 2736 772 2780 Gaui,
794 2737 922 2782 1869);
1010 2738 1128 2784 (Lips.‚
1151 2739 1269 2785 1874).
