2216 3435
365 1735 484 1766 Pontia.

368 2243 527 2274 Methone.

372 2670 494 2709 Cyprus.

641 142 701 193 30
1109 143 1329 177 SANCTAE
1361 143 1548 178 PAULAE

638 306 863 335 remorum
902 288 1034 336 ductu
1074 290 1196 337 navis
1236 291 1280 336 in
1317 291 1453 336 altum
1489 289 1831 353 protrahebatur.
1869 291 2020 337 Parvus

637 361 844 406 Texotius
882 360 1094 423 supplices
1129 379 1283 407 manus
1315 361 1522 408 tendebat
1562 362 1605 407 in
1641 362 1808 421 littore3
1852 361 2019 422 Rufina,

640 433 727 476 iam
752 430 924 491 nubilis,
960 449 1005 477 ut
1028 432 1120 478 suas
1147 433 1412 495 exspeclaret
1443 434 1630 496 nuptiaS,
1667 450 1813 478 tacens
1852 431 2020 479 fletibus

640 502 907 549 obsecrabat.
933 503 977 548 Et
1003 520 1149 550 tamen
1174 504 1246 550 illa
1271 502 1404 550 siccos
1435 504 1643 552 tendebat
1666 505 1721 551 ad
1749 505 1891 550 celum
1918 521 2020 549 ocu-

638 573 720 633 los,
746 576 952 637 pietatem
979 576 1022 620 in
1046 575 1158 620 filios
1182 577 1342 637 pietate
1369 578 1413 622 in
1439 578 1586 622 Deum
1610 578 1825 639 superans
1852 576 2021 621 Nescie-

640 644 713 691 bat
749 647 790 692 se
822 663 1021 705 matrem,
1060 663 1105 692 ut
1135 647 1291 692 Christi
1320 647 1527 710 probaret
1562 650 1782 695 ancillam.
1824 650 2022 710 Torque-

639 718 797 764 bantur
832 718 992 764 viscera
1031 720 1090 775 &,
1127 717 1245 780 quasi
1281 737 1305 764 a
1337 720 1414 765 suis
1446 719 1652 767 membris
1679 720 2023 780 distraherentur,

642 809 744 838 cum
767 788 922 835 dolore
947 788 1203 852 pugnabat:
1228 792 1271 835 in
1295 808 1348 836 eo
1374 794 1538 838 cunetis
1558 789 1869 852 admirabilior,
1900 791 2024 854 quod

643 879 852 925 magnam
893 861 1084 907 vinceret
1123 863 1360 909 caritatem.
1404 867 1514 909 Inter
1556 864 1745 909 hostium
1787 882 1940 909 manus
1979 865 2024 909 &

642 935 903 996 captivitatis
930 933 1084 980 duram
1111 935 1403 980 neceffitatem
1429 935 1535 980 nihil
1559 934 1774 980 crudelius
1799 935 1857 980 est
1892 953 2025 998 quam

641 1020 839 1068 parentes
863 1022 888 1050 a
911 1003 1054 1050 liberis
1078 1005 1273 1068 separari.
1302 1006 1399 1051 Hec
1424 1021 1579 1051 contra
1604 1006 1696 1051 iura
1720 1021 1871 1050 nature
1895 1006 2026 1068 plena

639 1076 746 1122 fides
787 1075 1044 1139 patiebatur,
1077 1078 1216 1122 immo
1247 1077 1445 1141 gaudens
1477 1078 1647 1122 animus
1679 1075 1930 1139 appetebat,
1965 1079 2025 1136 &,

639 1165 839 1194 amorem
869 1147 1060 1194 filiorum
1092 1150 1257 1194 maiore
1292 1150 1335 1194 in
1361 1150 1508 1194 Deum
1538 1166 1688 1194 amore
1722 1165 2027 1209 contemnens,

638 1221 682 1265 in
707 1220 797 1265 sola
822 1219 1062 1278 Eustochio,
1096 1238 1181 1283 que
1211 1223 1255 1266 δε
1281 1219 1491 1283 propofiti
1531 1223 1576 1266 ὅς
1611 1221 1902 1284 navigationis
1939 1222 2027 1266 eius

641 1309 791 1338 comes
823 1308 925 1351 erat,
958 1291 1272 1355 acquiescebat.
1306 1291 1510 1338 Sulcabat
1541 1293 1715 1339 interim
1744 1293 1866 1339 navis
1906 1310 2027 1338 mare

641 1367 699 1424 &,
719 1364 900 1422 cunctis,
920 1365 993 1426 qui
1020 1382 1120 1410 cum
1141 1383 1190 1410 ea
1212 1363 1495 1422 vehebantur,
1519 1365 1666 1410 littora
1689 1360 2029 1428 respicientibus,

640 1436 732 1499 ipsa
762 1435 934 1481 aversos
960 1435 1136 1482 tenebat
1166 1437 1334 1495 oculos,
1378 1454 1433 1482 ne
1457 1435 1638 1493 videret,
1682 1454 1792 1499 quos
1828 1434 1913 1480 sine
1943 1451 2029 1479 tor-

642 1525 793 1554 mento
820 1508 965 1555 videre
991 1527 1082 1554 non
1106 1525 1290 1573 poterat.
1320 1510 1482 1567 Fateor,
1509 1508 1626 1553 nulla
1645 1507 1699 1553 sic
1724 1509 1886 1553 amavit
1904 1506 2031 1565 filios,

645 1579 814 1642 quibuS,
840 1597 1077 1643 antequam
1102 1580 1416 1644 profisceretur,
1448 1583 1605 1625 cuncta
1630 1580 1785 1643 largita
1809 1579 1880 1634 est,
1906 1578 2031 1624 exhe-

643 1650 797 1698 redens
822 1653 863 1697 se
888 1654 931 1697 in
958 1669 1081 1712 terra,
1112 1669 1158 1698 ut
1182 1651 1467 1699 hereditatem
1493 1653 1703 1698 inveniret
1736 1652 1779 1696 in
1805 1651 1914 1696 celo.

709 1726 769 1770 HI.
824 1724 981 1770 Delata
1032 1724 1089 1771 ad
1135 1725 1320 1770 insulam
1369 1728 1559 1768 Pontiam
1573 1761 1585 1781 ,
1635 1740 1770 1785 quam
1811 1721 2033 1768 clarissime

648 1795 876 1858 quondam
902 1797 1165 1842 feminarum
1188 1795 1263 1842 sub
1289 1796 1551 1841 Domitiano
1577 1795 1793 1858 principe,
1820 1811 1900 1856 pro
1927 1811 2033 1840 con-

646 1867 823 1914 feffione
860 1869 1051 1913 nominis
1083 1868 1311 1926 christiani,
1353 1867 1491 1913 Flavie
1527 1866 1758 1912 Domitille
1790 1863 2036 1912 nobilitavit

647 1937 851 1998 exfilium,
876 1938 1114 2002 vidensque
1139 1939 1328 1998 cellulas,
1354 1940 1398 1984 in
1427 1937 1583 2001 quibus
1615 1938 1686 1982 illa
1711 1937 1898 2000 longum
1923 1954 2034 1982 mar-

647 2012 807 2071 tyrium
827 2011 1022 2071 duxerat,
1042 2012 1188 2057 sumtis
1207 2010 1309 2056 fidei
1333 2011 1425 2068 alis,
1454 2009 1809 2069 Hierosolymam
1827 2010 1872 2052 &
1890 2008 2036 2054 sancta

647 2083 747 2128 loca
771 2082 917 2130 videre
943 2081 1158 2147 cupiebat.
1201 2082 1335 2128 Tardi
1368 2098 1491 2128 erant
1515 2082 1633 2128 venti
1660 2082 1704 2125 ὃς
1743 2081 1887 2126 omnis
1912 2081 2038 2144 pigra

649 2154 869 2201 velocitas.
903 2158 1013 2200 Inter
1037 2154 1223 2214 Scyllam
1249 2156 1294 2199 ὃς
1318 2151 1604 2214 Charybdem
1629 2151 1855 2197 Adriatico
1882 2152 1925 2197 se
1949 2169 2037 2197 cre-

650 2225 757 2271 dens
782 2226 960 2290 pelago,
991 2224 1106 2288 quasi
1132 2243 1209 2288 per
1234 2226 1437 2289 stagnum
1465 2226 1585 2272 venit
1611 2226 1864 2281 methonen,
1890 2221 2039 2286 ibique

648 2298 892 2344 refocillato
916 2298 1144 2361 paululum
1171 2297 1448 2360 corpusculo,

782 2408 833 2449 Et
845 2406 940 2465 sale
965 2407 1140 2449 tabentes
1166 2421 1276 2449 artus
1299 2407 1338 2448 in
1366 2405 1503 2449 littore
1518 2421 1688 2465 ponens,

785 2480 865 2521 Per
889 2478 1089 2522 maleam
1121 2476 1160 2521 ὃ*
1189 2479 1398 2536 Cytheram
1413 2477 1658 2536 sparsasque
1673 2493 1751 2537 per
1776 2491 1895 2535 equor

788 2549 998 2608 Cyclades,
1025 2548 1064 2592 E*
1091 2550 1238 2593 crebris
1252 2551 1369 2607 freta
1394 2553 1539 2610 confisa
1565 2550 1698 2603 terris,

652 2655 749 2716 post
798 2656 986 2716 Rhodum
1024 2656 1069 2699 ὃς
1108 2658 1284 2714 Lyciam,
1338 2651 1519 2715 tandem
1570 2651 1678 2699 vidit
1728 2655 1920 2715 Cyprum,
1967 2649 2040 2696 ubi

653 2725 785 2772 sancf'ti
809 2727 854 2771 ὃς
878 2723 1134 2772 venerabilis
1162 2716 1387 2789 Epiphanij
1413 2721 1599 2787 pedibus
1624 2723 1860 2786 provoluta
1884 2721 2038 2768 decem
