2216 3435
575 184 636 237 54
1183 192 1352 226 GESTA

447 352 524 382 1219
563 348 735 377 morem
754 333 876 379 suum
901 337 1148 397 preteriens,
1170 354 1381 400 magnam
1404 354 1512 384 terre
1536 357 1702 402 partem
1723 357 1916 386 arentem
1933 351 1944 371 ¹

561 402 745 465 reliquit,
777 421 862 466 que
887 407 962 451 suo
989 423 1187 469 tempore
1212 425 1292 453 nec
1315 410 1437 469 arari,
1464 426 1545 456 nec
1569 412 1768 458 seminari
1793 415 1946 474 potuit.

561 473 691 522 Unde
724 475 927 522 soldanus
960 478 1114 524 timens
1147 479 1309 525 famem
1344 483 1389 526 ὅ(
1416 482 1597 528 retinere
1631 484 1810 546 cupiens
1843 486 1947 531 civi·

560 562 694 592 tatem
723 564 825 593 cum
862 549 989 595 fratre
1014 550 1090 595 suo
1116 550 1347 597 Coradino
1375 552 1503 598 talem
1529 554 1762 600 christianis
1790 555 1947 602 obtulit

558 619 677 680 pacis
715 618 974 678 faccionem,
1001 638 1047 667 ut
1079 638 1254 667 crucem
1284 624 1503 683 Samiam,
1528 643 1552 670 a
1582 626 1814 672 christianis
1839 627 1946 673 olim

556 688 787 752 perditam,
826 708 927 736 cum
960 693 1104 738 lanfla
1129 695 1302 741 civitate
1329 697 1374 740 ὃς
1398 695 1602 742 omnibus
1635 699 1833 760 captivis,
1871 700 1944 761 qui

554 761 600 806 in
625 778 763 824 regno
794 760 1091 822 Babylonienli
1115 767 1160 810 ὃς
1184 766 1463 812 Damasceno
1489 769 1574 814 vivi
1608 767 1782 831 poffent
1822 787 1945 833 repe-

555 832 638 889 riri,
665 834 858 896 sumptus
883 835 1022 880 eciam
1038 844 1055 863 2
1072 835 1128 881 ad
1158 836 1425 899 reparandos
1451 856 1598 884 muros
1620 839 1943 887 lherosolimam

554 902 756 950 redderet
794 907 839 950 &
872 906 1045 969 insuper
1078 925 1265 971 regnum
1298 908 1718 956 lherosolimitanum
1755 912 1944 958 totaliter

553 975 786 1022 restitueret
810 994 952 1039 preter
971 979 1191 1025 Craccum
1216 982 1261 1025 &
1286 981 1486 1026 Montem
1514 982 1721 1046 regalem,
1747 1000 1827 1045 pro
1849 984 1941 1046 qui-

554 1044 633 1092 bus
662 1046 871 1094 tributum
904 1049 1116 1109 redderet,
1160 1051 1372 1114 quamdiu
1414 1070 1565 1116 treuga
1599 1053 1786 1100 duraret.
1835 1056 1942 1101 Sunt

552 1133 699 1164 autem
722 1118 802 1164 hec
829 1119 918 1165 duo
944 1121 1043 1167 loca
1072 1123 1116 1168 in
1145 1123 1308 1169 Arabia
1343 1122 1429 1184 fita,
1468 1125 1634 1187 septem
1669 1126 1941 1172 municiones

551 1186 806 1237 firmiffimas
831 1191 1058 1252 habencia,
1095 1211 1180 1256 que
1205 1196 1457 1257 quicunque
1483 1196 1680 1255 tenuerit,
1718 1196 1942 1243 lherosoli-

551 1278 673 1306 mam
691 1279 793 1308 cum
812 1264 999 1310 voluerit
1018 1283 1192 1323 nocere,
1214 1268 1375 1329 poterit
1395 1269 1440 1313 ὃς
1463 1284 1592 1330 agros
1617 1268 1705 1313 eius
1723 1285 1774 1313 ac
1792 1269 1938 1316 vineas

550 1331 694 1379 ledere
713 1334 886 1381 valebit.
909 1345 923 1374 3
942 1336 1002 1382 Est
1014 1354 1161 1383 autem
1174 1355 1251 1401 per
1271 1357 1320 1384 ea
1340 1355 1634 1384 mercatorum
1652 1355 1742 1384 tam
1756 1339 1941 1386 christia-

551 1421 711 1450 norum
738 1423 873 1468 quam
906 1408 1273 1454 larracenicorum
1309 1408 1520 1468 transituS,
1552 1426 1642 1455 tam
1667 1410 1724 1456 ad
1747 1412 1941 1473 ipsorum
1962 1426 2183 1465 V.‚f.12r0,c.

550 1476 722 1522 Mecam
737 1487 757 1515 4
774 1478 1056 1525 tendencium
1075 1498 1209 1543 quam
1226 1480 1283 1526 ad
1302 1499 1383 1526 nos
1402 1480 1699 1541 redeundum,
1720 1500 1805 1544 que
1822 1486 1941 1546 pacis

550 1547 821 1612 compoficio
841 1552 932 1614 regi
953 1553 1312 1615 Francigenilque
1331 1555 1483 1599 comiti
1503 1555 1643 1600 eciam
1662 1556 1825 1600 Cestrie
1838 1572 1940 1600 cum
1959 1564 2004 1602 B-‚
2021 1575 2046 1604 p·
2063 1565 2134 1603 238,
2149 1575 2174 1594 c·

550 1622 786 1682 capitaneis
817 1624 863 1667 ὃς
887 1622 1172 1668 Theutonicis
1203 1625 1347 1669 minus
1371 1623 1551 1687 provisls
1570 1627 1614 1670 ὃς
1641 1626 1685 1671 in
1719 1627 1940 1688 posterum

550 1707 642 1737 non
666 1691 918 1739 caventibus
955 1693 1202 1740 admodum
1239 1696 1383 1758 primo
1408 1713 1530 1759 grata
1558 1697 1653 1756 fuit,
1683 1696 1757 1742 sed
1781 1697 1940 1743 saniori

550 1764 740 1810 concilio
778 1762 1006 1812 obviatum
1032 1766 1101 1812 est.
1146 1767 1358 1830 Legatum
1389 1768 1508 1812 enim
1545 1785 1646 1813 cum
1678 1769 1938 1830 patriarcha,

549 1835 901 1899 archiepiscopis,
936 1837 1165 1901 episcopis,
1208 1839 1444 1901 templariis
1481 1841 1526 1884 ὃς
1565 1839 1852 1902 hospitalariis
1894 1843 1939 1887 ὃς

549 1904 753 1952 omnibus
780 1907 894 1953 ltalie
918 1908 1153 1971 capitaneis
1177 1909 1406 1972 multisque
1426 1909 1517 1956 aliis
1539 1910 1823 1974 prudentibus
1841 1913 1940 1959 viris

548 1978 647 2024 huic
672 1980 869 2024 traciatui
893 1980 934 2025 se
959 1981 1181 2043 opposuit,
1208 1981 1438 2027 ostendens
1463 2000 1514 2028 ex
1542 1982 1732 2041 racione,
1759 1984 1937 2031 Damia-

548 2066 639 2096 tam
662 2066 762 2096 ante
788 2051 938 2097 omnia
963 2052 1055 2098 fore
1080 2053 1354 2115 capiendam.
1388 2055 1560 2118 Opinio
1588 2054 1753 2102 diversa
1777 2054 1938 2101 discor-

548 2121 667 2167 diam
692 2124 873 2185 peperit,
898 2140 984 2185 que
1008 2140 1191 2187 propter
1215 2141 1504 2172 communem
1530 2126 1820 2172 neceffitatem
1846 2128 1935 2172 cito

547 2192 692 2239 sedata
721 2194 814 2240 fuit.
854 2198 1017 2241 Interea
1046 2195 1251 2242 soldanus
1283 2215 1494 2261 magnam
1519 2197 1719 2262 peditum
1744 2198 1937 2244 multitu-

548 2263 697 2311 dinem
737 2265 938 2311 clanculo
979 2284 1055 2329 per
1087 2267 1187 2313 loca
1226 2268 1425 2330 palustria
1462 2268 1573 2315 milit
1607 2269 1663 2316 ad
1699 2270 1934 2330 civitatem,

548 2354 736 2399 quorum
772 2336 949 2384 ducenti
982 2337 1288 2402 quadraginta,
1332 2339 1650 2387 dormientibus
1686 2341 1934 2403 christianis,

402 2424 482 2453 Nov.
501 2432 526 2462 3.
547 2410 788 2455 Dominica
812 2412 942 2456 nocste
961 2412 1057 2474 post
1079 2411 1232 2457 festum
1260 2412 1479 2458 Omnium
1497 2414 1757 2459 Sancstorum
1782 2411 1932 2460 urbem

546 2480 644 2526 sunt
661 2480 842 2545 ingressi.
863 2481 1091 2529 Noviffimi
1115 2482 1170 2529 ad
1196 2483 1437 2530 clamorem
1462 2485 1745 2549 vigilancium
1769 2485 1933 2532 detenti

549 2554 643 2598 sunt
661 2555 705 2599 ὃ(
725 2552 866 2613 οεείΓι,
893 2571 1004 2616 quos
1022 2554 1077 2600 ad
1098 2553 1311 2601 ducentos
1330 2557 1375 2600 &
1393 2555 1535 2619 plures
1555 2558 1924 2620 computavimus.

600 2678 611 2697 1
634 2665 817 2710 B.supplet.
842 2687 887 2691 —
912 2680 930 2700 2
953 2667 1132 2712 V.supplet
1153 2669 1193 2701 δε.
1282 2669 1318 2702 V.
1335 2680 1455 2704 mecaS.

549 2738 592 2746 --
620 2731 635 2761 3
657 2721 696 2753 V.
717 2719 860 2756 valebat.
891 2741 936 2745 -—-
964 2734 986 2764 4
1012 2722 1046 2754 B.
1067 2729 1196 2766 meta53
