2216 3435
565 203 629 250 90
1169 206 1337 238 GESTA

469 370 544 399 1219
565 366 674 406 rum,
711 366 853 411 zapas,
875 351 1048 413 palleas‚
1067 353 1111 396 ὃς
1131 351 1292 397 multos
1310 352 1454 398 mulos
1473 370 1677 400 oneratos
1695 354 1942 416 herbarum,

329 1586 424 1625 April.
443 1596 527 1627 7-15.

407 2013 480 2052 Maj.
498 2024 524 2053 5.

562 422 663 482 quia
683 421 888 468 volebant
914 424 1139 487 reimplere
1166 422 1371 470 foffatum
1390 427 1435 470 δε
1454 443 1529 471 eos
1549 444 1574 472 a
1592 425 1769 473 sablone
1791 446 1943 475 exuere

560 494 604 537 ὅς
639 494 795 540 intrare
816 496 1082 553 Damiatam‚
1118 497 1162 540 ἃ
1186 496 1441 559 inceperunt
1464 498 1648 560 prelium
1679 516 1769 546 tam
1793 500 1943 546 crude-

558 564 667 624 liter,
709 565 832 627 quod
857 584 957 612 ante
981 584 1188 612 auroram
1213 568 1346 630 usque
1381 568 1438 614 ad
1471 574 1650 617 noetem
1675 570 1860 632 duravit,
1897 575 1943 619 &

559 638 778 682 Dominus
819 639 960 684 noster
1003 640 1109 685 lesus
1150 641 1342 686 Christus
1386 658 1552 688 tantam
1592 645 1780 708 gratiam
1821 644 1943 691 dedit

557 708 824 767 Christianis,
868 710 990 771 quod
1026 712 1121 773 plus
1145 729 1278 773 quam
1304 732 1330 759 v
1355 714 1487 760 millia
1520 733 1571 761 ex
1599 716 1678 761 illis
1715 717 1941 763 interfece-

557 797 654 826 runt
689 783 733 826 ὅ(
772 780 857 827 sine
889 800 1072 828 numero
1110 784 1446 832 vulneraverunt
1484 788 1529 832 ὃς
1565 787 1826 835 reduxerunt
1864 807 1940 835 eos

557 853 689 914 usque
714 852 769 898 ad
806 852 1011 900 fossatum
1038 856 1241 902 Damiate
1268 859 1313 902 ἅ
1338 856 1393 903 de
1417 875 1499 904 xxx
1521 858 1649 922 lignis
1676 878 1812 906 unum
1838 878 1940 908 cum

554 925 695 970 multis
722 926 853 988 turgis
878 928 923 972 ὃς
949 943 1038 971 uno
1065 929 1267 974 amirario
1293 946 1517 992 ceperunt,
1554 933 1600 977 ὃς
1629 932 1688 978 ita
1707 932 1940 979 Christiani

553 995 881 1044 celebraverunt
917 1000 1108 1046 Palmam
1144 1019 1246 1046 cum
1288 1003 1429 1048 armis.
1466 1003 1616 1048 Sciatis
1641 1020 1770 1063 certe,
1815 1006 1937 1068 quod

552 1069 796 1127 Christiani,
839 1072 912 1133 qui
950 1074 1111 1118 mortui
1145 1074 1252 1133 sunt,
1291 1092 1439 1120 veram
1476 1076 1673 1138 palmam
1709 1076 1765 1122 ad
1790 1078 1937 1123 Deum

550 1157 848 1202 portaverunt,
872 1159 917 1188 ut
937 1145 994 1189 ait
1015 1145 1248 1191 psalmista:
1275 1149 1400 1205 Iustus
1426 1164 1468 1191 ut
1486 1149 1627 1208 palma
1646 1152 1938 1213 florebit7ficut

549 1216 689 1258 cedrus
702 1217 843 1260 Libani
858 1217 1193 1277 multiplicabitur·
1210 1217 1381 1276 (Psalm.
1402 1232 1503 1278 XCI,
1526 1220 1758 1279 12).Nulla
1772 1222 1937 1284 quippe

550 1283 741 1330 humana
768 1286 920 1350 lingua
951 1288 1049 1333 sane
1083 1289 1226 1351 potest
1257 1289 1471 1351 explicare
1512 1291 1715 1351 miserias,
1752 1309 1936 1355 pauper·

549 1371 670 1415 tates,
724 1374 959 1418 tormenta,
1003 1359 1204 1424 langores
1246 1363 1290 1406 ὃς
1325 1360 1608 1422 infirmitates,
1644 1380 1750 1425 quas
1791 1363 1936 1410 Chris-

548 1429 653 1473 tiani
689 1430 732 1474 in
771 1428 998 1477 obsidione
1020 1433 1223 1478 Damiate
1249 1450 1332 1495 pro
1358 1451 1509 1480 amore
1534 1435 1621 1480 Iesu
1647 1434 1804 1482 Christi
1832 1435 1934 1499 paffi

549 1499 721 1545 fuerunt
746 1518 826 1564 pro
853 1502 940 1548 fide
965 1503 1309 1551 Christianitatis.

613 1572 755 1618 XXIII.
785 1576 827 1619 ln
858 1576 1016 1622 oetava
1046 1576 1378 1623 Resurreffionis
1406 1578 1507 1623 fecit
1531 1577 1737 1624 dominus
1763 1578 1932 1643 legatus

548 1642 679 1688 talem
703 1643 1027 1708 indulgentiam
1052 1647 1256 1694 omnibus
1277 1648 1528 1695 hominibus
1555 1648 1802 1696 volentibus
1826 1651 1933 1697 stare

545 1713 601 1760 ad
625 1716 805 1761 Terram
831 1718 1035 1763 Sandiam
1062 1717 1389 1766 defendendam
1410 1721 1543 1783 usque
1568 1719 1624 1766 ad
1646 1721 1764 1767 aliud
1791 1721 1932 1785 paffa-

545 1787 683 1849 grum,
709 1787 832 1849 quod
859 1787 1113 1836 absolvebat
1133 1792 1328 1838 animam
1346 1793 1479 1856 patris
1503 1795 1549 1838 ὃς
1567 1795 1728 1853 matris,
1753 1793 1933 1840 fratrum

544 1859 588 1903 &
614 1859 826 1919 sororum,
865 1861 1007 1906 uxoris
1032 1863 1077 1907 ὅς
1100 1861 1290 1908 filiorum
1325 1862 1379 1909 de
1409 1862 1615 1910 omnibus
1642 1865 1851 1928 peccatis,
1876 1863 1932 1912 de

544 1928 700 1992 quibus
724 1932 1013 1994 penitentiam
1037 1950 1303 1997 receperunt.

608 2002 762 2049 XXIV.
791 2007 834 2049 ln
856 2004 1001 2050 mense
1020 2004 1170 2051 Madio
1189 2007 1409 2068 sequente,
1434 2005 1504 2052 die
1523 2007 1765 2052 Dominico
1784 2007 1928 2070 primo

545 2071 696 2117 menfis
736 2074 929 2120 eiusdem
964 2074 1051 2120 dux
1086 2075 1141 2123 de
1177 2077 1375 2124 Osterica
1411 2079 1490 2123 iter
1523 2079 1763 2142 navigandi
1793 2081 1838 2125 &
1872 2078 1930 2125 ad

543 2145 729 2205 patriam
767 2146 887 2191 suam
924 2145 1137 2194 redeundi
1172 2149 1351 2212 incepit,
1388 2148 1505 2195 unde
1535 2149 1768 2196 Christiani
1801 2149 1928 2198 valde

544 2215 639 2261 sunt
667 2218 917 2276 contristati,
955 2217 1160 2265 soldanus
1194 2222 1239 2266 ὃς
1268 2219 1541 2267 Corradinus
1564 2221 1802 2284 plurimum
1832 2223 1929 2268 sunt

540 2286 683 2349 gavisi.

605 2359 743 2405 XXV.
783 2362 826 2406 In
851 2359 1000 2407 medio
1028 2361 1178 2408 Madio
1204 2364 1321 2410 venit
1356 2363 1560 2410 soldanus
1584 2366 1629 2410 &
1653 2363 1926 2412 Corradinus

538 2523 648 2556 nostro
668 2532 885 2568 cooperante,
910 2526 965 2570 qui
981 2527 1093 2559 omnia
1110 2528 1199 2560 bona
1214 2527 1312 2561 servis
1330 2529 1362 2562 δι
1380 2527 1532 2562 fidelibus
1553 2529 1790 2574 cohoperatur‚
1814 2528 1924 2563 Chris-

538 2575 617 2608 tiani
640 2576 684 2609 eis
713 2579 850 2622 egregie
874 2579 1060 2613 restiterunt
1088 2582 1118 2614 &
1145 2593 1219 2614 cum
1245 2580 1289 2613 eis
1317 2580 1467 2614 bellicose
1492 2589 1678 2625 pugnantes
1701 2581 1771 2615 illos
1793 2582 1921 2626 supera·

538 2637 654 2662 verunt
679 2631 710 2663 δε
735 2631 819 2664 inter
849 2633 1007 2677 Paganos
1031 2635 1061 2667 δι
1095 2636 1292 2667 Sarracenos
1317 2633 1390 2678 plus
1410 2634 1497 2668 mille
1515 2634 1760 2668 interfecerunt.
1779 2634 1923 2669 Duravit

537 2694 681 2727 namque
702 2684 823 2717 bellum
845 2694 910 2718 tres
931 2686 1000 2719 dies
1023 2688 1052 2720 δι
1074 2688 1198 2721 ηοὲἶεεε.
1217 2687 1394 2720 Vissoriam
1420 2699 1580 2732 magnam
1599 2687 1787 2722 habuerunt
1810 2688 1921 2723 Chris-

536 2734 615 2768 tiani
636 2735 666 2768 in
687 2749 707 2769 ο
728 2738 872 2782 eprelio‚·
892 2739 1017 2783 gratias
1038 2741 1113 2774 Deo
1135 2740 1304 2775 dicamus!
