2216 3435
671 267 737 301 DE
771 267 908 301 LOCIS
942 267 1164 303 SANCTIS.
1508 273 1594 323 203

536 573 769 621 ARCULFI
803 573 1041 621 RELATIO
1075 575 1290 621 ALTERA

708 708 779 752 (Ex
797 709 872 743 cod.
891 708 1117 754 Caduinenfi.)

359 862 507 919 Incipit
531 862 606 904 iter
629 860 796 918 cArczdfi
817 862 994 921 episcopi
1018 862 1067 905 de
1088 877 1204 922 gente
1230 863 1458 908 Gallorum.

310 1010 535 1043 RCULFUS
552 1008 686 1042 sanstus
705 1008 897 1054 episcopus,
915 1017 1020 1054 gente
1042 1010 1179 1052 Gallus,
1197 1010 1409 1044 diversorum
1433 1012 1593 1046 locorum

310 1070 527 1096 remotorum
541 1073 642 1095 verax
660 1062 766 1107 longe
780 1063 884 1096 iudex
902 1063 934 1096 δε
951 1063 1029 1096 satis
1046 1063 1194 1096 idoneus
1213 1063 1314 1105 testis,
1333 1064 1419 1097 mihi
1434 1066 1599 1100 Addam-

223 1126 315 1148 nano
328 1116 392 1149 hec
409 1115 564 1148 universa
577 1115 707 1158 retulit,
726 1128 795 1160 que
812 1116 999 1161 diligenter
1018 1116 1173 1150 universa
1187 1116 1333 1151 scribere
1349 1118 1477 1152 curavi.
1494 1119 1596 1153 Prius

223 1169 264 1202 de
276 1168 336 1202 situ
351 1168 548 1210 Ierusalem,
562 1167 661 1201 cuius
676 1180 859 1202 murorum
875 1169 1049 1203 ambitum
1061 1169 1234 1203 circuiens
1247 1171 1427 1215 offitoginta
1445 1180 1599 1217 quatuor

223 1221 420 1255 numeravit
447 1229 557 1255 turres
585 1222 616 1254 &
641 1228 757 1266 portas
784 1222 850 1255 sex.
881 1222 1000 1256 Prima
1025 1230 1125 1267 porta
1154 1223 1282 1266 David,
1309 1225 1352 1257 ab
1377 1224 1597 1260 occidentale

222 1282 319 1319 parte
350 1274 480 1308 montis
509 1274 612 1315 Si0n3
644 1275 794 1308 secunda
823 1283 924 1320 porta
954 1275 1007 1309 vie
1027 1275 1195 1317 Villonis;
1221 1276 1327 1310 tercia
1358 1286 1459 1322 porta
1483 1280 1598 1313 Saneti

223 1328 400 1373 Stephani,
419 1327 479 1362 ubi
497 1327 671 1373 lapidatus
690 1327 753 1371 est;
772 1336 892 1373 quarta
912 1336 1015 1373 porta
1035 1329 1239 1373 Beniamin3
1265 1329 1388 1375 quinta
1409 1339 1509 1376 porta
1528 1345 1596 1377 que

223 1381 268 1415 est
285 1394 401 1427 parva,
422 1380 482 1415 ubi
500 1393 560 1426 per
577 1381 706 1425 gradus
730 1389 938 1427 properatur
960 1383 1070 1427 usque
1087 1383 1131 1416 ad
1152 1383 1278 1417 vallem
1298 1385 1478 1429 Iosaphat;
1505 1386 1598 1419 sexta

221 1443 322 1482 porta
341 1435 540 1472 Thecuitis.
561 1434 632 1468 Hic
652 1433 697 1468 est
715 1434 801 1468 ordo
822 1442 1003 1480 portarum
1026 1436 1058 1469 &
1077 1436 1238 1470 turrium.
1260 1437 1301 1469 In
1320 1437 1436 1471 media
1455 1437 1596 1472 civitate

222 1488 268 1523 est
293 1488 392 1523 valde
423 1488 564 1532 grandis
589 1487 742 1530 ecclefia‚
766 1496 840 1522 tota
867 1488 1024 1535 lapidea,
1049 1489 1136 1523 mira
1163 1490 1382 1524 rotunditate
1407 1491 1594 1535 collocata,

223 1555 330 1588 quam
363 1541 550 1575 sustentant
582 1542 771 1575 duodecim
802 1542 888 1575 mire
916 1543 1171 1588 magnitudinis
1196 1543 1399 1589 columpne,
1434 1544 1470 1578 in
1497 1546 1599 1579 cuius

224 1595 341 1630 medio
375 1595 485 1640 spatio
523 1594 626 1629 huius
657 1595 829 1629 interioris
857 1596 985 1630 domus
1021 1597 1212 1631 rotundum
1246 1598 1292 1630 est
1322 1606 1597 1633 monumentum

223 1648 385 1691 Domini,
403 1649 437 1681 in
451 1656 548 1693 petra
565 1648 718 1682 excisum
739 1649 831 1694 quasi
851 1650 1048 1695 tugurium,
1068 1650 1102 1684 in
1121 1663 1194 1696 quo
1216 1650 1357 1696 possunt
1374 1652 1462 1685 terni
1481 1653 1596 1686 homi-

223 1715 282 1736 nes
305 1702 427 1735 stantes
446 1714 554 1735 orare.
575 1703 622 1736 Et
639 1702 799 1747 quamvis
818 1710 893 1736 tota
913 1703 1042 1736 domus
1067 1703 1127 1736 illa
1153 1712 1427 1738 monumentum
1447 1706 1597 1740 Domini

222 1756 425 1802 appelletur,
444 1755 650 1800 Sepulcrum
676 1764 792 1789 tamen
823 1756 962 1802 proprie
980 1756 1108 1790 dicitur
1133 1756 1190 1790 ille
1215 1757 1315 1791 locus
1338 1758 1510 1803 tugurioli
1535 1759 1597 1805 qui

222 1809 267 1843 est
285 1809 320 1842 in
339 1808 537 1854 aquilonari
554 1816 650 1854 parte
669 1809 904 1852 monumenti,
924 1809 959 1842 in
978 1822 1050 1855 quo
1066 1810 1302 1844 Dominicum
1318 1823 1445 1856 corpus
1459 1812 1599 1847 involu-

221 1871 298 1897 tum
317 1861 580 1896 linteaminibus
600 1861 717 1895 iacuit.
739 1862 777 1895 A
799 1862 1002 1907 pavimento
1029 1864 1137 1908 usque
1161 1864 1204 1897 ad
1223 1864 1430 1909 Sepulcrum
1450 1866 1598 1901 Domini

222 1916 283 1950 ubi
302 1915 411 1950 iacuit
428 1915 579 1949 altitudo
598 1922 751 1960 quatuor
775 1915 970 1960 digitorum
992 1917 1119 1963 habere
1144 1916 1336 1951 dinoscitur
1361 1918 1597 1954 altitudinem.

222 1971 263 2003 In
291 1981 362 2015 quo
382 1969 550 2014 Sepulcro
578 1968 632 2002 die
662 1969 693 2002 δι
722 1969 823 2002 noete
847 1969 1038 2003 duodecim
1066 1970 1258 2015 lampades,
1280 1970 1377 2004 iuxta
1408 1984 1595 2007 numerum

222 2022 411 2057 duodecim
431 2021 683 2067 apostolorum,
700 2022 833 2067 semper
851 2023 1009 2056 ardentes
1023 2023 1153 2056 lucent.
1173 2023 1261 2057 Alia
1279 2023 1323 2057 est
1337 2037 1416 2058 vero
1432 2037 1597 2070 pergran-

222 2076 274 2110 dis
292 2075 436 2109 ecclesia
455 2076 498 2108 ad
516 2075 685 2109 orientem
705 2077 797 2109 versa
812 2077 847 2110 in
866 2076 927 2110 illo
943 2076 1112 2110 fabricata
1132 2077 1225 2119 loco,
1244 2090 1311 2123 que
1330 2078 1491 2114 hebraice
1509 2081 1599 2114 Gol-

222 2130 332 2175 gotha
350 2136 508 2171 vocatur,
530 2128 636 2162 latine
658 2137 773 2163 autem
796 2129 955 2164 Calvarie
974 2141 1087 2172 monS,
1107 2130 1142 2163 in
1163 2143 1233 2175 qua
1252 2131 1364 2176 passus
1383 2132 1428 2165 est
1441 2133 1600 2168 Salvator

223 2183 356 2217 mundi.
377 2184 417 2216 In
435 2182 551 2216 vicina
570 2193 649 2216 vero
664 2182 824 2217 orientali
844 2190 940 2228 parte
959 2183 1101 2217 coheret
1119 2183 1258 2217 basilica
1284 2197 1303 2218 a
1323 2197 1404 2230 rege
1429 2187 1598 2221 Constan-

222 2236 298 2271 tino
316 2247 448 2281 magno
468 2235 566 2270 cultu
586 2235 779 2270 construe&
799 2248 868 2282 que
883 2237 1080 2270 martirium
1102 2237 1310 2282 appellatur,
1326 2237 1362 2271 in
1381 2251 1422 2272 eo
1437 2239 1518 2274 loco
1537 2241 1599 2275 ubi

223 2301 308 2323 crux
326 2288 488 2331 Domini,
512 2300 594 2322 cum
622 2288 696 2322 aliis
715 2289 906 2333 latronum,
932 2290 993 2324 sub
1011 2298 1100 2324 terra
1119 2291 1325 2325 abscondita
1344 2291 1397 2325 est.
1424 2293 1519 2326 Inter
1537 2293 1598 2325 has

223 2344 309 2376 duas
337 2341 493 2376 ecclefias
517 2341 563 2375 est
585 2341 643 2375 ille
668 2342 824 2377 famosus
848 2343 961 2385 locus,
987 2343 1047 2377 ubi
1078 2345 1239 2378 Abraam
1266 2344 1461 2390 patriarcha
1492 2346 1598 2380 altare

224 2395 421 2442 composuit
447 2396 546 2441 super
570 2395 694 2429 struem
715 2396 908 2441 lignorum,
933 2405 972 2431 ut
989 2397 1189 2431 immolaret
1212 2398 1326 2432 Ysaac
1352 2399 1464 2432 filium
1485 2400 1596 2433 suum.

223 2449 312 2483 Illuc
337 2449 457 2494 itaque
477 2449 593 2482 mensa
613 2449 761 2484 habetur
780 2450 908 2495 lignea,
927 2451 1027 2497 super
1043 2464 1150 2496 quam
1170 2464 1364 2497 pauperum
1385 2452 1594 2486 helemofine

223 2503 424 2536 afferuntur.
440 2503 534 2535 Inter
549 2502 608 2536 has
627 2514 777 2549 namque
795 2504 952 2538 ecclefias
972 2504 1017 2538 est
1029 2504 1182 2550 placiola
1200 2513 1413 2539 marmorata
1431 2507 1539 2551 usque
1553 2506 1596 2539 ad

223 2555 398 2589 basilicam
434 2555 654 2589 Constantini
681 2557 712 2590 δι
739 2557 848 2602 usque
877 2557 1054 2592 ecclefiam
1091 2558 1354 2602 Golgotanam,
1396 2571 1465 2604 que
1499 2559 1598 2593 valde

223 2608 459 2654 pulcherrima
484 2608 537 2641 est.
563 2609 603 2641 In
629 2609 746 2643 medio
764 2622 843 2644 vero
863 2611 1013 2645 civitatis
1033 2610 1077 2644 est
1095 2611 1288 2656 columpna
1307 2611 1441 2654 statuta,
1462 2612 1496 2645 in
1519 2613 1598 2646 loco

224 2662 283 2695 ubi
303 2669 463 2695 mortuus
484 2662 617 2695 iuvenis
637 2674 740 2697 cruce
761 2664 910 2698 Domini
930 2664 1138 2710 superposita
1163 2665 1293 2699 revixit.
1316 2666 1412 2699 Mira
1431 2678 1493 2708 res,
1516 2666 1599 2711 quia

223 2714 258 2747 in
274 2714 376 2749 estivo
392 2722 550 2761 tempore
570 2716 767 2751 meridianis
786 2718 891 2760 horis,
908 2719 1050 2764 quando
1066 2718 1250 2753 solsticium
1271 2719 1326 2762 est,
1344 2721 1505 2753 umbram
1527 2731 1597 2753 non

226 2767 326 2813 facit3
341 2768 489 2803 solsticio
502 2777 617 2804 autem
629 2771 811 2814 transaRO,
823 2772 895 2818 post
910 2780 975 2806 tres
988 2772 1060 2806 dies
1075 2773 1232 2807 umbram
1248 2772 1399 2819 primum
1413 2773 1507 2807 facit.
1520 2773 1598 2807 Post
