2216 3435
694 111 780 141 100
1020 111 1021 114 ’
1090 105 1388 139 ANTONINUS
1429 105 1661 139 MARTYR

689 253 760 312 est,
785 254 831 299 δε
856 269 934 315 per
957 255 1122 299 teelum
1148 251 1330 315 desuper
1364 250 1472 297 sicca
1501 250 1682 297 videtur.
1716 251 1847 314 Igitur
1872 269 2075 298 exeuntes

688 340 818 388 porta
829 335 847 352 α
871 323 926 370 de
940 324 1119 383 Iericho,
1130 321 1184 369 ab
1199 324 1365 369 oriente
1380 339 1533 369 contra
1548 322 1826 369 occidentem
1838 324 2074 382 venientes,

687 398 731 443 in
752 394 909 443 sinistra
931 413 1063 442 manu
1086 396 1343 442 intravimus
1366 394 1555 441 favillasb
1578 397 1750 440 Sodome
1768 396 1812 439 ὃ(
1835 398 2073 452 Οοηιοννῆε,

688 469 814 530 super
839 485 973 530 quam
999 468 1274 530 provinciam
1299 466 1524 513 descendit
1543 467 1711 529 semper
1733 464 1868 511 nubes
1895 465 2078 512 obscura

689 556 792 585 cum
810 539 950 585 odore
969 538 1214 601 sulphureo,
1234 538 1376 599 Quod
1395 555 1498 584 vero
1521 537 1674 584 dicunt
1695 537 1891 598 destatua
1906 548 1919 566 ί
1941 543 2077 583 uxoris

688 615 802 669 Lotlz,
844 610 967 674 quod
996 608 1212 674 lingendo
1249 608 1304 655 ab
1335 609 1594 656 animalibus
1628 611 1861 667 minuatur,
1894 626 1987 655 non
2021 610 2079 656 cst

688 700 855 740 verum,
884 680 957 727 sed
982 681 1062 727 stat
1083 682 1127 727 in
1153 698 1208 727 eo
1232 681 1354 739 statu,
1379 682 1422 727 in
1448 699 1539 744 quo
1567 682 1657 728 fuit.

913 844 1027 891 XVI.
1067 848 1280 900 ἙαΙιιινὶηι,
1307 846 1526 900 Bethania,
1556 861 1667 888 mons
1696 845 1868 889 Oliveti.

758 968 1056 1016 Ascendentes
1077 986 1153 1032 per
1167 984 1381 1014 montana
1395 967 1822 1026 Hierosolymorum,
1836 983 1930 1012 non
1948 966 2084 1029 longe

694 1040 749 1088 ab
775 1041 1014 1100 Ierusalem,
1053 1042 1253 1088 venimus
1288 1042 1331 1086 in
1358 1044 1569 1085 ἘιιΙιιινίηι.
1604 1037 1705 1084 lnde
1742 1054 2002 1085 revertentes
2029 1036 2085 1082 ad

695 1112 902 1160 sinistram
916 1112 972 1158 ad
993 1111 1161 1176 oppida
1181 1113 1342 1158 montis
1359 1111 1541 1170 Oliveti‚
1555 1111 1753 1157 venimus
1769 1111 1811 1156 in
1826 1112 2083 1164 Ἑειῆαηίανη,

696 1184 752 1231 ad
776 1203 1064 1231 monumentum
1083 1188 1237 1243 [αῖον-ι’.
1259 1183 1550 1246 Respicientes
1576 1182 1708 1228 valles
1733 1182 1825 1226 illas
1849 1183 1894 1226 ὃς
1917 1197 2087 1244 peram-

697 1255 895 1303 bulantes
915 1255 1174 1300 monasteria
1195 1255 1328 1300 multa
1353 1257 1397 1300 ἅ
1425 1252 1740 1299 mirabiliorum
1764 1253 1878 1311 loca,
1898 1251 2087 1299 vidimus

695 1326 1023 1373 multitudinem
1047 1325 1310 1371 inclusorum
1334 1326 1528 1371 virorum
1556 1342 1606 1370 ac
1626 1325 1859 1370 mulierum
1883 1325 1926 1370 in
1958 1340 2088 1369 monte

699 1402 866 1446 Oliveti.
898 1398 944 1443 Et
975 1398 1137 1443 sursum
1176 1398 1220 1442 in
1248 1414 1414 1455 monte,
1453 1395 1525 1442 ubi
1554 1397 1773 1442 Dominus
1813 1394 2008 1442 ascendit
2031 1393 2087 1440 ad

696 1469 915 1534 patrem,‘¹'
935 1468 1124 1515 vidimus
1151 1467 1363 1514 mirabilia
1384 1468 1519 1513 multa
1544 1470 1589 1513 ὅ(
1608 1468 1823 1525 cellulam,
1851 1465 1926 1512 ubi
1945 1466 2087 1512 clausa

697 1545 777 1590 fuit
797 1541 869 1589 vel
893 1542 1005 1586 iacet
1029 1541 1197 1604 Pelagia
1222 1542 1266 1585 in
1293 1558 1496 1604 corpore,
1527 1542 1572 1586 ὃς
1596 1540 1640 1585 in
1666 1540 1760 1603 ipso
1787 1556 1941 1585 monte
1978 1539 2088 1584 iacet

698 1613 882 1661 lacobus
895 1613 1091 1660 Zebedei
1105 1616 1149 1660 ὅ(
1163 1604 1388 1677 Cleo-phas
1402 1615 1447 1658 &
1461 1612 1598 1658 multa
1613 1629 1803 1675 corpora
1824 1611 2086 1657 sandiorum.

702 1776 831 1824 XVII.
856 1777 991 1824 Vallis
1002 1776 1353 1837 Getlzfiemcznefive
1370 1775 1575 1835 Iosaplzat,
1594 1772 1755 1834 bafilica
1765 1773 1910 1816 Samsle
1919 1773 2089 1828 marie,

1129 1849 1176 1892 H
1177 1848 1289 1908 ieros
1283 1847 1427 1906 olyma,
1453 1846 1658 1906 templum.

772 1970 1099 2019 Descendentes
1143 1969 1198 2016 de
1228 1985 1382 2015 monte
1416 1968 1597 2026 Oliveti‚
1631 1968 1830 2015 venimus
1863 1968 1908 2013 in
1949 1967 2095 2012 vallem

710 2048 988 2108 Gethsemane,
1015 2044 1059 2088 in
1084 2043 1250 2100 locum,
1269 2040 1342 2087 ubi
1367 2039 1547 2086 traditus
1573 2040 1632 2086 est
1658 2040 1903 2086 Dominus:
1931 2038 1974 2083 in
2005 2054 2095 2100 quo

709 2120 806 2165 sunt
839 2117 917 2163 tria
948 2113 1163 2173 accubita,
1197 2115 1242 2159 in
1280 2111 1437 2176 quibus
1470 2112 1541 2158 ille
1577 2109 1795 2170 accubuit,
1825 2113 1871 2156 ἃ
1906 2127 1987 2155 nos
2014 2127 2096 2173 pro

709 2188 1019 2238 benedifflone
1033 2185 1330 2232 accubuimus.
1346 2185 1391 2230 Et
1410 2186 1453 2230 in
1472 2185 1563 2248 ipsa
1582 2183 1692 2230 valle
1711 2184 1769 2229 est
1783 2185 1944 2246 bafilica
1953 2185 2098 2228 sanae

713 2265 885 2318 marie,
926 2277 1061 2323 quam
1093 2257 1246 2304 dicunt
1276 2256 1464 2303 domum
1483 2257 1572 2302 eius
1605 2254 1750 2301 fuisse:
1776 2256 1821 2300 in
1852 2271 1939 2316 qua
1969 2270 2098 2299 mon-

711 2338 863 2383 stratur
896 2334 1157 2397 sepulcrum,
1194 2332 1247 2379 de
1285 2349 1375 2395 quo
1414 2330 1568 2377 dicunt
1605 2331 1799 2376 sanflam
1823 2329 2007 2374 Mariam
2040 2326 2098 2374 ad

714 2408 831 2455 celos
874 2405 997 2452 fuiss'e
1048 2405 1275 2451 sublatam.
1328 2404 1418 2467 Ipsa
1468 2402 1589 2450 vallis
1622 2401 1934 2458 Cethsemane,
1987 2401 2100 2445 inter

713 2497 914 2526 montem
933 2479 1038 2525 Sion
1057 2479 1102 2522 δε
1120 2492 1321 2523 montem
1340 2475 1506 2522 Oliveti
1526 2471 1679 2538 polita,
1692 2485 1705 2502 ε
1727 2471 1893 2519 ibidem
1915 2486 2100 2519 vocatur

710 2551 924 2615 Iosaphat.

762 2677 792 2697 a.
817 2666 870 2707 G.‚
888 2663 933 2697 al.
946 2671 1126 2708 om.porta.
1142 2682 1186 2687 —
1202 2663 1234 2695 b.
1247 2663 1299 2703 G.‚
1314 2660 1359 2694 al.
1446 2659 1567 2692 veniet.
1596 2678 1638 2683 —
1662 2670 1685 2691 e.
1716 2658 1774 2691 Ed.
1798 2656 1860 2691 Iul.
1883 2657 1968 2689 And.
1988 2655 2094 2687 inter..

715 2718 820 2760 villas,
837 2717 929 2751 villis.
949 2737 992 2742 —
1011 2728 1037 2750 c.
1062 2718 1156 2750 Addo
1175 2716 1290 2748 statua.
1316 2734 1360 2739 —--
1447 2712 1562 2758 posita.

717 2772 749 2805 d.
771 2773 809 2805 In
822 2771 974 2816 pluribus
999 2771 1062 2815 nff.
1085 2770 1143 2803 ubi
1162 2770 1191 2803 Sc
1218 2768 1363 2802 iudicare
