2216 3435
600 189 666 221 DE
690 185 871 221 TERRA
896 185 1114 219 SANCTA.
1489 181 1544 232 73

182 338 314 383 millia
338 337 449 382 sex.‘²
480 334 582 381 Inde
612 336 701 381 nati
734 336 829 381 sunt
862 333 1046 397 apostoli
1084 334 1222 377 Petrus
1257 333 1301 376 ἅ
1339 329 1551 389 Andreas,

181 409 397 471 Philippus
416 410 461 453 ὃς
485 407 559 452 filii
582 405 790 452 Zebedei.

248 479 398 525 XXIX.
436 480 477 523 Α
500 477 725 524 Bethsaida
750 478 882 540 usque
905 478 949 521 in
977 477 1203 520 Pcmeadem
1231 472 1321 530 (vel
1347 473 1553 535 Paneam)

180 551 314 596 millia
340 549 641 613 quadraginta.
657 548 672 578 ⁶
698 548 801 595 Inde
827 566 877 594 ex
908 546 1077 593 duobus
1101 546 1208 591 Iocis
1239 546 1434 590 oriuntur
1464 543 1553 589 duo

180 622 337 682 fontes,
364 625 431 667 Ior
454 624 498 667 ὃς
523 623 636 667 Dan.
673 621 745 666 Per
766 621 904 683 ipsam
925 617 1169 665 Paneadem
1186 618 1229 663 in
1254 615 1401 661 medio
1422 632 1555 677 aquas

180 695 370 752 mittunt,
396 695 440 739 ὃς
469 692 545 739 sub
582 694 754 739 civitate
796 691 903 754 (que
934 708 1051 737 nunc
1087 691 1280 734 ‘BeIinasc
1305 687 1461 733 dicitur
1484 704 1557 733 aut

184 767 355 827 Cesarea
382 766 591 827 Philippi)
619 765 753 809 iuneti
778 763 1008 809 Iordanem
1032 759 1282 808 conficiunt.
1311 757 1369 803 Ibi
1388 760 1558 821 accepit

183 854 361 882 nomen.
399 834 457 881 Ibi
481 835 611 882 habet
635 834 794 898 caputd
816 854 926 881 mons
950 838 1132 879 Libanus.

249 907 383 953 XXX.
408 910 601 969 Sareprae
627 906 802 954 Sidonie
824 905 961 963 (iuXta
975 903 1192 968 Syriamf)
1212 904 1324 949 estin
1343 902 1434 964 ipsa
1455 905 1557 945 Plze-

183 983 281 1036 nice,
309 979 354 1023 ὃς
378 978 516 1040 ipsam
540 977 769 1023 Phenicem
794 975 945 1023 dicunt
968 978 1084 1023 iuxta
1123 991 1324 1021 montem
1352 973 1557 1018 Carmeli.

185 1049 231 1095 Et
268 1048 421 1095 dicitur
456 1051 633 1112 Sarepta
661 1048 851 1108 Sidonie‚
899 1065 997 1094 cum
1027 1065 1052 1092 a
1082 1047 1122 1092 se
1144 1046 1299 1092 distent
1323 1043 1560 1090 duodecim

184 1119 446 1181 milliaribus,
472 1122 573 1183 quia
608 1121 687 1166 illis
722 1118 872 1165 diebus
896 1122 1066 1164 Sidonia
1098 1117 1354 1180 metropolis
1389 1116 1466 1161 fuit
1490 1117 1560 1161 Sa-

186 1208 306 1254 repte
318 1215 330 1252 3
366 1208 409 1238 at
432 1209 548 1238 nunc
572 1193 665 1239 vice
684 1192 802 1239 versa
819 1192 995 1253 Sarepta
1014 1189 1270 1252 metropolis
1290 1188 1444 1233 dicitur
1463 1185 1530 1232 eff
1526 1205 1560 1232 e.

186 1262 273 1307 Illic
296 1263 464 1308 sanetus
489 1262 636 1308 Helias
661 1260 807 1307 miffus
834 1262 892 1306 est
916 1260 971 1306 ad
996 1259 1173 1307 viduam
1195 1260 1328 1317 illam>
1355 1276 1439 1320 que
1463 1273 1563 1302 eum

1595 484 1716 513 Paneas.

1598 778 1731 808 Caesarea
1748 778 1818 807 Phi—

1660 821 1738 860 lippi.

1598 862 1736 892 Libanus.

1598 914 1725 952 Sarepta.

1599 954 1749 984 Phoenice.

1602 1127 1733 1158 Sidonia.

188 1334 392 1396 pasceret,
416 1337 461 1380 &
486 1334 622 1379 filium
648 1335 735 1379 eius
759 1333 982 1379 suscitavit.
1021 1331 1078 1378 Ibi
1110 1334 1265 1394 ecclefia
1282 1334 1418 1393 sanc‘b‘
1441 1330 1564 1374 Helie
1584 1339 1839 1371 Ecciefiaffleuae

187 1406 269 1464 est3
304 1423 408 1451 nam
434 1406 614 1451 nomine
639 1405 792 1451 mulier
828 1421 919 1451 non
958 1403 1112 1450 dicitur
1144 1402 1217 1448 nisi
1251 1398 1563 1449 tantummodo

187 1476 328 1523 vidua.

252 1549 402 1595 XXXI.
440 1550 606 1596 Civitas
644 1553 887 1611 Che2s011a,g
919 1566 1002 1611 que
1039 1548 1097 1594 est
1127 1546 1183 1593 ad
1210 1564 1326 1592 mare
1356 1547 1564 1591 Pontum:

188 1617 247 1664 ibi
271 1620 439 1666 santstus
465 1621 673 1667 Clemens
698 1621 996 1681 martyrizatus
1022 1620 1091 1665 est.
1129 1622 1174 1664 In
1210 1619 1317 1664 mari
1352 1617 1566 1663 memoria

189 1691 242 1749 ei,
268 1708 368 1736 cum
393 1709 550 1755 corpus
575 1693 620 1738 in
647 1691 916 1738 duodecimo
951 1691 1151 1736 milliario
1181 1691 1295 1735 intus
1330 1706 1448 1734 mare
1472 1705 1567 1750 pre-

193 1762 419 1824 cipitatum
446 1764 531 1809 est:
570 1765 639 1809 cui
674 1763 860 1809 domino
886 1763 1108 1809 Clementi
1139 1779 1301 1807 ancora
1326 1760 1381 1806 ad
1404 1759 1568 1805 collum

191 1832 324 1895 ligata
342 1834 411 1879 est.
438 1834 482 1879 Et
507 1834 644 1880 modo
670 1836 712 1879 in
735 1835 879 1880 natale
898 1836 985 1880 eius
1006 1851 1159 1880 omnes
1180 1835 1222 1880 in
1249 1832 1398 1879 barcas
1424 1831 1567 1876 ascen-

192 1902 316 1964 dunt,
340 1905 529 1968 populus
554 1908 598 1951 ὃ(
623 1906 875 1953 sacerdotes,
914 1906 958 1951 Et
983 1905 1089 1951 dum
1114 1904 1173 1951 ibi
1198 1919 1423 1961 venerunt,
1450 1919 1568 1947 mare

193 1974 377 2022 deficcat
401 1977 534 2023 millia
560 1978 669 2038 sex,ll
693 1981 737 2023 &
762 1977 835 2023 ubi
860 1978 948 2041 ipsa
973 1994 1073 2023 arca
1093 1977 1165 2034 est,
1187 1975 1423 2022 tenduntur
1444 1974 1569 2035 super

191 2047 232 2091 se
257 2048 516 2110 papilio11e8‚
542 2051 586 2094 δε
609 2050 787 2112 ponitur
823 2050 970 2108 altare,
1008 2051 1053 2094 ὃς
1090 2065 1166 2111 per
1207 2049 1371 2110 septem
1397 2045 1486 2091 dies
1512 2043 1569 2089 ibi

192 2117 313 2164 miffe
338 2118 618 2166 celebrantur.
657 2121 701 2166 Et
725 2122 859 2167 multa
892 2119 1093 2166 miribilia
1124 2119 1182 2165 ibi
1208 2120 1426 2164 Dominus
1453 2117 1568 2173 facit,

192 2187 250 2234 ibi
276 2188 485 2236 demones
511 2191 797 2238 excluduntur
818 2216 829 2252 3
854 2191 881 2237 fi
909 2193 1002 2255 quis
1027 2210 1131 2239 vero
1164 2191 1396 2238 devexatus
1429 2189 1567 2243 fuerit,

194 2262 268 2323 qui
291 2263 455 2308 venerit
478 2264 523 2308 ὃς
547 2280 725 2328 tangere
744 2265 936 2327 potuerit
956 2281 1165 2310 ancoram
1186 2263 1254 2310 vel
1275 2262 1470 2319 osculari,
1492 2260 1567 2305 sta·

192 2333 272 2377 tim
295 2331 509 2380 liberatur.

257 2404 425 2451 XXXII.
464 2406 532 2451 De
559 2406 786 2453 Chersona
815 2408 945 2469 usque
970 2409 1012 2453 in
1034 2410 1180 2468 Sinope
1215 2446 1221 2451 .
1246 2446 1252 2452 .
1274 2444 1281 2452 .
1305 2446 1310 2451 .
1351 2404 1407 2451 Ibi
1427 2404 1568 2450 domi-

193 2491 272 2521 nus
297 2475 492 2522 Andreas
515 2476 710 2525 liberavit
735 2477 966 2524 dominum
992 2478 1233 2524 Mattheum
1256 2477 1569 2540 Evangelistam

194 2546 248 2593 de
262 2565 450 2595 carcere:
472 2567 555 2612 que
568 2551 729 2613 Sinope
743 2550 1076 2596 Marmodoniaf
1101 2548 1323 2595 dicebatur
1341 2551 1385 2594 ὃς
1401 2565 1568 2603 omnes,

240 2690 268 2712 a.
298 2679 380 2713 Lov.
414 2679 456 2723 iij.
490 2699 532 2705 —
571 2681 600 2713 b.
640 2682 688 2721 l,.,
710 2682 794 2713 Lov.
820 2681 838 2713 I.
973 2694 998 2714 e.
1030 2680 1091 2713 Ed.
1114 2679 1269 2723 Sui-zipha.
1302 2698 1342 2702 ——
1372 2679 1391 2711 s.
1420 2679 1466 2718 l,.‚
1489 2679 1568 2711 lio-v.

196 2750 237 2756 -—
264 2744 290 2765 c.
308 2735 401 2770 Lov.
424 2733 559 2767 Bellina.
582 2753 621 2758 —
649 2734 680 2767 d.
704 2734 779 2773 Ed.,·
806 2735 837 2766 L.
933 2757 964 2761 -
993 2745 1024 2777 g.
1057 2732 1135 2766 Mff.
1157 2733 1312 2766 Cersona.
1337 2751 1377 2755 -
1410 2731 1440 2763 Ii.
1468 2731 1514 2771 V„
1539 2733 1568 2763 l’.

193 2785 318 2830 incipit.
930 2785 994 2829 viij.
1015 2806 1057 2811 -—
1084 2786 1103 2818 i.
1138 2786 1183 2829 V.;
1207 2788 1236 2818 P.
1260 2784 1491 2829 Myrmidona.

1309 2879 1348 2899 10

1605 1553 1765 1583 chersona.

1609 2413 1727 2452 Sinope.
