2216 3435
629 200 695 233 DE
729 201 866 234 LOCIS
900 200 1120 234 sANcTis.
1471 207 1485 236 1
1496 203 1552 253 73

188 357 313 392 cuma
335 346 539 409 spelunca
570 345 748 409 duplici,
783 346 1011 409 respiciens
1046 349 1261 405 Mambre,
1292 364 1427 409 quam
1454 348 1558 393 emit

185 417 406 464 Abraham
437 416 490 463 ab
514 416 688 479 Ephron
712 418 929 477 Hethaeo,
960 418 1004 463 in
1036 416 1342 480 possessionem
1374 417 1556 480 duplicis

184 487 403 551 sepulcrifl

252 562 295 604 ln
319 559 443 603 huius
467 559 595 622 agelli
629 559 738 605 valle
768 560 936 604 samftus
963 559 1161 605 Arculfus
1186 559 1335 603 locum
1348 562 1559 621 sepulcro-

185 649 271 676 rum
296 633 411 675 cArbe
435 628 626 689 visitavit,
653 630 740 675 hoc
759 631 829 688 est,
856 647 1042 692 quatuor
1058 635 1399 691 patriarcharum,
1422 629 1560 675 Abra-

185 701 290 746 ham
313 702 357 745 ὃς
382 700 494 745 Isaac
518 703 563 746 ὃς
588 699 716 746 Iacob
738 703 782 746 ὅ(
806 700 966 761 Adam,
990 703 1119 764 primi
1139 701 1344 760 hominis,
1371 718 1560 762 quorum

185 771 333 834 plante
349 771 459 831 sunt,
478 789 570 816 non
588 770 744 817 ficutin
764 773 855 817 aliis
875 772 988 818 orbis
1003 770 1254 836 regionibus
1273 771 1329 817 ad
1347 773 1561 817 orientem

185 842 467 887 humatorum
503 844 699 888 converti
733 845 864 888 moris
891 844 961 902 est,
992 844 1064 889 sed
1101 843 1156 889 ad
1188 842 1415 888 meridiem
1444 844 1561 889 verse

184 915 230 958 &
282 914 423 975 capita
471 930 623 959 contra
670 914 1051 976 septentrionalem
1102 915 1281 977 plagam
1341 915 1558 959 conversa.

186 985 361 1029 Horum
385 984 506 1029 locus
532 985 829 1047 sepulcrorum
854 985 1068 1047 quadrato
1094 985 1245 1030 humili
1277 986 1561 1031 circumveni-

186 1071 252 1100 tur
294 1072 434 1101 murO.
469 1055 615 1101 Adam
650 1056 956 1118 protoplastus,
993 1058 1061 1101 cui
1096 1057 1312 1119 peccanti,
1348 1057 1560 1101 continuo

184 1126 281 1190 post
305 1142 601 1189 perpetratum
626 1144 872 1189 peccatum,
900 1146 924 1172 a
949 1130 1047 1173 Deo
1073 1143 1265 1173 creatore
1290 1126 1455 1173 dicium
1479 1128 1561 1173 est:

186 1196 310 1242 Terra
335 1216 376 1242 es
401 1198 440 1242 ὃ»
465 1202 504 1242 in
531 1215 673 1243 terram
701 1201 792 1254 ibis,
823 1198 1038 1260 separatus
1062 1216 1086 1243 a
1113 1199 1261 1243 ceteris
1289 1197 1422 1243 tribus
1446 1197 1563 1243 haud

182 1268 332 1332 longe,
361 1268 416 1313 ad
442 1267 665 1314 borealem
690 1268 1023 1332 quadrangulati
1051 1267 1212 1331 lapidei
1242 1269 1366 1314 vallic
1395 1285 1563 1332 partem

184 1355 412 1399 extremus,
447 1357 535 1387 non
566 1341 609 1385 in
645 1339 801 1386 saxeod
821 1342 865 1385 in
899 1357 1022 1403 petra
1052 1340 1193 1385 exciso
1218 1340 1415 1402 sepulcro
1440 1340 1565 1403 super

185 1427 355 1469 terram,
388 1427 433 1456 ut
459 1413 586 1456 ceteri
606 1410 660 1457 de
684 1412 845 1457 semine
872 1413 960 1457 eius
995 1412 1200 1457 honorati
1226 1412 1464 1473 quiescunt,
1488 1410 1563 1457 sed

182 1483 228 1528 in
255 1498 365 1527 terra
393 1481 624 1541 humatus,⁶
657 1483 793 1528 humo
820 1486 969 1541 tecffus,
995 1485 1040 1528 δε
1065 1484 1154 1545 ipse
1178 1483 1320 1545 pulvis
1343 1484 1388 1528 in
1413 1483 1563 1545 pulve-

185 1571 276 1598 rem
318 1553 473 1612 versus,
521 1555 769 1617 exspec‘tans
818 1554 1172 1600 resurrectionem
1218 1572 1318 1600 cum
1365 1554 1562 1600 universo

185 1626 347 1670 semine
366 1625 457 1682 su0,
479 1626 642 1687 pausat.
671 1625 715 1671 lit
740 1624 794 1671 fic
819 1625 873 1671 de
897 1625 970 1670 tali
993 1626 1189 1688 sepulcro
1215 1624 1336 1671 eiusf
1352 1624 1564 1688 adipsum

186 1695 241 1741 de
266 1696 358 1758 ipso
384 1696 552 1759 prolata
577 1697 769 1759 expletur
794 1695 941 1743 divina
963 1697 1183 1742 sententia.

250 1769 308 1827 Et,
332 1770 447 1813 iuxta
472 1769 721 1830 exemplum
745 1769 873 1831 primi
892 1769 1078 1831 parentis
1103 1769 1299 1830 sepulcri,
1325 1769 1454 1813 ceteri
1483 1784 1564 1813 tres

186 1839 426 1903 patriarche
465 1838 556 1902 ipsi,
595 1840 668 1885 vili
702 1840 878 1902 pulvere
916 1841 1030 1899 tecffi,
1067 1839 1332 1886 dormientes
1369 1840 1563 1902 pausant,

186 1929 376 1973 quorum
402 1928 588 1973 quatuor
611 1911 805 1973 sepulcra
829 1910 991 1956 habent
1030 1912 1300 1956 circumcisas
1326 1913 1370 1955 ὅ(
1395 1909 1563 1955 dolatas

188 1982 241 2028 de
267 1982 438 2047 singulis
469 1983 687 2046 lapidibus
715 1981 1014 2045 superpofitas,
1043 1980 1158 2044 quasi
1191 1981 1247 2027 ad
1276 1983 1464 2026 formam
1489 1981 1562 2025 ali-

188 2057 306 2102 cuius
332 2054 516 2114 basilice,
534 2072 688 2118 ‚parvas
714 2056 947 2100 memorias
975 2053 1201 2099 fabricatas
1230 2055 1274 2099 ὃς
1303 2055 1418 2099 iuxta
1442 2070 1564 2097 men—

189 2128 328 2173 suram
360 2126 644 2190 longitudinis
676 2128 719 2171 ὃς
754 2125 989 2172 latitudinis
1028 2125 1354 2186 uniuscuiusque
1387 2123 1566 2186 sepulcri

188 2199 408 2244 formatas.
443 2197 665 2244 Abraham
684 2200 728 2243 ὅ(
750 2199 859 2243 Isaac
876 2200 921 2243 ὃς
948 2195 1072 2242 lacob
1093 2198 1171 2242 tria
1196 2197 1387 2259 sepulcra
1410 2196 1566 2253 vicina,

188 2269 318 2316 tribus
360 2268 630 2332 superpositis
671 2269 784 2315 duris
820 2267 1049 2315 candidisg
1079 2266 1308 2330 lapidibus,
1344 2266 1399 2312 ad
1439 2267 1566 2323 hanc,

190 2340 244 2386 de
269 2358 355 2403 qua
397 2358 514 2386 nunc
538 2339 793 2403 scripsimus,
830 2340 1016 2403 figuram
1052 2340 1261 2395 formatis,
1296 2355 1340 2383 ut
1376 2339 1566 2400 superius

190 2411 355 2458 duflum
391 2413 461 2470 est,
497 2428 804 2476 proteguntur,
836 2411 981 2456 Adam
1018 2429 1121 2458 vero
1161 2410 1401 2473 sepulcrum
1427 2408 1565 2471 supcr-

238 2567 267 2588 a.
293 2556 386 2588 Addo
408 2566 494 2587 cum.
520 2574 562 2578 —
588 2556 618 2587 b.
647 2556 694 2595 B„
723 2555 769 2596 V.‚
800 2556 834 2586 R.
922 2565 986 2585 non
1009 2553 1090 2585 infra
1107 2566 1144 2586 ex
1166 2565 1203 2585 ea
1224 2552 1254 2584 in
1278 2559 1379 2596 petra.
1402 2570 1442 2574 —
1469 2564 1496 2582 e.
1523 2550 1559 2581 Β.

191 2610 338 2641 addunt:
368 2621 432 2652 que
463 2620 526 2640 non
562 2608 714 2641 videntur
744 2608 837 2651 super
925 2607 974 2648 V.‚
1000 2609 1036 2639 Κ.
1061 2607 1145 2639 intra
1172 2606 1326 2638 humatos
1357 2605 1386 2637 in
1411 2604 1513 2635 humo
1543 2611 1563 2634 t,

191 2669 312 2695 terram
334 2662 386 2695 sed
408 2662 465 2694 sub
484 2669 569 2694 terra
584 2670 741 2705 putantur
761 2661 836 2694 bina
923 2681 965 2686 —-
986 2661 1006 2693 f.
1029 2663 1078 2701 B„
1102 2661 1148 2702 V.‚
1163 2659 1302 2703 R.quod
1316 2659 1347 2691 in
1361 2667 1445 2691 terra
1466 2655 1568 2699 sepul-

192 2714 347 2760 sepulcra.
376 2735 415 2738 —
445 2727 473 2747 c.
497 2716 528 2747 Ι,.
551 2714 653 2747 vallis.
680 2735 720 2739 —
747 2715 777 2747 d.
801 2716 834 2748 B.
922 2724 972 2748 tus
986 2715 1039 2747 est.
1058 2734 1097 2738 —
1113 2726 1145 2758 g.
1168 2715 1216 2755 l,.,
1237 2714 1286 2754 B„
1302 2712 1347 2745 al.
1366 2710 1518 2745 conditis.
