2216 3435
687 144 774 192 166
1234 159 1492 193 ARCULFUS

679 305 851 350 sterium
870 307 915 350 ὅ(
934 303 1109 368 grandis
1124 303 1294 350 bafilica
1309 305 1433 367 supra
1452 304 1569 350 illam
1583 303 1783 351 edificata
1799 305 2065 368 speluncam,

679 375 733 422 de
782 393 868 438 qua
915 377 1133 422 Dominus
1181 375 1522 438 quatriduanum
1573 394 1798 422 mortuum
1849 377 2063 422 suscitavit

679 449 899 494 Lazarum.

755 589 891 636 XXV.
931 594 997 635 ‘De
1024 592 1110 636 alia
1135 593 1293 653 ecclefia
1321 593 1373 636 ad
1397 594 1574 638 dextram
1602 596 1800 637 Ἐεῐῆαηίε
1816 609 1980 653 partem

1260 666 1492 723 construc‘la.

742 776 810 820 De
835 774 917 820 alia
943 773 1178 820 celebriore
1204 773 1380 820 ecclefia
1409 774 1466 820 ad
1491 776 1719 821 australem
1738 776 1943 822 Bethanie
1962 793 2065 838 par-

678 864 766 894 tem
791 848 834 892 in
862 864 914 892 eo
942 847 1103 891 montis
1130 846 1295 892 Oliveti
1320 846 1422 891 loco
1444 846 1642 905 fundata,
1662 849 1705 892 in
1732 864 1821 908 quo
1844 848 2064 893 Dominus

677 918 734 964 acl
770 917 1005 980 discipulos
1040 916 1233 963 habuisse
1265 918 1511 963 sermonem
1545 917 1720 974 dicitur,
1751 917 1936 965 breviter
1971 919 2067 964 scri-

679 989 876 1036 bendum
900 988 1170 1035 arbitramur.

744 1062 861 1107 l-linc
891 1061 1070 1106 sollicite
1100 1061 1410 1123 inquirendum
1443 1061 1514 1120 est,
1547 1061 1722 1123 qualem
1753 1062 1999 1108 sermonem
2024 1064 2068 1108 &

679 1151 769 1196 quo
800 1149 1001 1195 tempore
1039 1133 1108 1179 vel
1140 1133 1195 1179 acl
1222 1151 1329 1195 quas
1361 1133 1566 1196 speciales
1601 1133 1808 1196 personas
1835 1133 2069 1195 discipulo-

678 1223 774 1250 rum
800 1205 1020 1250 Dominus
1051 1203 1098 1249 s1t
1125 1205 1307 1252 locutus.
1346 1206 1449 1268 Qe
1482 1205 1575 1263 tria,
1613 1203 1638 1249 si
1674 1206 1804 1250 trium
1829 1204 2068 1268 Evangelis-

678 1294 820 1322 tarum
850 1276 1006 1339 scripta
1037 1278 1203 1339 aperire
1232 1277 1513 1336 voluerimus,
1544 1276 1739 1335 Matthei‚
1766 1277 1914 1334 Marci,
1940 1277 2066 1335 Luce,

678 1346 805 1393 nobis
842 1348 1064 1394 manifeste
1100 1347 1337 1407 clarebunt,
1379 1349 1455 1410 qui
1502 1346 1556 1393 de
1602 1348 1811 1393 sermonis
1859 1347 2066 1410 qualitate

677 1419 992 1466 concinnentes
1034 1419 1293 1482 loquuntur3
1342 1419 1396 1465 de
1441 1419 1545 1464 loco
1587 1418 1710 1482 ipsius
1758 1420 2066 1465 conventionis

677 1509 810 1537 nemo
831 1489 1028 1536 dubitare
1048 1493 1221 1554 poterit,
1248 1508 1424 1537 necnon
1447 1490 1501 1536 de
1520 1492 1720 1536 sermone
1747 1493 1791 1536 ὅ(
1811 1491 1963 1548 loc0‚‘¹
1994 1493 2068 1553 qui

678 1564 919 1609 Mattheum
944 1563 1097 1626 legerit
1122 1561 1175 1608 de
1196 1564 1396 1608 Domino
1423 1561 1664 1608 dicentem:
1695 1584 1717 1603 <c
1744 1565 1774 1607 S
1777 1565 1914 1608 edente
1939 1581 2068 1608 autem

681 1657 704 1676 <c
733 1654 777 1681 eo
807 1638 935 1697 super
970 1653 1138 1680 montem
1177 1637 1347 1694 oliveti,
1379 1636 1616 1695 accefferunt
1660 1636 1714 1679 ad
1748 1654 1834 1680 eum
1871 1636 2067 1696 discipuli

682 1710 896 1769 «secreto,
935 1709 1139 1752 dicentes:
1176 1711 1260 1751 ‘Dic
1295 1709 1410 1752 nobis
1435 1708 1593 1766 quando
1618 1710 1687 1750 hec
1718 1712 1856 1752 erunt?
1891 1711 1941 1751 Et
1965 1709 2072 1767 quod

682 1801 703 1820 (ι
721 1785 882 1842 signum
907 1781 1101 1824 adventus
1126 1784 1187 1824 tui
1206 1779 1245 1823 5,
1271 1780 1796 1840 consummationisseculi5⁹
1822 1799 1844 1818 υ
1880 1779 1948 1824 De
1972 1795 2069 1841 per-

678 1851 793 1896 sonis
813 1849 1185 1914 interrogantumb
1208 1850 1278 1895 hic
1297 1849 1511 1895 Mattheus
1531 1850 1676 1909 tacuit,
1696 1849 1769 1895 secl
1788 1850 1959 1895 Marcus
1979 1867 2070 1895 non

679 1923 828 1980 tacuit>
855 1923 929 1984 qui
953 1923 1010 1967 ita
1036 1920 1210 1984 scripsit,
1239 1921 1413 1967 dicens:
1449 1943 1471 1962 α
1504 1925 1810 1983 Imerrogabant
1839 1941 1923 1967 eum
1944 1924 2069 1984 sepa-

682 2016 704 2035 α
732 1999 853 2039 ratim
883 1998 1028 2039 Petrus
1053 1994 1092 2038 ὃ*
1117 1996 1284 2038 Iacobus
1308 1994 1347 2038 ὃ·
1367 1997 1562 2039 Iohannes
1588 1994 1627 2038 δ’
1654 1996 1866 2051 cAndreus,
1895 1991 2067 2056 quibus⁶

677 2065 1046 2130 interrogantibus
1080 2064 1361 2127 respondens,
1401 2065 1657 2127 qualitatem
1694 2064 1827 2111 habiti
1854 2065 2062 2110 sermonis

678 2139 796 2184 iuxta
833 2154 917 2183 tres
955 2138 1083 2200 supra
1124 2154 1395 2182 memoratos
1438 2136 1721 2200 Evangelistas
1763 2135 1964 2196 ostendit,
2004 2137 2065 2182 ita

682 2209 855 2255 dicens:
896 2231 918 2249 <r
950 2212 1104 2266 Videte,
1134 2228 1181 2254 ne
1206 2213 1295 2269 quis
1320 2227 1390 2254 vos
1404 2211 1588 2271 seducar.
1615 2210 1764 2254 Multi
1789 2213 1892 2253 enim
1919 2213 2073 2254 venient

685 2303 708 2322 c<
730 2286 770 2326 in
816 2286 971 2326 nomine
1008 2300 1093 2326 meo
1136 2283 1326 2339 dicentes,
1370 2285 1464 2340 quia
1506 2298 1580 2341 ego
1606 2283 1700 2342 sum
1738 2282 1934 2339 Christus,
1963 2301 1986 2320 υ
2026 2281 2071 2325 &

681 2369 823 2398 cetera
847 2353 1069 2414 sequentia
1103 2351 1157 2397 de
1188 2351 1424 2397 novistimis
1451 2349 1721 2413 temporibus
1750 2353 1795 2396 ὃς
1819 2351 1947 2396 seculi
1966 2368 2071 2396 con-

681 2425 985 2482 summatione,
1015 2441 1099 2486 que
1123 2423 1339 2469 Mattheus
1364 2422 1535 2485 prolixo
1573 2422 1771 2468 sermone
1796 2423 2072 2485 prosequitur

683 2497 816 2559 usque
851 2496 907 2542 acl
943 2514 1044 2542 eum
1084 2496 1249 2553 locum,
1289 2512 1377 2557 quo
1411 2497 1456 2540 ὃς
1493 2512 1665 2557 tempus
1702 2495 1827 2540 huius
1863 2495 2073 2557 protraffl

683 2569 894 2614 sermonis
934 2567 1158 2613 manifeste
1188 2566 1307 2612 idem
1336 2566 1603 2631 Evangelista
1639 2584 1690 2612 ex
1719 2564 1860 2613 verbis
1886 2566 2073 2611 Domini

731 2691 761 2713 a.
783 2682 835 2722 G„
853 2679 900 2715 al,
915 2679 1034 2722 fornia,
1054 2680 1170 2725 styma.
1193 2699 1234 2704 —
1255 2681 1287 2713 b.
1306 2681 1355 2723 Li,
1373 2679 1419 2713 al.
1438 2679 1728 2725 interrogantium,
1751 2699 1793 2705 -—
1814 2690 1843 2712 c.
1867 2679 1903 2711 B.
1925 2678 1992 2724 qui.
