2216 3435
580 214 670 274 276
783 226 1221 262 SANCTIMONIALIS
1260 225 1741 259 HEYDENHEIMENSIS

574 374 855 419 nihilominus
897 374 1029 419 aliam
1071 371 1338 435 baptismatis
1381 373 1469 418 eius
1503 388 1660 418 terram
1690 374 1735 418 in
1770 371 1952 419 Iordane

571 444 837 508 speculando
869 447 997 507 seque
1028 442 1278 489 balneando
1308 441 1517 503 visitabat,
1554 443 1627 489 sed
1658 446 1703 490 &
1727 445 1771 489 in
1799 445 1954 490 [erufa-

567 518 655 563 lem
674 515 815 579 sicque
835 518 878 561 in
901 518 1093 562 [anetam
1110 516 1230 573 Sion,
1252 512 1325 560 ubi
1350 515 1464 560 sacer
1488 515 1733 561 seculorum
1752 515 1949 562 Salvator

570 590 613 634 in
642 605 767 634 cruce
792 589 1013 650 suspensus
1034 602 1252 649 peremtus
1272 586 1329 631 est
1354 602 1483 648 atque
1508 587 1772 649 sepultus,&
1800 588 1953 650 postea

569 660 613 704 in
632 676 784 706 monte
806 660 972 706 Oliveti
990 660 1033 703 in
1052 658 1195 703 celum
1214 657 1419 704 ascendit.
1454 658 1543 703 Istic
1571 675 1759 720 quatuor
1786 656 1952 704 vicibus

569 731 789 778 veniendo
816 729 970 776 orabat
987 732 1031 775 ὃς
1051 730 1251 775 Domino
1271 730 1312 776 se
1331 728 1686 787 commendabat.
1710 731 1784 776 lsta
1803 731 1955 776 omnia

570 804 629 849 illi
653 801 904 850 intimando
925 799 1202 865 explanabat.
1221 812 1239 830 α

571 961 771 1008 XXXIV.
802 965 917 1023 Papa
942 962 996 1005 ad
1009 963 1194 1023 sanc‘lum
1210 962 1474 1020 ςΒοηζβαειίιιη
1491 962 1704 1022 proficisci
1722 959 1947 1006 hortaturst

635 1084 865 1146 Postquam
896 1083 977 1129 hec
1000 1083 1152 1127 omnia
1182 1080 1506 1127 delec‘labilibus
1535 1081 1771 1128 verborum
1795 1082 1954 1127 sermo-

569 1153 860 1200 cinationibus
877 1155 986 1200 inter
1001 1154 1040 1199 se
1055 1152 1296 1199 fabulantes
1313 1164 1325 1181 ι’
1348 1152 1621 1212 volutabant,
1631 1154 1747 1199 sacer
1758 1153 1828 1198 ille
1843 1152 1955 1198 sum-

568 1228 749 1289 musque
784 1225 1050 1288 apostolicus
1084 1225 1285 1288 pontifex
1319 1223 1467 1270 sobriis
1498 1225 1750 1270 sermonum
1786 1223 1955 1270 indiciis

569 1297 766 1344 testando
791 1299 1008 1344 intimavit
1031 1294 1307 1354 willibaldo,
1334 1294 1457 1358 quod
1488 1296 1655 1341 sannaus
1681 1293 1957 1341 Bonifaciusd

569 1368 756 1433 rogabat
779 1368 915 1427 illum,
941 1385 986 1413 ut
1010 1368 1151 1430 ipsum
1169 1366 1475 1413 Willibaldum
1499 1385 1524 1412 a
1541 1368 1700 1413 sancio
1719 1366 1954 1412 Benedic'io

569 1441 624 1487 ad
643 1441 766 1486 illum
786 1439 1003 1485 adducere
1020 1450 1032 1467 ‘³
1057 1440 1369 1502 pervenireque
1388 1437 1564 1498 fecisset,
1578 1441 1622 1484 &
1637 1437 1691 1483 sic
1708 1438 1831 1483 illum
1851 1455 1955 1484 tunc

571 1512 899 1559 subsummatim
913 1510 968 1557 ad
982 1511 1105 1556 illum
1124 1512 1169 1556 in
1188 1527 1367 1574 gentem
1385 1509 1672 1556 erudiendam
1691 1512 1954 1555 Francorum

569 1581 858 1647 cooperando
883 1579 1122 1627 efficerets
1139 1583 1348 1643 Cumque
1366 1581 1474 1626 istag
1491 1582 1624 1627 saneii
1642 1582 1852 1640 Bonifacij
1877 1599 1955 1628 vo-

570 1657 656 1703 tiva
674 1655 952 1701 voluntatum
972 1652 1178 1699 defideria
1198 1651 1405 1698 dominus
1424 1653 1685 1716 apostolicus
1705 1670 1821 1715 papa
1844 1655 1955 1699 Gre-

569 1727 717 1792 gorius
748 1730 791 1771 111
817 1723 1079 1771 Willibaldo
1116 1723 1338 1782 indicavit,
1371 1725 1429 1770 ast
1448 1723 1629 1787 placidis
1652 1724 1776 1769 illum
1804 1725 1955 1770 exhor-

569 1799 786 1845 tationum
811 1796 995 1842 oraculis
1020 1795 1225 1860 rogando
1252 1796 1321 1841 seu
1348 1794 1633 1858 precipiendo
1659 1794 1880 1854 arceffivit,
1907 1813 1953 1842 ut

568 1870 625 1917 ad
649 1871 845 1915 sancium
871 1868 1146 1914 Bonifacium
1169 1869 1347 1914 veniret.
1366 1868 1492 1913 Tunc
1516 1867 1586 1913 ille
1607 1868 1778 1914 inclitus
1795 1867 1955 1914 Christi

569 1943 728 1988 athleta
743 1942 759 1969 ἢ
776 1939 1059 1987 Willibaldus
1085 1938 1368 2002 petitionibus
1395 1939 1615 2002 pontificis
1641 1939 1851 2001 simulque
1874 1940 1955 1986 ius-

571 2012 759 2059 sionibus
786 2013 825 2057 se
850 2012 1023 2057 solerter
1056 2010 1385 2057 subsummatim
1409 2010 1615 2057 effecstum
1641 2012 1712 2057 seu
1744 2010 1953 2058 obedien-

569 2087 674 2131 tiam
713 2084 920 2148 perficere
953 2082 1252 2147 promittebat,
1295 2081 1322 2127 fi
1352 2082 1592 2128 secundum
1624 2083 1829 2146 regularis
1868 2084 1954 2130 vite

571 2156 841 2220 disciplinam
864 2157 1087 2202 licentiam
1110 2155 1170 2200 illi
1187 2172 1212 2200 a
1237 2156 1312 2200 suo
1333 2154 1569 2217 postularet
1593 2152 1762 2200 abbate.
1784 2155 1954 2200 Statim-

571 2247 656 2291 que
686 2230 877 2274 summus
913 2227 982 2273 ille
1019 2228 1161 2272 sancle
1195 2227 1459 2272 audioritatis
1491 2225 1689 2288 pontifex
1713 2224 1954 2288 respondit,

569 2301 779 2363 illumque
806 2299 891 2345 sine
919 2297 1215 2344 sollicitudinis
1233 2296 1521 2361 ambiguitate
1541 2298 1738 2343 securum
1762 2314 1864 2343 cum
1883 2298 1954 2344 sue

568 2372 758 2417 iuffionis
781 2372 955 2417 licentia
979 2369 1325 2416 obedientialiter
1349 2387 1530 2433 pergere
1547 2370 1757 2433 precepit,
1783 2367 1952 2416 dicens:

575 2466 595 2483 «
615 2444 734 2507 Qia
754 2441 781 2488 si
804 2443 925 2489 illum
944 2443 1084 2505 ipsum
1108 2440 1314 2487 abbatem
1330 2442 1612 2487 Petronacem
1636 2441 1804 2503 uspiam
1824 2441 1953 2486 trans-

620 2598 648 2618 a.
670 2586 719 2618 Ab
737 2585 793 2617 ista
812 2584 923 2618 omnia
943 2585 1042 2629 usque
1064 2585 1222 2629 adfinem
1306 2584 1437 2618 nediao
1461 2584 1592 2618 adduci.
1618 2605 1660 2610 —
1685 2584 1707 2618 f.
1726 2586 1797 2619 Mb.
1818 2584 1954 2630 perfice-

572 2647 690 2674 caetera
709 2638 825 2682 defitnt
836 2639 869 2671 in
883 2640 918 2672 C.
934 2659 979 2663 -—
994 2640 1024 2671 b.
1044 2638 1170 2672 ‘Titulus
1190 2640 1221 2671 d.
1306 2645 1362 2671 ret.
1391 2657 1434 2662 —
1458 2650 1491 2682 g.
1513 2638 1559 2682 fic
1582 2639 1675 2681 Mb.;
1695 2638 1741 2672 al.
1766 2638 1888 2683 itaque.
1908 2659 1954 2662 —

572 2694 605 2727 in
624 2694 716 2727 0.-
734 2704 763 2726 c.
779 2693 831 2725 hic
850 2693 953 2726 denuo
965 2691 1077 2736 incipit
1093 2693 1164 2725 Mb.
1180 2711 1221 2716 -
1306 2691 1337 2724 h.
1356 2692 1427 2725 Mb.
1446 2691 1623 2726 anthletus,

574 2747 606 2782 d.
622 2746 692 2780 Mb.
714 2745 921 2779 Ponefatius.
946 2765 989 2770 -
1009 2756 1039 2780 e.
1069 2745 1141 2780 Mb.
1160 2745 1223 2778 Be-
