2216 3435
686 148 770 193 ¹72
1242 144 1502 177 ARCULFUS

1070 315 1157 360 Vll.
1196 319 1262 359 ‘De
1274 317 1465 376 sepulcro
1494 318 1665 376 Rachel.

742 428 900 473 Rachel
935 428 979 472 in
1015 427 1220 490 Ephrata,
1258 427 1344 472 hoc
1379 427 1459 484 est,
1500 428 1542 471 in
1588 429 1768 491 regione
1804 425 2056 472 Bethlehem

677 499 783 545 liber
817 500 1040 544 Geneseos
1074 499 1285 560 sepultam
1320 514 1509 557 enarrat,
1541 498 1612 545 secl
1645 501 1689 544 ὃ(
1714 499 1932 543 Locorum
1961 496 2068 543 liber

675 573 717 617 in
754 570 910 616 eadem
946 571 1126 632 regione
1165 571 1280 615 iuxta
1317 571 1433 615 viam
1467 570 1694 616 humatam
1730 570 1856 615 refert
1892 568 2065 616 Rachel.

677 644 745 688 De
772 660 856 704 qua
882 643 950 688 via
976 641 1175 686 Arculfus
1209 641 1317 686 mihi
1343 641 1658 705 interroganda
1682 639 1965 703 respondens,
1991 642 2067 686 ait:

678 714 736 759 Est
768 712 959 775 quedam
985 713 1053 758 via
1075 714 1208 775 regia,
1240 730 1326 774 que
1350 711 1404 758 ab
1432 712 1558 758 Helia
1590 729 1743 758 contra
1777 711 2066 758 meridianam

678 786 858 848 plagam
895 782 1076 829 Hebron
1121 783 1261 843 ducit,
1299 785 1368 829 cui
1400 785 1466 829 vie
1500 784 1751 830 Bethlehem
1783 784 1940 842 vicina,
1973 783 2067 829 sexb

679 855 864 901 millibus
884 855 1040 900 distans
1061 853 1114 900 ab
1137 855 1460 914 Hierosolyma,
1481 853 1534 900 ab
1565 855 1763 900 orientali
1786 855 1918 918 plaga
1939 853 2070 900 adhe-

679 945 754 985 ret,
795 927 1038 990 sepulcrum
1073 944 1177 972 vero
1204 926 1364 972 Rachel
1395 928 1437 971 in
1469 925 1662 971 eiusdem
1690 928 1768 979 ,vie
1802 927 2072 973 extremitate

679 998 733 1045 ab
759 998 1020 1044 occidentali
1042 1015 1178 1060 parte,
1206 998 1292 1043 hoc
1315 998 1392 1056 est,
1418 999 1463 1043 in
1496 996 1648 1043 dextro
1673 998 1831 1044 lacerec
1854 999 2072 1062 pergenti-

679 1070 757 1116 bus
788 1069 986 1129 Hebron,
1019 1069 1244 1127 coherens,
1274 1070 1347 1116 vili
1379 1087 1515 1132 opere
1543 1069 1811 1115 collocatum
1837 1071 1883 1115 δε
1906 1069 2073 1115 nullam

681 1138 843 1187 habens
883 1140 1237 1198 adornationem,
1269 1140 1445 1204 lapidea
1476 1139 1798 1186 circumdatum
1830 1139 2072 1203 pyramide.

683 1211 846 1257 Ibidem
886 1215 931 1258 ὅ(
975 1214 1166 1259 nominis
1213 1213 1301 1258 eius
1349 1213 1493 1258 titulus
1532 1211 1753 1274 hodieque
1796 1212 2072 1269 monstratur,

683 1301 816 1345 quem
843 1283 971 1329 Iacob
999 1286 1173 1330 maritus
1200 1285 1288 1329 eius
1314 1285 1439 1347 super
1465 1283 1570 1329 illud
1598 1285 1742 1330 erexit.

1172 1469 1276 1514 Vlll.
1315 1472 1382 1513 “De
1407 1471 1586 1514 Hebron.

751 1574 951 1633 Hebron,
989 1593 1073 1637 que
1109 1578 1153 1621 ὃς
1178 1574 1389 1633 Mambre,
1428 1575 1536 1620 olim
1564 1575 1881 1620 philistinorum
1918 1590 2079 1620 metro-

685 1648 795 1709 polis
830 1649 874 1692 &
915 1645 1211 1692 habitaculum
1247 1648 1481 1710 gigantum
1528 1647 1679 1703 fuerat,
1722 1647 1766 1690 in
1811 1663 1898 1707 qua
1934 1645 2079 1692 David

684 1721 851 1781 septem
872 1720 1070 1781 regnavit
1089 1719 1229 1777 annis,
1257 1736 1389 1777 nunc,
1410 1717 1514 1762 licut
1534 1719 1702 1762 lancius
1720 1717 1847 1762 refert
1861 1717 2078 1777 Arculfus,

684 1808 912 1836 inu-rorum
957 1808 1046 1835 non
1092 1789 1222 1835 habet
1266 1789 1493 1835 ambitum.
1541 1788 1751 1852 Quedam
1794 1787 2078 1834 solummodo

684 1863 822 1908 dirute
859 1862 966 1906 olim
1003 1862 1184 1907 civitatis
1221 1863 1265 1907 in
1302 1862 1491 1923 reliquiis
1527 1862 1702 1924 vestigia
1728 1859 1917 1906 ostendit
1938 1861 2079 1906 ruina-

685 1953 805 1993 rum3
830 1934 950 1980 vicos
975 1950 1122 1978 tamen
1147 1932 1278 1979 habet
1304 1933 1521 1996 quosdam
1546 1933 1619 1979 vili
1639 1950 1772 1994 opere
1792 1932 2078 1991 construd‘tos‚

686 2007 853 2071 agellos
878 2009 923 2052 ὃς
948 2007 1082 2063 villas,
1120 2006 1221 2051 alias
1245 2007 1356 2051 intra
1379 2007 1424 2050 ὃς
1449 2006 1551 2050 alias
1577 2021 1694 2050 extra
1723 2004 1814 2049 illas
1846 2003 2079 2049 muralium

686 2081 884 2142 reliquias
916 2078 1272 2136 destruclionurm
1306 2095 1382 2140 per
1407 2077 1693 2138 campestrem
1724 2076 1961 2121 collocatas
1990 2075 2079 2137 pla-

687 2153 852 2210 nitiem,
873 2153 917 2196 in
946 2148 1098 2212 quibus
1122 2148 1325 2196 videlicet
1344 2149 1448 2196 vicis
1468 2150 1512 2193 ὃς
1533 2148 1640 2194 villis
1661 2146 1898 2192 multitudo
1926 2146 2079 2209 populi

691 2222 873 2269 habitat.

843 2328 908 2374 lX.
946 2331 1012 2373 ‘De
1038 2329 1144 2373 valle
1169 2329 1373 2373 Mambre
1399 2327 1438 2370 ὃ)
1462 2328 1510 2370 de
1525 2327 1732 2388 sepulcris
1758 2342 1926 2385 quatuor

1210 2402 1559 2460 patriarcharum.

756 2512 826 2559 Ab
848 2514 1046 2559 orientali
1066 2530 1169 2559 vero
1183 2512 1315 2576 plaga
1332 2510 1524 2557 eiusdem
1540 2508 1723 2555 Hebron
1742 2508 1876 2573 agerd
1896 2511 2084 2555 occurrit

737 2638 767 2658 a.
784 2626 832 2667 L.,
853 2625 897 2658 al.
914 2624 1153 2670 percilntfflanti.
1174 2644 1215 2649 -—
1239 2625 1270 2656 b.
1294 2625 1345 2664 B„
1433 2642 1474 2646 ——
1495 2622 1526 2655 d.
1549 2623 1657 2663 Mala„
1676 2621 1783 2665 Grets
1803 2633 1822 2653 a
1842 2629 1947 2665 tergo.

696 2679 743 2721 V„
763 2680 799 2711 R.
818 2691 838 2712 v
852 2691 893 2710 m.
920 2699 962 2703 --
983 2689 1009 2712 c.
1033 2680 1074 2712 G.
1095 2679 1177 2711 add.
1191 2678 1351 2728 habetur>
