2216 3435
655 283 718 316 DE
754 284 890 317 LOCIS
926 283 1148 317 SANCTIS.
1489 287 1577 338 223

214 507 315 553 VIH.
337 511 489 569 Defitu
515 509 760 564 Bethlehem,
781 510 829 552 de
852 509 1024 570 ecclefia‚
1046 509 1112 552 ubi
1138 524 1253 552 natus
1261 510 1354 567 fuit
1373 511 1582 567 Dominus,

278 578 318 622 δ’
343 580 606 639 desepulcris
628 580 769 623 David
792 578 832 622 ὃ»
850 580 1086 638 Hieronymi
1104 579 1143 623 Er·
1167 582 1286 623 trium
1298 583 1514 638 pastorum,

730 667 876 694 necnon
905 651 1074 710 Rachel.

280 763 525 817 Bethlehem,
563 761 632 806 sex
667 759 853 806 millibus
888 762 931 805 in
967 760 1153 806 austrum
1187 759 1241 805 ab
1280 761 1583 822 Hierosolyma

212 831 408 890 discreta,
433 833 478 876 in
498 831 626 877 dorso
651 830 725 877 fita
750 832 805 877 est
825 832 1024 894 angusto,
1042 849 1092 876 ex
1114 832 1236 875 omni
1260 848 1381 893 parte
1404 831 1584 878 vallibus

213 902 500 961 circumdato,
544 901 598 948 ab
640 901 869 948 occidente
915 903 959 947 in
995 903 1207 947 orientem
1246 902 1362 948 mille
1401 903 1583 965 paffibus

208 973 361 1036 longo,
386 974 539 1019 humili
561 972 647 1020 fine
667 973 847 1019 turribus
866 990 993 1018 muro
1014 990 1091 1035 per
1109 988 1298 1017 extrema
1317 973 1467 1035 plana⁰
1491 993 1582 1021 ver-

209 1044 301 1089 ticis
325 1045 546 1091 instrutsto:
582 1046 626 1090 in
651 1046 769 1090 cuius
797 1045 994 1090 orientali
1018 1043 1181 1106 angulo
1214 1042 1328 1105 quafi
1353 1044 1582 1106 quoddam

206 1115 397 1161 naturale
432 1116 710 1162 semiantrum
733 1115 803 1175 est,
839 1116 958 1161 cuius
985 1115 1168 1160 exterior
1190 1119 1416 1160 nativitatis
1439 1120 1582 1162 ‘Domi-

205 1189 290 1230 nice
323 1184 445 1231 fuiffe
482 1185 636 1231 dicitur
672 1187 796 1242 locus,
828 1185 1006 1231 interior
1026 1187 1195 1246 presepe
1226 1186 1408 1231 Domini
1440 1189 1581 1233 nomi-

204 1273 340 1301 natur.
386 1257 482 1301 Hec
522 1256 738 1319 spelunca,
785 1272 877 1301 tota
911 1256 1082 1301 interius
1123 1256 1312 1318 pretioso
1363 1275 1581 1305 marmore

205 1329 330 1385 tecla,
355 1327 480 1389 supra
502 1327 644 1389 ipsum
667 1327 831 1384 locum,
858 1325 931 1372 ubi
956 1327 1174 1371 Dominus
1199 1342 1324 1371 natus
1356 1328 1579 1390 specialius

173 1396 394 1454 'traditur,
415 1401 557 1459 sanc‘Ie
589 1401 744 1444 marie
776 1397 991 1461 grandem
1025 1398 1160 1461 gestat
1196 1401 1407 1462 ecclesiam.
1447 1401 1581 1461 Petra,

201 1471 318 1515 iuxta
353 1486 524 1513 murum
559 1485 725 1526 cavata,
753 1470 943 1531 primum
975 1470 1201 1514 Dominici
1231 1472 1428 1533 corporis
1463 1472 1579 1519 lava—

202 1557 323 1585 crum
347 1538 402 1584 de
427 1556 552 1584 muro
578 1538 750 1585 miffum
777 1540 1005 1603 suscipiens
1026 1541 1232 1586 hatskenus
1257 1542 1408 1601 servat,
1442 1560 1527 1604 que
1551 1541 1578 1588 fi

202 1627 287 1672 qua
313 1609 422 1656 forte
448 1609 676 1656 occasione
708 1611 776 1656 vel
799 1609 1001 1657 industria
1028 1611 1152 1657 fuerit
1176 1611 1390 1672 exhausta,
1420 1614 1577 1659 nihilo-

200 1682 342 1726 minus
382 1683 610 1743 cominuo,
649 1681 754 1728 dum
789 1682 973 1745 respicis,
998 1681 1102 1728 ficut
1135 1699 1234 1729 ante
1259 1683 1412 1744 fuerat,
1449 1685 1578 1747 plena

200 1751 424 1798 redundat.

263 1821 333 1867 Ad
358 1823 610 1885 aquilonem
626 1824 889 1883 Bethlehem,
913 1825 957 1870 in
977 1825 1086 1871 valle
1109 1826 1336 1889 contigua,
1344 1829 1575 1888 sepulcrum

201 1896 343 1938 ‘David
366 1894 408 1938 in
435 1893 582 1939 medio
609 1894 782 1940 ecclefie
806 1895 956 1940 humili
990 1895 1134 1959 lapide
1166 1898 1339 1960 tegitur,
1373 1897 1578 1961 lampade

201 1963 483 2026 superposita3
511 1963 566 2009 ad
591 1965 774 2010 austrum
795 1982 912 2024 verO,
937 1966 980 2011 in
1000 1967 1110 2012 valle
1136 1968 1359 2030 contigua,
1379 1969 1422 2013 in
1443 1969 1577 2014 eccle-

199 2031 253 2078 fia
267 2036 496 2095 sepulcrum
531 2038 666 2096 sancfii
702 2038 949 2096 Hieronymi.
990 2038 1085 2082 Hec
1119 2038 1373 2084 relationem
1398 2039 1574 2097 Arculfi,

199 2104 441 2149 Galliarum
486 2106 704 2168 episcopi,
748 2107 911 2152 secutus
949 2107 1142 2153 dixerim.
1184 2109 1392 2154 Ceterum
1434 2110 1576 2156 Esdras

199 2190 345 2236 aperte
371 2175 525 2234 scribit,
553 2177 595 2221 in
622 2177 887 2222 Hierusalem
916 2178 1059 2225 David
1087 2177 1170 2224 effe
1197 2179 1446 2242 sepultums'

263 2246 392 2291 Porro
425 2246 479 2292 ad
513 2248 726 2292 orientem
752 2249 796 2292 in
828 2266 934 2294 turre
958 2251 1091 2307 cAder,
1120 2248 1163 2294 id
1194 2250 1251 2295 est
1279 2256 1434 2313 gregis,
1458 2252 1575 2298 mille

198 2315 382 2376 pastibus
419 2335 443 2362 a
469 2319 640 2364 civitate
671 2320 908 2382 segregata,
940 2320 997 2364 est
1032 2323 1187 2382 ecclesia
1222 2326 1341 2367 trium
1357 2327 1571 2383 pastorum,

198 2387 433 2433 Dominice
458 2390 688 2434 nativitatis
709 2390 998 2447 consciorum,
1022 2408 1309 2438 monumenta
1328 2395 1570 2440 continens.

197 2457 280 2502 Via
302 2460 419 2521 regia
445 2458 496 2504 ab
523 2459 605 2505 Elia
632 2459 840 2506 Chebron
868 2460 1000 2521 ducit,
1031 2461 1083 2507 ab
1118 2464 1282 2509 oriente
1308 2464 1573 2524 Bethlehem,

196 2525 248 2572 ab
292 2528 520 2575 occidente
549 2533 778 2592 sepulcrum
818 2535 972 2594 ‘Rachel
1007 2532 1191 2591 habens,
1223 2534 1346 2580 titulo
1384 2537 1573 2581 nominis

200 2599 290 2644 eius
315 2600 447 2661 usque
472 2600 604 2646 hodie
623 2600 847 2665 signatum.

243 2745 270 2765 a.
306 2733 445 2766 ‘Tantum
478 2736 517 2766 Pc
546 2752 552 2777 i
591 2735 634 2767 al.
671 2736 769 2779 plani.
807 2758 840 2762 —
924 2737 1022 2780 paulo
1040 2737 1188 2781 inser-ius.

196 2786 227 2818 b.
256 2786 328 2817 Hec
352 2811 374 2818 ..
403 2785 563 2830 sepultum
581 2787 613 2819 in
637 2787 700 2831 mff.
720 2789 842 2822 &edii
