2216 3435
585 210 600 240 1
616 207 672 256 14
1180 206 1348 239 GESTA

481 374 558 403 1219
578 365 745 394 currere
764 349 941 406 civitati,
963 347 1035 394 sed
1056 348 1227 393 summo
1246 366 1375 394 mane
1390 366 1601 395 venerunt
1625 350 1838 413 aliquanti
1864 351 1958 397 Sar-

579 421 722 466 raceni
741 422 785 465 &
804 419 1004 466 viderunt
1024 420 1292 465 Christianos
1312 418 1424 466 bene
1443 438 1633 468 armatos
1652 423 1697 467 ὃς
1716 438 1958 469 cantantes:

579 493 698 551 Kyrie
723 493 870 552 eleison
891 494 935 538 δε
962 493 1108 537 Gloria
1133 496 1172 537 in
1198 494 1355 554 exceifis
1380 495 1488 551 Deo,
1516 492 1632 538 unde
1658 511 1766 538 unus
1791 510 1843 539 ex
1865 494 1959 540 Sar-

579 563 743 608 racenis
768 561 895 608 dixit:
923 565 960 608 O
986 564 1225 622 Christiani,
1251 566 1348 623 quid
1369 568 1418 623 ⁶3st
1442 568 1532 623 lzoc,
1555 567 1660 624 quod
1686 582 1838 610 tantum
1858 583 1960 627 gau-

579 637 689 679 dium
737 637 924 679 habetis?
970 633 1304 696 Responderunt
1344 634 1592 681 Christiani:
1630 640 1804 697 Qonne
1848 639 1962 683 vides

581 708 655 762 Tu,
685 708 790 765 quod
811 709 1014 751 Dominus
1039 710 1165 765 noster
1189 709 1326 768 Ilzesus
1353 709 1531 766 Christus
1563 711 1602 752 in
1630 712 1703 752 hac
1732 711 1844 753 noc‘le
1878 727 1963 755 tra-

579 779 690 822 didit
707 780 822 822 nobis
840 781 1043 822 civitatem
1065 782 1292 823 Damiate?
1310 778 1354 823 Et
1371 778 1511 823 statim
1533 778 1658 824 rediit
1678 781 1723 824 ὃς
1743 781 1964 828 nunciavit

579 849 834 907 Sarracenis,
863 849 935 910 qui
954 865 1168 894 currentes
1190 850 1501 895 nunciaverunt
1521 849 1716 896 soldano.
1736 850 1965 911 Soldanus,

580 920 667 965 hoc
698 919 893 979 audiens,
931 920 1071 965 statim
1108 919 1333 982 loquelam
1364 919 1554 983 perdidit
1586 923 1631 967 ὃς
1664 923 1764 968 fecit
1797 922 1966 986 fignum

580 991 671 1037 aliis
696 994 740 1037 ὃς
767 992 1008 1054 imperavit,
1046 1008 1091 1037 ut
1115 1008 1270 1037 eorum
1295 993 1439 1055 capita
1464 1008 1776 1052 truncarentur,
1811 997 1857 1040 ὃς
1880 995 1967 1041 hoc

581 1063 745 1108 fadum
781 1064 839 1108 est
873 1061 957 1109 fine
990 1063 1312 1110 intermiffione.
1352 1064 1560 1126 Cumque
1591 1081 1670 1127 per
1703 1063 1808 1111 duas
1839 1066 1968 1112 horas

578 1135 624 1179 in
652 1150 771 1180 tanta
811 1135 971 1180 tristitia
1002 1137 1047 1180 &
1077 1136 1275 1199 angustia
1310 1133 1428 1194 esset,
1467 1138 1598 1182 erexit
1636 1137 1676 1184 se
1717 1140 1762 1184 δε
1792 1138 1970 1200 arripuit

580 1204 756 1263 ferrum,
784 1222 873 1267 quo
894 1206 1058 1251 cincius
1078 1222 1181 1264 erat,
1208 1203 1280 1250 Iibi
1300 1205 1481 1252 barbam
1501 1209 1546 1253 ὃς
1565 1225 1700 1255 trezas
1719 1211 1764 1255 ὃς
1782 1207 1970 1255 caudam

581 1278 626 1321 ὃς
651 1294 829 1323 comam
853 1277 915 1322 sui
939 1278 1039 1339 equi
1065 1279 1293 1337 truncavit,
1318 1281 1363 1324 ὃς
1383 1296 1538 1325 omnes
1563 1280 1631 1339 alij
1659 1282 1716 1326 ita
1737 1279 1970 1339 faciebant,

582 1347 742 1394 deinde
774 1348 1063 1394 lamentantes
1100 1348 1324 1396 dicebant:
1365 1353 1402 1396 Ο
1445 1355 1653 1410 Damiate,
1711 1354 1832 1413 usque
1870 1371 1972 1397 nunc

570 1424 695 1481 fuisti
732 1422 895 1465 lucerna
936 1424 1195 1481 Paganorum
1233 1423 1557 1482 inextinguibilis
1593 1424 1632 1467 ὃ»
1674 1426 1882 1485 obscurata
1925 1441 1972 1468 es

581 1495 720 1538 nobis!
761 1494 926 1538 oqmodo
961 1497 1041 1537 eris
1074 1494 1234 1537 lucerna
1275 1495 1607 1553 Christianorum.
1657 1495 1770 1555 Qid
1792 1498 1970 1554 faciam,

584 1567 718 1625 miser,
743 1583 863 1623 quare
895 1582 970 1609 non
992 1568 1103 1628 perij
1130 1569 1169 1608 in
1194 1581 1303 1609 utero
1329 1569 1470 1609 matris
1500 1571 1609 1609 mee?
1641 1563 1751 1627 [Iob,
1778 1578 1848 1624 ΙΙΙ,
1883 1583 1895 1611 1
1918 1565 1970 1628 1.]

589 1638 724 1696 Qare
749 1654 825 1680 non
843 1640 971 1696 perij,
997 1653 1205 1695 cztztequum
1218 1637 1298 1696 sub
1323 1654 1409 1681 meo
1430 1638 1611 1681 dominio
1638 1641 1752 1697 virgo
1773 1640 1971 1682 ‘Damiata

585 1728 607 1752 α
631 1711 874 1767 Christianis
892 1709 983 1767 effer
1002 1708 1180 1752 violata?
1204 1706 1248 1752 Et
1268 1705 1392 1752 dixit:
1415 1711 1562 1752 ‘Pereat
1579 1710 1681 1767 dies,
1702 1713 1741 1753 in
1764 1727 1840 1768 qua
1856 1726 1973 1753 natus

573 1784 648 1840 fui
673 1780 712 1824 ὃ
731 1798 807 1824 non
831 1797 1053 1825 numeretur
1078 1783 1118 1823 in
1137 1781 1276 1824 diebus
1298 1783 1405 1835 anni,
1433 1784 1620 1839 quoniam
1646 1781 1810 1825 multam
1836 1783 1973 1843 obscu-

585 1857 745 1897 ritatem
772 1853 915 1897 obtulit
939 1854 1077 1896 nobis!
1105 1849 1217 1913 [Iob,
1242 1863 1319 1906 ΙΙΙ,
1349 1849 1464 1913 3-6.]

651 1923 768 1968 LVII.
806 1923 1010 1968 Damiata
1043 1938 1133 1968 erat
1158 1921 1332 1967 duobus
1363 1923 1493 1967 muris
1520 1921 1791 1968 circumdata
1817 1923 1862 1967 ὃς
1890 1921 1974 1967 fos-

588 1997 678 2042 sato
706 1996 840 2060 pleno
865 2013 993 2058 aqua,
1032 2012 1108 2057 per
1143 1994 1265 2057 quod
1294 1994 1416 2058 galee
1449 1993 1627 2057 possunt
1661 1996 1734 2053 ire,
1777 1996 1822 2039 ὃς
1846 1992 2028 2039 habetM
2055 2008 2075 2038 f.
2092 2008 2130 2045 67
2147 2009 2180 2039 Β.

586 2070 668 2129 xxij
694 2085 855 2131 portas,
891 2069 1029 2127 xxxxij
1058 2067 1226 2112 castella
1259 2066 1312 2112 de
1337 2068 1543 2112 amirariis
1581 2067 1746 2112 circum
1779 2084 1829 2111 ea
1853 2068 1897 2111 ὃς
1923 2083 1975 2113 cx

588 2159 720 2187 turres
746 2142 854 2186 inter
878 2157 1032 2202 parvas
1058 2141 1103 2184 ὃς
1124 2156 1322 2203 magnas,
1351 2137 1435 2184 fine
1460 2139 1630 2202 magnis
1662 2135 1974 2197 mansionibus,

588 2231 673 2275 que
700 2212 792 2258 sunt
811 2210 895 2257 fine
915 2228 1110 2257 numero,
1137 2215 1394 2257 Invenerunt
1413 2210 1644 2256 Christiani
1667 2211 1712 2254 in
1732 2208 1847 2254 dicia
1871 2210 1976 2255 civi-

588 2301 675 2330 tate
700 2302 867 2342 aurum,
888 2300 1135 2347 argentum,
1161 2283 1373 2346 pretiosos
1395 2281 1578 2345 lapides,
1598 2299 1825 2344 purpuras,
1848 2281 1975 2327 sami-

589 2372 672 2411 tos,
710 2372 970 2401 ornamenta
1000 2353 1208 2400 cariffima
1234 2356 1279 2400 ὃ(
1303 2355 1402 2401 vasa
1430 2372 1559 2399 aurea
1588 2356 1632 2399 δε
1659 2369 1867 2417 argentea
1892 2351 1977 2399 fine

590 2444 776 2473 numero
797 2429 841 2472 ὃς
859 2428 969 2472 inter
993 2425 1131 2472 asinos
1151 2429 1195 2472 ὃς
1216 2426 1359 2472 mulos
1383 2443 1567 2471 numero
1589 2443 1691 2471 cccc
1711 2427 1756 2471 ὃς
1774 2442 1974 2489 granum,

591 2497 821 2557 hordeum,
858 2498 1074 2544 biscotum
1099 2501 1144 2544 ὃς
1166 2498 1390 2562 legumina
1421 2497 1529 2555 satis,
1559 2499 1603 2543 ὃς
1629 2497 1779 2542 omnia
1804 2496 1976 2542 fuerunt

596 2570 651 2616 de
678 2571 921 2616 communi.

656 2642 792 2688 LVIII.
836 2645 879 2687 In
903 2641 969 2687 his
995 2641 1145 2688 diebus
1171 2642 1282 2687 inter
1298 2640 1493 2705 legatum
1517 2642 1563 2686 ὃς
1579 2658 1730 2704 regem
1758 2639 1979 2684 incentiva

598 2713 829 2774 malorum,
856 2713 941 2763 filia
966 2712 1130 2763 diaboli
1158 2715 1202 2761 ὃς
1227 2713 1377 2779 regina
1401 2712 1572 2771 inferni,
1602 2729 1687 2776 que
1713 2710 1869 2758 dicitur
1893 2708 1976 2757 dis-
