2216 3435
394 208 517 241 Χ-ΧΙ.
557 204 940 239 HODOEPORICON
966 203 1151 236 SANCTI
1179 203 1501 237 WILLIBALDI.
1595 190 1648 249 xlj

277 350 418 390 XXX
414 349 482 388 IX
483 361 527 379 um
555 348 717 387 continet.
745 346 931 401 Augiensis
950 348 1057 386 codex
1080 347 1259 402 nonsatis
1278 347 1468 398 diligenter
1483 346 1653 402 scriptus

276 417 335 470 est,
350 428 611 466 nonnunquam
629 414 736 452 etiam
752 414 805 452 ita
825 422 981 466 tempore
1002 413 1181 467 corrosus,
1203 421 1244 450 ut
1252 422 1322 464 pro
1339 412 1552 452 litterarum
1564 414 1653 466 pal-

276 480 352 519 lore
371 479 460 518 leau
481 478 639 533 difficilis
654 479 721 530 fit;
741 487 914 517 caeterum
936 477 993 516 illi
1011 493 1078 516 non
1100 492 1276 529 magnum
1300 477 1465 529 pretium
1487 478 1653 517 tribuen-

274 545 365 583 dum
393 544 454 598 est,
484 543 546 595 qui
580 558 660 582 cum
690 541 918 597 Fristngenst
945 542 1059 581 codice
1081 542 1175 595 fere
1203 542 1239 580 in
1270 542 1433 581 omnibus
1462 553 1653 595 congruat.

275 609 312 648 E
329 624 468 661 magna
490 608 682 647 amborum
704 607 862 646 codicum
885 607 1077 645 concordia
1099 606 1235 659 neceſje
1257 608 1316 660 (st,
1337 615 1378 645 ut
1402 607 1657 647 concludamus

276 672 551 729 Frifingensem
573 688 614 711 ex
634 671 782 724 Augien
800 671 815 709 i
834 671 1104 728 transcriptum
1135 669 1219 724 effi‘,
1243 680 1311 709 aut
1331 671 1476 723 utrique
1497 673 1657 711 eumdem

276 737 396 777 adhuc
427 737 668 789 antiquiorem
698 736 852 775 codicem
881 746 951 788 pro
983 735 1177 788 archetypo
1195 735 1336 789 fuiffe.
1370 736 1530 776 Mirum
1569 752 1659 776 vero

225 810 235 814 ”
277 802 327 855 est
355 803 452 854 quod
468 799 668 855 Augiensts
700 801 806 840 codex
837 809 912 839 tum
946 801 1086 855 definit,
1116 815 1226 852 quum
1256 810 1359 853 papa
1386 801 1658 841 [Villibaldum

275 867 439 920 nostrum
461 866 650 917 hortatur,
672 875 713 905 ut
729 867 800 905 iter
820 867 857 905 in
883 865 1130 905 Germaniam
1159 863 1400 919 adsanetum
1422 866 1660 920 Bonifacium

275 929 469 986 suscipiat,
498 946 534 970 eo
555 941 679 984 nempe
709 940 866 984 tempore
894 946 960 982 quo
975 930 1230 983 peregrinatio
1242 929 1359 984 finita
1389 932 1445 985 est,
1463 933 1506 972 {52³
1527 932 1660 984 verist-

275 996 413 1035 militer
431 995 580 1035 diffitata
595 995 746 1049 ceffant.
772 995 878 1034 Unde
893 995 1177 1034 concludendum
1186 994 1333 1050 forsan
1351 994 1448 1048 effit,
1468 997 1660 1036 monialem

277 1058 651 1115 Heydenheimensem
668 1070 812 1099 tantum
833 1060 893 1099 W
890 1060 1056 1099 illibaldi
1066 1059 1401 1112 peregrinationem
1422 1061 1662 1114 narraviſje,

275 1126 398 1180 postea
415 1134 535 1165 autem
549 1126 720 1177 quaedam
738 1125 917 1164 breviora
937 1125 979 1164 de
996 1124 1070 1163 eius
1085 1124 1161 1178 post
1174 1124 1417 1182 episcopatum
1433 1126 1516 1165 vita
1533 1127 1662 1165 addita

266 1189 404 1244 fusffi.
425 1201 437 1220 1

331 1349 340 1368 ι
366 1336 493 1369 Saeculo
515 1338 564 1369 ΧΟ
586 1336 732 1378 finiente,
767 1335 928 1380 Reginol-

279 1391 353 1431 dus,
376 1390 619 1423 Eichstettenfis
639 1389 811 1434 episcopus
832 1392 929 1432 (965-

281 1443 380 1487 989),
399 1442 559 1476 Monialis
574 1444 763 1476 narratione
781 1443 853 1475 usus
875 1443 931 1482 est,

279 1497 320 1528 ad
342 1496 525 1540 quamdam
557 1497 576 1529 s.
606 1496 794 1530 Willibaldi
827 1496 929 1528 vitam

279 1549 423 1582 versibus
437 1550 727 1583 conscribendam.
751 1550 852 1588 Quod
873 1561 931 1582 no-

281 1603 330 1635 bis
361 1602 458 1635 refert
489 1603 697 1648 Anonymus
730 1602 931 1643 Haserenfis,

281 1655 375 1689 cuius
407 1657 508 1689 verba
547 1656 599 1689 hic
639 1656 763 1689 addere
797 1655 930 1700 placuit.

336 1723 348 1739 (ι
358 1710 435 1743 Post
444 1709 504 1742 hos
517 1709 719 1743 venerabiles
732 1718 854 1754 patres,
866 1710 933 1741 Re-

283 1762 438 1806 ginoldus
460 1763 631 1807 episcopus
650 1762 755 1795 faetus
781 1763 837 1799 est.
864 1773 934 1795 car-

287 1815 352 1848 nali
370 1816 505 1859 quidem
537 1815 656 1848 nobilis
683 1815 848 1860 prosapia,
880 1816 932 1848 sed

286 1868 428 1901 nobilior
443 1868 594 1911 scientia,
613 1868 729 1901 litteris
745 1880 809 1901 non
832 1869 933 1901 solum

289 1921 416 1954 Latinis
428 1922 457 1954 8<
471 1921 601 1963 Grecis,
617 1922 669 1954 sed
682 1921 781 1954 etiam
795 1921 936 1955 Hebreis

287 1974 447 2014 imbutus,
469 1976 499 2008 &
513 1975 604 2019 quod
626 1975 760 2008 unicum
779 1976 809 2008 δι
829 1975 937 2019 singu-

286 2028 352 2060 lare
371 2028 401 2060 in
421 2039 460 2060 eo
479 2028 555 2069 fuit,
577 2028 722 2072 optimus
741 2028 835 2061 huius
855 2037 937 2061 tem·

287 2081 373 2125 poris
402 2080 554 2114 musicus.
581 2081 646 2114 Hic
673 2081 820 2126 inprimis
842 2081 939 2114 histo-

288 2133 369 2166 riam
402 2134 502 2167 sane'ti
531 2134 661 2168 Nicolai
694 2134 787 2175 fecit,
822 2136 853 2167 δι
883 2147 939 2179 per

287 2188 352 2220 hoc
385 2187 604 2232 episcopalem
635 2188 835 2231 dignitatem
865 2200 939 2233 pro-

289 2240 421 2273 meruit.
454 2241 614 2284 Accepto
641 2249 751 2274 autem
771 2241 940 2286 episcopa-

288 2302 337 2335 tu,
364 2294 493 2326 summo
508 2294 615 2327 studio
630 2294 824 2339 summaque
838 2295 938 2328 devo-

290 2346 379 2380 tione
394 2346 545 2380 historica
557 2348 598 2380 de
614 2348 725 2381 sanelo
739 2348 940 2382 Willibaldo

289 2400 941 2445 carminacomposuit,totamquescien-

290 2454 343 2486 tiae
362 2454 428 2487 suae
451 2454 517 2486 vim
538 2454 568 2486 in
592 2454 640 2486 his
666 2454 863 2487 decorandis
892 2463 941 2488 at-

292 2519 356 2551 que
376 2506 571 2540 mirabiliter
596 2507 760 2540 variandis
776 2508 941 2541 excitavit.

291 2560 380 2593 Hinc
411 2560 454 2593 est
485 2560 587 2599 enim,
623 2561 713 2604 quod
745 2561 943 2605 quibusdam

292 2612 501 2657 responsoriis
530 2613 721 2657 longiffimis
741 2614 773 2646 in
803 2614 866 2647 tine
886 2626 942 2647 no—

291 2666 377 2699 tulas
397 2666 561 2710 apposuit,
585 2667 705 2700 eisdem
732 2667 853 2700 notulis
874 2680 945 2700 ver-

497 2765 525 2791 T

1016 1336 1131 1370 ficulos
1150 1337 1248 1370 instar
1267 1338 1508 1382 sequentiarum
1529 1336 1665 1369 subiun-

1015 1390 1075 1423 xit.
1105 1391 1207 1428 Quod
1230 1392 1365 1435 quidem
1391 1391 1422 1423 in
1446 1390 1555 1431 tertio,
1576 1390 1666 1422 sexto

1018 1444 1049 1476 δι
1068 1455 1158 1476 nono
1176 1444 1265 1485 fecit,
1285 1446 1315 1477 δι
1336 1444 1433 1477 tertio
1453 1455 1576 1487 paucos
1595 1454 1666 1475 ver-

1017 1496 1145 1538 siculos,
1179 1498 1268 1530 sexto
1298 1498 1419 1542 plureS,
1455 1508 1544 1529 nono
1574 1496 1666 1528 dedit

1017 1549 1187 1594 plurimos.
1211 1551 1273 1584 Sed
1288 1551 1363 1584 vide
1379 1550 1545 1583 ordinem!
1564 1550 1667 1582 tercio

1018 1603 1192 1636 minimum
1213 1603 1285 1644 iter,
1304 1604 1336 1636 id
1363 1605 1405 1636 est
1426 1603 1555 1636 initium
1577 1614 1668 1647 pere-

1019 1656 1217 1700 grinationis
1235 1657 1399 1698 attribuit,
1418 1657 1539 1690 scilicet
1559 1656 1614 1689 ubi
1628 1656 1669 1689 de

1021 1709 1128 1754 patria
1147 1710 1267 1754 exivit3
1291 1711 1381 1743 sexto
1397 1711 1503 1743 maius
1523 1722 1590 1754 quo
1608 1711 1666 1742 10—

1020 1763 1108 1795 niam
1129 1764 1238 1806 venit‚·
1271 1776 1359 1797 nono
1381 1763 1576 1804 maximum,
1602 1774 1670 1806 quo

1020 1817 1276 1850 Ierosolimitani
1291 1817 1413 1850 itineris
1428 1817 1625 1861 qualitatem
1638 1815 1669 1847 in

1025 1870 1187 1902 versiculis
1212 1870 1290 1902 noni
1309 1870 1501 1915 responsorij
1529 1876 1671 1903 conatus

1023 1923 1068 1955 est
1099 1923 1298 1967 exprimere.
1331 1925 1419 1956 Nam
1451 1923 1673 1967 quemadmo-

1023 1975 1102 2008 dum
1135 1976 1347 2009 sanetiffimus
1376 1977 1484 2009 viator
1507 1976 1614 2008 noster
1632 1975 1673 2008 de

1023 2028 1120 2061 Italia
1151 2028 1182 2061 in
1214 2030 1385 2071 Greciarn,
1415 2030 1456 2062 de
1484 2028 1608 2062 Grecia
1642 2028 1673 2060 in

1024 2082 1177 2123 Iudeam,
1210 2083 1400 2127 iterumque
1433 2083 1474 2115 de
1510 2082 1612 2114 Iudea
1642 2081 1673 2113 in

1026 2135 1200 2176 Greciam,
1236 2136 1278 2169 de
1306 2136 1430 2169 Grecia
1462 2136 1494 2168 in
1531 2135 1674 2175 Italiam,

1026 2189 1055 2221 δι
1084 2188 1158 2221 inde
1190 2189 1253 2222 huc
1282 2190 1323 2221 ad
1353 2200 1412 2222 nos
1443 2189 1544 2233 usque
1570 2188 1674 2220 salvus

1027 2243 1195 2286 pervenit:
1232 2243 1276 2275 ita
1307 2242 1539 2275 sollertissimus
1570 2241 1676 2274 noster

1027 2295 1167 2328 musicus
1193 2295 1301 2339 primo
1317 2296 1472 2337 Latinos,
1493 2295 1568 2327 dein
1591 2296 1677 2327 Gre-

1027 2360 1096 2390 cos,
1116 2360 1194 2381 mox
1215 2349 1365 2381 Hebreos
1387 2348 1574 2391 iterumque
1590 2348 1675 2379 Gre-

1030 2413 1099 2442 cos,
1117 2402 1159 2434 ad
1178 2402 1332 2434 ultimum
1354 2401 1491 2434 Latinos
1509 2400 1587 2433 fecit
1607 2412 1678 2433 ver-

1031 2454 1156 2488 siculo&
1180 2455 1273 2488 Fecit
1293 2454 1393 2488 etiam
1413 2454 1619 2499 perpulcram
1637 2453 1678 2486 de

1033 2508 1146 2540 sanelo
1178 2508 1399 2541 Wunebaldo
1430 2507 1608 2543 historiam,
1647 2507 1676 2539 Sc
1711 2540 1714 2543 ,

1034 2561 1075 2593 de
1121 2561 1232 2593 sancio
1273 2561 1382 2594 Blasio
1421 2560 1636 2593 novissimam.
1662 2573 1673 2588 u

1033 2615 1259 2658 (Anonymus
1282 2613 1481 2655 Haserensw,
1496 2625 1550 2656 ap.
1573 2613 1680 2653 Pertz,

1033 2669 1081 2701 M.
1104 2669 1159 2710 G.‚
1177 2669 1246 2709 SS.,
1267 2669 1340 2708 VII,
1359 2667 1460 2710 257.)

1506 2759 1523 2787 6
