2216 3435
532 439 608 469 XIX

510 703 605 733 XVII

528 1032 606 1062 XVI

494 1305 605 1335 XVIII

528 1628 605 1658 XIII

528 1841 607 1871 XIV

529 1949 608 1978 XVI

511 2055 606 2085 XVII

652 118 712 167 88
989 130 1055 163 DE
1093 131 1207 164 SITU
1244 133 1438 166 TERRAE
1474 133 1696 167 SANCTAE

648 276 726 310 vitis
745 289 853 322 quam
874 278 1055 312 Dominus
1074 279 1200 324 posuit,
1225 291 1295 325 que
1313 280 1391 314 vitis
1415 281 1450 314 in
1470 280 1700 315 Pentecosten
1719 282 1872 316 frufitum
1892 283 1952 316 dat
1973 294 1992 312 a
2007 285 2039 318 δι

649 330 731 365 inde
751 333 1041 367 communicatur
1061 333 1423 379 Constantinopolim,
1454 336 1486 368 δι
1513 335 1638 370 exinde
1666 344 1737 370 tam
1758 337 1800 370 de
1819 348 1905 381 agro
1930 350 2038 383 quam

649 386 691 418 de
723 385 790 419 vite
816 387 1065 421 transmittitur
1091 388 1152 420 suo
1178 399 1325 433 quoque
1344 397 1514 434 tempore.
1534 387 1551 417 b

698 439 831 473 Civitas
858 440 1012 474 Leviada
1029 452 1042 470 c
1066 448 1160 474 trans
1188 442 1374 474 Iordanem
1406 441 1463 483 est,
1492 443 1598 476 habet
1625 444 1668 477 de
1698 443 1870 478 Hiericho
1890 445 2041 478 miliaria

648 493 854 535 duodecim,
872 494 906 528 in
926 495 996 540 ipsa
1012 495 1165 528 Leviada
1186 495 1330 540 Moyses
1351 495 1503 541 lapidem
1520 497 1563 530 de
1581 497 1680 542 virga
1694 499 1867 542 percussit,
1882 499 1914 532 &
1932 498 2041 533 fluxe-

648 555 730 580 runt
749 560 851 594 aque,
871 561 940 594 que
959 548 1065 594 ipsam
1081 548 1270 582 Leviadam
1286 561 1430 584 omnem
1446 550 1612 595 irrigant,
1630 552 1678 585 ibi
1693 552 1845 586 nascitur
1859 551 2040 586 dafitulum

647 600 853 636 nicholaum
871 602 1055 645 maiorem,
1074 602 1120 635 ibi
1136 604 1167 635 ἃ
1184 603 1330 649 Moyses
1349 604 1390 637 de
1407 604 1524 637 seculo
1546 605 1685 647 transiit,
1706 605 1753 639 ibi
1772 607 1803 639 &
1818 618 1909 651 aque
1928 604 2040 639 calide

646 655 736 698 sunt,
756 657 816 689 ubi
837 657 869 690 δε
891 658 1037 703 Moyses·
1054 657 1135 690 lavit
1154 657 1187 690 δι
1206 657 1241 690 ἰη
1257 656 1344 702 ipsas
1363 670 1473 702 aquas
1492 658 1623 692 calidas
1642 659 1764 704 leprosi
1783 657 1995 693 curantur.d

696 710 736 742 In
758 710 840 744 loco
862 710 922 744 ubi
936 710 1118 744 Dominus
1137 710 1336 756 baptizatus
1356 711 1412 753 est,
1431 711 1478 745 ibi
1498 712 1542 745 est
1566 725 1637 746 una
1655 713 1823 747 columna
1843 724 2042 747 marmorea

645 762 731 796 &in
761 763 832 809 ipsa
851 764 1020 797 columna
1048 764 1138 797 faeta
1164 763 1207 797 est
1234 776 1319 798 crux
1340 765 1458 798 ferrea.
1485 766 1539 798 Ibi
1567 766 1613 799 est
1642 768 1673 800 &
1692 767 1833 801 ecclefia
1853 766 1968 801 saneti
1986 767 2042 800 Io—

646 817 771 850 hannis
798 817 959 864 baptffie,
990 831 1096 863 quam
1126 818 1311 852 fabricavit
1332 818 1532 854 Anastasius
1553 819 1755 865 imperator,
1780 832 1873 867 quee
1897 821 2041 855 ecclefia

646 871 746 916 super
768 882 924 905 cameras
957 871 1106 905 maiores
1132 873 1163 905 δι
1190 872 1339 906 excelsas
1370 873 1540 906 fabricata
1561 874 1606 907 est
1625 886 1688 919 pro
1708 875 1869 916 Iordane,
1894 874 2039 920 quando

647 924 781 970 implet.
796 923 820 963 f
836 926 876 958 In
902 938 972 970 qua
990 925 1133 959 ecclefia
1152 926 1321 959 monachi
1341 935 1538 969 morantur,
1565 927 1626 972 qui
1655 928 1824 962 monachi
1845 929 1943 962 senos
1962 927 2041 961 soli-

646 979 710 1012 dos
731 991 791 1024 per
811 991 945 1012 annum
974 979 1016 1012 de
1037 979 1152 1018 fiscog
1175 979 1359 1024 accipiunt
1377 991 1440 1024 pro
1459 979 1530 1013 vita
1549 981 1607 1013 sua
1627 981 1857 1026 transigenda.

696 1034 737 1065 In
764 1032 837 1078 ipso
869 1032 981 1066 locoh
1006 1033 1066 1066 ubi
1088 1033 1271 1066 Dominus
1300 1033 1499 1078 baptizatus
1518 1034 1564 1067 est
1583 1035 1692 1080 usque
1718 1043 1812 1068 trans
1831 1034 1943 1080 ipsum
1966 1036 2041 1068 Ior-

650 1086 793 1128 danem,
811 1086 858 1120 ibi
878 1086 923 1119 est
948 1099 1050 1120 mons
1070 1087 1232 1120 modicus
1254 1087 1315 1132 qui
1334 1088 1532 1133 appellatur
1547 1089 1726 1131 Armona,
1749 1097 1871 1122 monte
1895 1089 2045 1123 Tabori

647 1139 709 1185 qui
732 1140 776 1174 est
795 1139 830 1173 in
847 1139 1001 1182 Galilea,
1027 1140 1088 1174 ubi
1115 1141 1250 1174 sanetus
1276 1141 1398 1174 Helias
1417 1149 1535 1187 raptus
1566 1142 1620 1176 est.
1645 1143 1826 1176 Memoria
1847 1143 2040 1177 sanfflHe-

646 1192 717 1226 lisei
738 1193 787 1226 ibi
809 1192 866 1236 est,
895 1193 956 1227 ubi
986 1193 1119 1227 fontem
1147 1194 1339 1236 benedixit,
1368 1196 1400 1228 δε
1433 1196 1534 1241 super
1565 1196 1634 1241 ipsa
1665 1196 1869 1230 memoriak
1895 1197 2040 1231 ecclesia

648 1247 821 1281 fabricata
841 1247 895 1281 est.

693 1302 758 1335 Ab
792 1301 885 1335 unde
914 1300 1096 1335 Dominus
1132 1301 1329 1347 baptizatus
1361 1302 1418 1345 est,
1450 1304 1557 1348 usque
1588 1304 1649 1338 ubi
1681 1304 1839 1338 Iordanis
1866 1305 1901 1338 in
1934 1304 2040 1338 Mare

651 1356 803 1388 Mortuo
825 1354 944 1396 intrat,
962 1355 1040 1388 sunt
1059 1355 1210 1389 miliaria
1229 1356 1402 1401 quinque,
1418 1357 1450 1390 &
1469 1357 1539 1402 ipse
1559 1357 1605 1391 est
1625 1358 1730 1391 Mare
1752 1359 1958 1400 Mortuum,
1977 1357 2037 1391 ubi

646 1409 802 1442 Sodoma
824 1410 856 1443 δε
876 1410 1057 1443 Gomorra
1075 1408 1222 1443 dimerse
1239 1410 1317 1443 sunt
1336 1421 1418 1443 cum
1438 1410 1514 1443 aliis
1534 1411 1658 1454 tribus,
1687 1424 1755 1456 que
1775 1412 1935 1457 quinque
1955 1411 2040 1446 civi-

643 1470 732 1496 tates
759 1463 904 1496 fuerunt
929 1462 1026 1496 iuxta
1054 1463 1158 1496 Mare
1179 1463 1385 1497 Mortuum.

691 1516 745 1549 Ibi
765 1516 811 1550 est
829 1528 918 1550 uxor
932 1516 1040 1557 Loth,
1057 1528 1126 1561 que
1146 1516 1238 1550 faaa
1259 1517 1304 1550 est
1322 1516 1432 1551 statua
1452 1518 1584 1560 salis,&
1603 1519 1790 1563 quomodo
1807 1519 1938 1561 crescit,
1954 1519 2038 1552 luna

645 1570 766 1605 crescit
785 1571 817 1604 δι
836 1570 942 1616 ipsa,l
961 1570 994 1603 δε
1013 1571 1197 1615 quomodo
1218 1570 1390 1604 minuitur
1410 1572 1506 1614 luna,
1527 1571 1698 1605 minuitur
1717 1573 1748 1605 &
1775 1572 1856 1618 ipsa.

692 1626 781 1658 Item
804 1624 840 1658 in
862 1631 983 1658 monte
1004 1623 1146 1666 oliveti,
1160 1635 1185 1652 m
1202 1624 1263 1657 ubi
1281 1624 1463 1658 Dominus
1494 1626 1593 1670 super
1612 1625 1765 1671 lapidem
1787 1626 1954 1661 humeros
1973 1628 2039 1661 im-

645 1679 773 1724 posuit,
805 1679 839 1712 in
877 1691 947 1724 qua
976 1686 1073 1723 petra
1103 1679 1211 1712 ambo
1242 1679 1377 1712 humeri
1407 1679 1479 1712 eius
1500 1679 1756 1714 descenderunt
1785 1680 1869 1715 ficut
1899 1681 1933 1714 in
1960 1693 2038 1715 cera

648 1732 772 1775 molle,
789 1732 850 1778 qui
872 1733 971 1766 locus
991 1733 1151 1767 Ancona
1167 1732 1309 1773 dicitur,
1327 1732 1374 1766 ibi
1389 1733 1421 1766 δι
1435 1733 1577 1766 ecclefia
1591 1733 1762 1767 fabricata
1781 1734 1837 1776 est,
1854 1735 1915 1768 ubi
1930 1748 2038 1782 prope

647 1785 693 1819 est
710 1785 775 1819 alia
796 1786 948 1829 ecclefia‚
974 1787 1035 1820 ubi
1055 1787 1168 1820 sanffta
1188 1786 1304 1820 Tecla
1324 1785 1379 1828 est,
1402 1787 1433 1819 &
1453 1786 1522 1832 ipse
1544 1787 1643 1820 locus
1663 1787 1793 1821 dicitur
1811 1789 1998 1834 Bethfage.
2021 1801 2038 1818 n

694 1839 780 1873 Inde
799 1839 916 1885 pullus
938 1840 1037 1882 afine,
1058 1852 1164 1885 quem
1186 1839 1368 1873 Dominus
1387 1839 1485 1881 sedit,
1505 1841 1677 1874 adduStus
1697 1840 1752 1883 est,
1779 1853 1860 1875 cum
1886 1855 1958 1888 quo
1986 1843 2038 1877 in·

647 1893 749 1926 travit
771 1901 908 1938 portam
928 1905 940 1922 ⁰
960 1893 1148 1927 Beniamin
1163 1893 1198 1926 in
1215 1893 1447 1926 Hierusalem.
1460 1894 1531 1928 Ubi
1544 1894 1690 1938 legitur:
1709 1896 1823 1938 Mare,
1840 1908 1947 1941 quare
1965 1909 2037 1931 con-

647 1947 805 1980 turbatus
823 1959 866 1990 es,
891 1949 927 1981 &
948 1955 983 1981 tu
1013 1948 1169 1981 Iordanis
1187 1959 1294 1992 quare
1317 1952 1498 1992 converJus
1515 1959 1547 1981 es
1564 1948 1756 1992 retrorsum,
1776 1951 1813 1982 Εἴ
1834 1961 1898 1983 vos
1917 1958 2038 1984 montes

649 2012 757 2045 quare
777 2001 969 2034 exultantes
981 2009 1004 2041 p
1021 2001 1112 2045 ficut
1129 2002 1264 2043 arietes,
1294 2003 1331 2035 &⁹
1350 2013 1412 2034 vos
1444 2002 1538 2034 colles
1547 2001 1639 2045 ficut
1664 2002 1749 2045 agni
1772 2003 1904 2036 ovium.
1932 2004 2037 2039 Circa

652 2054 840 2088 Iordanem
861 2054 1088 2095 monticelliq
1111 2055 1190 2088 sunt
1210 2054 1325 2096 multi,
1345 2055 1377 2087 ἅτ
1397 2055 1541 2100 quando
1555 2055 1736 2089 Dominus
1757 2057 1800 2090 ad
1821 2056 2035 2103 baptismum

650 2108 840 2151 descendit,
872 2107 930 2153 ipsi
961 2117 1099 2142 montes
1129 2116 1209 2142 ante
1247 2108 1359 2153 ipsum
1391 2109 1623 2143 ambulabant
1652 2109 1845 2153 gestiendo,
1868 2111 1900 2144 δι
1929 2109 2037 2144 hodie

648 2161 745 2196 velut
775 2162 935 2196 saltantes
965 2162 1137 2196 videntur.

693 2348 722 2370 a.
737 2337 784 2379 B.,
797 2339 830 2370 C.
845 2337 970 2370 tribuit.
987 2357 1031 2361 —
1043 2339 1077 2370 b.
1088 2337 1145 2370 suo
1157 2363 1164 2370 .
1175 2363 1199 2369 ..
1214 2345 1298 2370 tem-

644 2401 725 2434 pore
740 2391 823 2434 deest
830 2390 864 2423 in
872 2391 920 2433 B.,
930 2392 965 2425 C.
977 2403 984 2434 3
995 2391 1025 2424 δι
1035 2390 1152 2424 exinde
1163 2416 1185 2424 ..
1198 2398 1297 2423 .tem-

645 2455 726 2488 pore
743 2444 828 2488 deest
844 2443 877 2477 in
892 2444 978 2477 E.—
996 2455 1023 2478 c.
1041 2445 1081 2477 D.
1103 2444 1297 2477 Levida.—

646 2497 678 2530 d.
698 2498 744 2539 B.,
760 2499 807 2539 C.,
830 2497 866 2530 E.
890 2497 1103 2530 mundantur.
1130 2517 1176 2522 —
1202 2509 1229 2529 e.
1250 2497 1297 2537 B.,

649 2552 696 2593 C.,
711 2549 746 2584 E.
766 2562 886 2595 quam3
905 2553 956 2592 C„
970 2552 1152 2595 D.qua.—
1166 2551 1187 2583 f.
1202 2551 1249 2591 B.,
1262 2551 1297 2582 E.

648 2615 710 2648 pro
723 2604 971 2638 redundacione
986 2604 1148 2637 Iordanis.
1161 2616 1244 2649 —g.
1258 2603 1299 2636 de

648 2656 727 2691 fisco
748 2658 832 2702 deest
851 2657 883 2691 in
901 2659 941 2691 D.
965 2677 1008 2682 —
1030 2658 1060 2691 h.
1081 2658 1113 2691 in
1135 2657 1204 2703 ipso
1222 2657 1299 2690 loco

1381 2336 1465 2377 deest
1481 2336 1514 2369 in
1535 2337 1576 2369 D.
1590 2356 1636 2360 —
1649 2337 1667 2370 i.
1681 2338 1724 2370 D.
1745 2349 1841 2370 mons
1861 2338 1978 2371 Abur.
1990 2358 2036 2362 —

1381 2390 1412 2422 k.
1435 2391 1468 2423 C.
1487 2391 1518 2422 «Sc
1537 2390 1631 2434 super
1652 2390 1758 2435 ipsum
1778 2392 1823 2424 ob
1839 2403 1883 2424 m.
1902 2391 1987 2426 -1.
2004 2392 2036 2425 δι

1381 2443 1576 2486 quomodo.
1595 2469 1601 2474 .
1618 2470 1624 2476 .
1639 2443 1707 2488 ipsa
1723 2445 1806 2488 deest
1820 2443 1853 2477 in
1867 2446 1915 2486 B.,
1930 2446 1979 2486 C.,
1996 2446 2035 2479 E.

1381 2515 1424 2521 —
1445 2508 1487 2529 m.
1509 2498 1544 2530 B.
1557 2496 1634 2529 item
1654 2497 1686 2530 in
1705 2506 1820 2531 monte
1839 2497 1973 2540 Oliveti,
1990 2498 2034 2532 ibi

1381 2550 1425 2583 est
1443 2550 1536 2595 lapis.
1555 2571 1601 2574 —
1615 2562 1645 2583 n.
1664 2552 1712 2592 B.,
1728 2552 1779 2593 C.,
1795 2552 1829 2584 E.
1849 2552 2033 2597 Betphage.

1383 2615 1464 2637 -ο,
1485 2605 1528 2636 D.
1541 2604 1582 2637 de
1597 2611 1706 2648 portu.
1723 2624 1767 2629 —
1781 2617 1812 2649 p.
1827 2607 1869 2638 D.
1886 2605 2033 2650 gestistis.

1381 2677 1426 2681 —
1447 2669 1479 2702 q.
1499 2658 1552 2698 B.,
1571 2656 1606 2691 E.
1629 2666 1759 2691 montes
1779 2658 1863 2692 celsi,
