2216 3435
20 853 89 882 vlur.
107 864 132 892 p.
152 860 163 881 1
171 860 237 889 104.

668 266 941 301 OBSIDIONIS
966 266 1227 299 DAMIATE.
1540 270 1552 298 Ι
1572 270 1585 298 Ι
1603 265 1624 313 5

261 416 422 473 cordia,
449 417 494 460 ὅ(
516 432 605 460 non
635 431 804 460 tantum
824 417 932 460 inter
952 415 1080 476 ipsos,
1108 431 1241 475 quam
1263 430 1339 475 per
1359 430 1498 458 totum
1520 431 1633 458 exer·
1657 440 1733 467 1219

261 488 394 533 citum
431 485 636 531 discurrit.
674 487 761 531 Rex
791 487 908 531 enim
936 483 1112 548 petebat
1144 483 1495 529 dominationem
1534 485 1634 530 civi-

259 559 352 604 tatis
376 559 420 602 &
447 555 650 602 dominus
675 556 841 619 legatus
865 553 1053 613 volebat,
1078 553 1200 616 quod
1228 571 1380 598 omnes
1403 555 1635 599 Christiani

260 627 466 674 haberent
488 626 730 673 libertatem
752 626 826 685 ibi,
853 631 897 673 ὅ(
921 625 1076 672 exinde
1099 641 1192 670 orta
1217 626 1274 670 est
1299 624 1524 683 discordia,
1553 642 1636 686 que

262 699 348 745 fere
366 700 475 744 inter
494 699 609 761 ipsos
627 699 817 744 interfuit
841 700 885 744 &
907 697 1069 742 bellum
1086 697 1238 755 movit,
1263 695 1336 740 sed
1354 693 1476 758 figno
1501 697 1636 741 crucis

257 771 414 815 muniti
439 768 496 815 ad
520 768 685 815 bonam
711 768 998 814 concordiam
1022 766 1168 814 revers]
1194 768 1301 812 sunt.

321 842 423 887 LIX.
455 843 587 888 Anno
618 841 837 886 dominice
868 840 1177 886 incarnationis
1197 837 1478 893 MCCXVHI,
1502 837 1635 882 indic·
1660 855 1746 884 1218.

257 913 377 958 tione
401 915 457 971 vj,
483 911 651 959 obsessa
684 913 759 958 fuit
783 913 931 958 civitas
965 912 1179 956 Damiate.
1230 913 1271 953 ln
1303 906 1451 953 medio
1484 908 1636 953 menfis

256 983 388 1041 Madij
429 983 659 1029 Christiani
699 1000 853 1028 omnes
895 984 938 1027 in
980 981 1160 1027 navibus
1198 978 1481 1026 ascenderunt
1511 980 1555 1023 ἃ
1593 978 1636 1022 in

258 1053 451 1116 sequenti
470 1049 750 1100 hebdomada
771 1053 968 1116 quodam
994 1052 1063 1098 die
1082 1053 1228 1098 Martis
1246 1053 1289 1096 in
1311 1067 1467 1095 terram
1485 1049 1637 1113 Egypti
1658 1065 1729 1103 Maj.
1749 1074 1798 1103 29.

256 1127 523 1172 intraverunt
546 1128 591 1171 ὃς
615 1126 900 1171 castrametati
925 1126 1020 1170 sunt
1046 1122 1163 1186 apud
1189 1123 1408 1168 civitatem
1433 1121 1636 1166 Damiate

256 1199 301 1243 ἃ
330 1195 389 1242 ibi
419 1197 622 1243 steterunt
654 1214 730 1259 per
758 1213 898 1241 totam
929 1197 1104 1240 estatem
1134 1196 1179 1240 &
1203 1194 1406 1253 hyemem
1436 1193 1481 1237 ἃ
1505 1193 1548 1237 in
1575 1193 1633 1237 se-

258 1269 403 1331 quenti
434 1286 551 1314 anno
583 1268 627 1313 in
652 1267 900 1322 MCCXIX,
926 1265 1165 1312 indifflone
1188 1266 1260 1323 vij,
1300 1264 1447 1325 quinta
1472 1262 1541 1308 die
1566 1264 1634 1308 in—
1659 1283 1744 1312 1219.

258 1356 410 1399 nante,
437 1340 583 1385 mense
605 1337 862 1396 Novembri,
888 1339 931 1383 in
956 1337 1103 1400 vigilia
1127 1337 1269 1382 Sancii
1294 1333 1505 1380 Leonardi
1529 1334 1633 1379 festo
1653 1350 1732 1377 Nov.
1750 1358 1776 1387 5.

256 1412 472 1469 veniente,
509 1408 565 1455 ad
596 1409 812 1454 honorem
840 1409 1023 1454 Domini
1060 1408 1190 1452 nostri
1216 1407 1302 1452 Iesu
1327 1405 1482 1451 Christi
1508 1421 1636 1467 capta

260 1482 338 1527 fuit
362 1481 566 1526 Damiata
589 1498 614 1525 a
638 1481 879 1543 peregrinis
904 1479 1148 1524 christianis.
1185 1477 1387 1541 Explicit.¹
