2216 3435
559 199 620 257 78
1158 207 1327 240 GESTA

465 368 541 398 1218
560 358 636 402 rati
661 356 739 401 illis
759 357 798 401 se
823 355 999 402 obviam
1030 353 1589 417 prebuerunt&tamquam
1616 353 1759 416 angeli
1785 371 1860 416 per
1881 354 1940 399 sa-

559 428 740 474 blonem
760 428 1010 474 catervatim
1028 442 1180 471 contra
1207 426 1406 470 inimicos
1425 442 1604 488 pergere
1618 423 1891 482 videbantur,
1927 435 1938 456 ¹

558 501 695 546 iacula
714 500 1008 555 inimicorum,
1030 514 1110 543 nec
1127 513 1316 541 mortem
1331 513 1411 558 pro
1426 495 1583 541 Christi
1600 513 1750 541 amore
1763 496 1942 542 minime

557 574 771 629 timentes,
784 570 852 616 sed
866 571 1089 616 voluntate
1105 571 1149 614 ὃς
1165 569 1253 614 leto
1269 569 1420 613 animo
1438 577 1455 596 2
1476 584 1556 629 pro
1571 568 1728 613 Christi
1741 584 1892 613 amore
1911 578 1924 607 3

555 642 719 690 bellum
738 660 892 688 contra
909 651 926 679 4
945 641 1291 687 Christianorum
1312 639 1512 684 inimicos
1528 655 1741 701 temptare
1763 639 1940 702 cupien-

557 732 629 762 teS.
658 716 873 760 Dominus
901 730 1047 758 autem
1077 712 1259 775 legatus,
1290 729 1437 756 veram
1463 728 1634 756 crucem
1664 712 1707 755 in
1739 709 1940 756 manibus

559 786 637 831 suis
663 803 856 848 portans,
887 802 986 830 ante
1018 802 1172 829 omnes
1204 781 1478 845 precedebat.
1522 781 1677 827 Milites
1702 783 1747 827 ὃς
1772 780 1940 844 pedites

557 857 718 903 hortari
743 875 832 903 non
853 855 1087 912 desinebat,
1106 872 1151 900 ut
1174 854 1229 900 ad
1251 855 1433 899 Domini
1459 853 1591 899 nostri
1613 852 1728 898 lhesu
1750 862 1763 892 5
1783 853 1941 899 Christi

556 929 746 974 crucifixi
763 931 779 959 ⁶
798 928 1056 990 oblequium
1074 929 1119 973 ὃς
1139 925 1193 972 ad
1215 926 1562 971 Christianorum
1582 925 1781 969 inimicos
1796 923 1941 971 debel-

555 999 711 1046 landos
745 1002 789 1046 ὃ(
826 998 1120 1062 [ιὼίυςᾶῃάοε
1152 997 1418 1061 gratulanter
1451 995 1666 1059 proficisci
1698 996 1943 1042 festinarent
1959 1011 1994 1041 Ρ.
2013 1010 2033 1040 f.
2053 1020 2108 1050 109
2125 1012 2164 1041 Α.

555 1074 614 1129 ὃς,
655 1089 756 1117 cum
794 1071 878 1116 hoc
904 1068 1085 1127 dixiffet,
1124 1070 1210 1115 alta
1240 1086 1350 1115 voce
1376 1070 1421 1114 ὃς
1449 1085 1500 1114 ex
1525 1068 1661 1112 oculis
1697 1067 1941 1127 lachrymas

556 1143 783 1190 effundens
826 1147 871 1190 δε
907 1143 1023 1189 dulci
1054 1160 1164 1189 voce
1202 1141 1373 1188 dicens:
1417 1143 1454 1186 0
1479 1143 1672 1198 Domine,
1700 1145 1722 1186 o
1749 1144 1942 1198 Domine,

545 1219 666 1279 salva
692 1217 731 1262 fr·
756 1219 903 1278 custodi
927 1235 998 1261 nos
1028 1217 1067 1260 ὃ)
1093 1217 1238 1260 exaudi
1262 1232 1402 1276 preces
1426 1218 1578 1272 nostras
1602 1215 1684 1271 die,
1721 1231 1797 1272 qua
1830 1217 1941 1259 invo-

556 1294 733 1335 cavimus
774 1290 830 1334 ‘Te
869 1287 1037 1345 (Psalm.
1070 1300 1176 1345 XIX,
1212 1289 1278 1350 9).
1326 1288 1369 1330 In
1406 1287 1472 1329 die
1505 1285 1782 1329 tribulationis
1809 1285 1849 1329 e>
1873 1303 1941 1329 αη-

555 1365 683 1423 gustie
720 1365 846 1421 nostre
879 1363 1149 1405 invocavimus
1183 1358 1253 1413 Te,
1295 1363 1316 1402 o
1342 1361 1534 1411 Domine,
1577 1358 1768 1401 velociter
1798 1359 1942 1401 exaudi

549 1451 690 1494 preces
712 1436 887 1492 nostras!
931 1430 1028 1494 (Cf.
1059 1430 1205 1475 Psalm.
1232 1442 1352 1485 XVII,
1380 1428 1429 1486 63
1456 1440 1592 1481 XLIX,
1626 1440 1677 1489 15
1685 1429 1715 1487 )
1750 1430 1876 1472 Verba
1902 1428 1942 1472 δ’

556 1510 760 1550 orationes
791 1508 944 1560 nostras
978 1505 1141 1547 auribus
1178 1504 1277 1546 Tuis
1310 1505 1490 1562 percipe,
1529 1502 1720 1554 Domine,
1757 1500 1943 1560 intellige

556 1578 768 1622 clamorem
788 1579 985 1635 nostrum!
1022 1574 1194 1633 (Psalm.
1222 1587 1267 1631 V,
1301 1590 1313 1618 1
1348 1572 1457 1634 seq.)
1486 1573 1647 1616 Intende
1673 1575 1762 1616 voci
1789 1575 1943 1617 oratio-

556 1652 620 1693 nis
646 1652 785 1707 nostre,
818 1651 906 1709 ‘Rex
935 1650 1076 1705 noster,
1098 1654 1114 1681 7
1142 1648 1345 1689 Dominus
1374 1646 1527 1702 noster!
1571 1644 1774 1702 Qoniam
1809 1645 1863 1687 ad
1888 1642 1944 1687 ‘Te

544 1723 707 1782 semper
739 1736 898 1763 oramus
935 1718 974 1761 ὃ»
1012 1720 1284 1777 confugimus,
1322 1718 1514 1772 Domine,
1551 1716 1711 1765 exaudi,
1750 1717 1942 1768 Domine,

556 1809 670 1835 voces
694 1790 734 1834 ὃ·
759 1793 962 1834 orationes
986 1791 1164 1848 nostras!
1204 1790 1377 1831 Domini
1404 1790 1455 1844 est
1468 1786 1590 1847 salus
1615 1785 1655 1828 ὃ»
1664 1786 1793 1846 super
1809 1802 1944 1845 popu-

556 1863 636 1906 lum
672 1864 797 1907 ‘Tuum
832 1863 1053 1906 benedic‘Iio
1079 1860 1165 1904 ‘Tua
1203 1857 1367 1919 (Psalm.
1394 1870 1465 1916 III,
1493 1856 1555 1915 8).
1587 1858 1668 1900 Sub
1694 1858 1829 1901 umbra
1856 1857 1944 1900 ala-

555 1951 640 1978 rum
664 1951 819 1979 tuarum
837 1950 1009 1994 protege
1032 1949 1104 1976 nos
1145 1929 1315 1987 (Psalm.
1342 1941 1445 1988 XVI,
1472 1930 1523 1989 8)
1547 1928 1586 1972 ὅ»
1612 1946 1634 1972 α
1651 1930 1830 1988 perfidia
1861 1932 1943 1972 ini-

556 2010 746 2050 micorum
766 2009 982 2065 nostrorum
997 2005 1124 2048 libera
1144 2020 1230 2060 nos,
1258 2005 1447 2058 Domine,
1467 2001 1506 2044 ὃ»
1519 2003 1652 2060 presta
1668 2001 1784 2044 nobis
1815 1997 1941 2044 Tuum

546 2078 834 2138 sanc‘liffi‘mum
881 2076 1093 2131 auxilium,
1145 2092 1186 2119 ut
1217 2090 1373 2135 gentem
1405 2074 1603 2133 perfidam
1648 2071 1687 2116 ὃ*
1724 2075 1944 2130 nequitiam

556 2166 778 2194 convertere
796 2148 1000 2209 poffimus,
1031 2149 1130 2190 utin
1150 2147 1335 2190 Sancflam
1361 2144 1603 2189 Trinitatem
1629 2143 1669 2186 ὃ*
1692 2146 1943 2188 nativitatem

558 2220 683 2264 ‘Tuam
710 2238 825 2280 atque
850 2223 889 2263 in
911 2219 1127 2279 paffionem
1152 2217 1191 2261 ὃ)
1210 2233 1373 2261 mortem
1403 2216 1442 2260 Θ
1463 2216 1790 2276 resurrec‘iionem
1817 2215 1944 2259 ‘Tuam

557 2294 757 2351 nobiscum
781 2294 884 2336 rec‘le
909 2292 1067 2336 credere
1090 2291 1272 2345 debeant,
1306 2304 1348 2332 ut
1372 2305 1509 2332 nomen
1540 2288 1666 2330 ‘Tuum
1682 2304 1760 2346 per
1787 2290 1946 2331 univer-

547 2366 641 2426 sum
666 2365 851 2408 mundum
874 2362 890 2391 3
919 2366 1121 2407 invocetur
1145 2360 1185 2405 δ’
1209 2366 1256 2419 fit
1280 2361 1526 2404 benedicflum
1556 2361 1595 2402 in
1618 2359 1762 2418 secula
1780 2359 1945 2418 seculo-

559 2439 674 2480 rum!
697 2439 845 2480 eAmen.

625 2507 729 2552 VIII.
749 2506 853 2569 Qa
866 2505 1066 2550 oratione
1080 2503 1207 2562 fafia,
1227 2501 1576 2549 Christianorum
1591 2502 1798 2547 exercitus
1813 2501 1945 2566 Paga-

613 2698 623 2716 1
656 2686 688 2717 P.
703 2685 784 2717 add.
815 2685 858 2717 Sc.
882 2704 927 2707 —
963 2698 980 2717 2
1011 2684 1043 2716 P.
1063 2683 1176 2715 animo
1196 2682 1272 2714 leto.
1294 2702 1337 2706 —
1358 2692 1373 2722 3
1396 2682 1430 2714 P.
1455 2680 1586 2714 timore.
1618 2701 1659 2706 -
1682 2694 1716 2723 4.
1740 2681 1773 2713 P.
1794 2679 1876 2712 add.
1900 2698 1943 2704 ——

564 2751 579 2782 5
602 2740 651 2772 M.
671 2737 754 2771 Iesu.
783 2757 826 2762 -
847 2740 864 2770 6
888 2738 920 2770 P.
939 2749 996 2771 om.
1017 2756 1060 2761 -
1086 2749 1103 2777 7
1124 2737 1158 2769 P.
1175 2737 1255 2768 add.
1279 2756 1324 2759 -
1343 2734 1359 2762 8
1378 2736 1411 2768 P.
1431 2735 1561 2768 orbem.
