2216 3435
551 276 932 310 HODOEPORICON
967 277 998 309 S.
1026 275 1348 308 WILLIBALDI.
1541 277 1628 324 247

549 494 590 537 ΙΙ.
615 494 754 551 Infans
776 495 896 552 gravi
919 492 1049 536 morbo
1073 493 1302 551 corripitur.
1320 501 1338 518 ‘²

319 633 438 678 Cum
466 631 536 677 ille
560 633 604 677 in
621 633 838 694 proemio,
869 632 940 677 sue
957 632 1138 677 infantie
1163 629 1398 690 cunabulis,
1430 629 1626 676 amabilis

258 719 386 764 atque
404 702 419 731 b
436 702 697 749 deleciabilis
717 701 973 763 blandisque
994 704 1273 748 nutrientium
1309 700 1627 747 adulationibus

256 775 562 837 presertimque
596 790 839 837 parentum,
873 775 985 819 circa
1023 775 1145 819 illum
1177 790 1344 836 magno
1380 772 1627 818 devotionis

254 843 409 891 affeetu
436 844 674 908 diurnaque
694 845 987 890 sollicitudinis
1013 844 1288 907 providentia
1306 861 1452 889 curam
1473 861 1625 907 geren-

252 916 375 974 tium,
389 917 593 962 confotus
603 934 732 979 atque
745 917 950 961 enutritus
965 915 1020 961 ad
1036 915 1404 976 trienniumusque
1412 915 1624 977 pervenit,

254 987 473 1032 transaffis
497 989 642 1050 itaque
667 1004 768 1033 tunc
787 986 918 1033 tribus
943 1004 1160 1033 annorum
1178 986 1408 1042 curriculis,
1436 1002 1621 1047 cumque

250 1075 406 1120 parvus
430 1059 499 1104 ille
525 1059 595 1104 seu
615 1058 822 1104 delicatus
844 1058 984 1122 fragili
1002 1075 1098 1115 evo,
1122 1057 1308 1102 infantili
1325 1067 1477 1116 etates
1502 1072 1621 1101 tene-

256 1146 324 1174 ros
345 1131 537 1192 corporis
558 1129 700 1175 adhuc
728 1130 923 1193 gereretd
943 1145 1070 1187 artuS,
1097 1126 1236 1173 subito
1256 1129 1412 1184 evenit,
1436 1144 1481 1172 ut
1503 1127 1624 1172 illum

253 1201 484 1246 triennium
497 1203 639 1264 gravis
663 1202 858 1263 corporis
878 1198 1156 1262 opprimebat
1174 1198 1390 1262 egritudo,
1412 1214 1619 1260 tantaque

254 1288 446 1334 arreptus
487 1273 544 1318 est
578 1273 771 1334 corporis
809 1271 1016 1330 molestia,
1057 1286 1103 1316 ut
1132 1271 1286 1333 exigua
1322 1268 1620 1315 membrorum

248 1342 550 1406 stringerentur
571 1355 583 1372 ‘³
607 1360 859 1406 compages,
884 1345 929 1388 ὃς
953 1344 1022 1389 vix
1047 1343 1090 1387 in
1111 1360 1164 1388 eo
1190 1360 1446 1404 permanens
1471 1339 1623 1386 flatusf

250 1415 442 1460 vicinum
457 1413 700 1460 minabatur
724 1416 807 1460 vite
826 1414 1217 1476 exitum.Cumque
1236 1413 1343 1459 istud
1362 1424 1616 1459 cernerentg

247 1502 368 1547 pater
390 1488 435 1531 ὅ(
464 1502 612 1545 mater,
645 1485 810 1532 editum
833 1486 955 1530 suum
979 1501 1252 1549 egrotantem
1278 1486 1453 1546 iamque
1479 1485 1611 1545 usque

244 1573 357 1619 pene
380 1557 656 1614 seminecem,
684 1556 823 1602 timidi
851 1559 896 1602 ὃ(
927 1555 1052 1602 extasi
1083 1574 1287 1618 novaque
1318 1557 1473 1601 mentis
1509 1556 1616 1600 mes-

244 1628 336 1672 titia
359 1627 486 1674 valde
507 1629 671 1683 retenti,
699 1645 858 1690 angere
881 1644 1100 1690 ceperunt,
1128 1626 1249 1688 quod
1274 1626 1472 1672 sobolem
1493 1627 1614 1672 suam

243 1695 316 1743 fibi
343 1701 551 1762 genitam,
588 1700 747 1744 recenti
778 1699 846 1744 lue
876 1697 1073 1744 lassatam
1099 1699 1343 1760 exitialique
1370 1697 1616 1744 discrimine

244 1786 294 1815 ex
327 1771 563 1833 improvisa
581 1771 597 1798 '¹
621 1786 762 1816 morte
800 1771 1005 1816 irretitam
1029 1770 1121 1815 fore
1155 1768 1368 1826 viderunt,
1407 1771 1452 1814 ὃς
1477 1768 1614 1827 illum,

243 1857 374 1902 quem
407 1842 521 1903 prius
547 1840 601 1886 de
637 1840 926 1903 primordialis
951 1840 1129 1885 infantie
1163 1839 1385 1886 cunabulis
1422 1838 1610 1886 ablacta-

243 1927 337 1956 tum
361 1928 491 1974 atque
518 1912 749 1957 confotum
768 1913 899 1973 usque
917 1909 973 1957 ad
999 1912 1233 1957 triennium
1252 1910 1496 1957 nutriebant
1519 1910 1613 1956 illis-

244 2000 327 2045 que
351 1983 615 2046 superstitem
636 1985 681 2028 &
706 1982 907 2029 heredem
932 1981 1088 2028 habere
1113 1981 1338 2044 optabant,
1363 1984 1449 2027 iam
1477 1980 1612 2044 quafii

243 2054 488 2099 exanimem
528 2054 597 2099 seu
633 2054 870 2099 extinclum
912 2051 1127 2116 glebaque
1164 2068 1425 2115 coopertum
1466 2052 1614 2098 dolere

246 2122 468 2170 timebant.
495 2124 577 2171 Sed
602 2126 884 2187 omnipotens
905 2125 1038 2181 Deus,
1074 2123 1225 2169 mundi
1254 2122 1499 2181 fabricator,
1533 2124 1613 2169 celi

246 2210 440 2258 terreque
464 2196 653 2256 limator,
678 2197 846 2243 servum
876 2197 998 2241 suum
1026 2196 1238 2241 infantem
1267 2197 1311 2240 &
1345 2194 1488 2241 adhuc
1518 2196 1612 2240 ino-

243 2265 377 2312 letum
413 2266 674 2329 exilibusque
701 2269 715 2295 k
754 2265 1053 2313 membrorum
1096 2264 1382 2330 compagibus
1420 2283 1613 2312 tenerum

241 2336 575 2400 hominibusque
589 2340 800 2385 incertum
819 2339 939 2385 illum
959 2338 1012 2385 de
1030 2340 1224 2401 corporis
1244 2338 1455 2402 ergastulo
1470 2337 1611 2384 adhuc

239 2407 421 2455 educere
463 2408 655 2467 nolebat,
694 2409 766 2455 sed
802 2426 848 2456 ut
884 2410 1022 2456 multis
1057 2411 1205 2473 postea
1238 2428 1316 2473 per
1351 2409 1504 2456 orbem
1538 2410 1610 2455 sua

238 2496 394 2526 norma
418 2480 648 2543 neophytis
674 2481 821 2544 patula
845 2481 1056 2544 panderet
1083 2482 1168 2528 vite
1194 2482 1368 2543 premia.

289 2672 319 2693 a.
351 2661 477 2694 ‘Titulus
498 2663 530 2694 d.
551 2662 583 2694 in
604 2665 638 2696 C.
660 2682 700 2686 —
724 2664 756 2695 b.
779 2670 877 2707 atque
1011 2662 1035 2695 f.
1060 2663 1093 2695 F.
1113 2663 1221 2695 status.
1242 2683 1286 2686 ——
1301 2675 1336 2706 g.
1359 2664 1394 2696 C.
1411 2664 1603 2696 cernebant.

240 2714 270 2745 d.
285 2713 317 2746 in
331 2716 363 2746 C.
386 2733 426 2737 —
447 2725 473 2746 c.
491 2716 523 2747 C.
543 2714 701 2748 infantiali
723 2715 818 2748 sexui.
834 2736 876 2740 —
962 2734 1005 2739 —
1024 2716 1056 2748 h.
1087 2718 1120 2749 C.
1148 2715 1339 2760 improviso.
1374 2735 1415 2740 --
1438 2716 1459 2749 i.
1487 2717 1520 2749 P.
1543 2729 1601 2749 om.

239 2765 315 2800 d.C.
326 2768 475 2813 gerebat.
495 2787 524 2790 —
545 2779 572 2801 e.
583 2771 616 2800 C.
628 2768 879 2812 stringebantur.
960 2769 1119 2814 quas1.—
1138 2769 1172 2802 k.
1191 2770 1226 2802 C.
1241 2769 1408 2815 exilisque,
