2216 3435
1855 280 1974 287 .-

502 359 577 388 1218
598 347 727 401 nobis,
756 349 813 390 ire
837 363 927 390 ante
950 363 1027 390 non
1044 345 1264 407 poffumuS,
1292 362 1399 390 retro
1424 347 1561 391 cedere
1584 364 1660 391 non
1685 348 1880 407 valemus,
1907 351 1988 410 sed

597 422 704 479 qu‘fi
728 418 928 478 desperati
963 420 1002 461 in
1016 417 1165 478 sabulo
1190 419 1422 462 manemus!
1447 416 1652 463 Secundo
1678 416 1746 463 die
1770 418 1833 464 ira
1858 419 1986 464 maris

598 488 714 550 cepit
748 487 947 551 frangere
989 485 1196 533 fossatum
1236 487 1432 533 nostrum
1466 489 1511 533 ὃς
1547 488 1671 551 super
1708 506 1790 535 nos
1828 491 1986 537 venire.

596 560 724 604 Tunc
748 577 820 605 rex
842 559 1065 605 Ierusalem
1089 560 1134 604 ὃς
1163 575 1319 604 omnes
1343 560 1563 623 principes
1589 561 1798 606 exercitus
1823 560 1880 606 ad
1905 560 1987 607 do-

598 631 767 676 minum
800 630 996 695 legatum
1033 646 1312 676 cucurrerunt
1335 632 1381 676 &
1407 629 1607 677 dixerunt
1639 632 1696 678 ei:
1738 636 1988 692 Erravimus,

597 705 772 758 domine,
791 707 932 762 iniuste
952 706 1126 763 egimus,
1147 705 1400 762 iniquitatem
1409 706 1605 762 fecimus,
1633 707 1846 761 intercede,
1866 723 1988 766 pater

595 777 744 832 sanae,
763 794 841 836 pro
860 778 988 831 nobis,
1015 794 1106 820 nam
1130 793 1237 820 mare
1251 779 1391 837 fregit
1406 777 1606 836 foffatum
1630 781 1816 836 nostrum,
1846 777 1886 822 ἃ
1905 796 1988 823 om-

598 865 665 891 nes
689 851 930 892 moriemur!
974 849 1084 892 Unde
1108 849 1322 906 credimus,
1357 850 1463 907 quod
1499 866 1685 909 magnum
1702 865 1911 909 peccatum
1937 854 1988 910 ef!

598 923 638 963 in
662 920 791 974 nobis,
829 919 868 963 ὃ»
884 921 1103 979 servicium
1137 923 1305 978 nostrum
1331 937 1407 964 non
1433 923 1525 964 ‘Deo
1542 920 1694 980 placet.
1737 922 1876 981 Quare
1899 925 1987 966 ani-

598 1008 683 1034 mas
720 994 810 1035 ‘Deo
847 992 1210 1036 recommendamus
1241 991 1281 1035 6²
1297 991 1561 1052 sandiiffimis
1598 994 1778 1036 manibus
1815 996 1987 1052 vestris!

597 1059 837 1124 Respondit
873 1061 1079 1107 dominus
1112 1062 1304 1126 legatus:
1346 1063 1446 1119 Filij
1482 1067 1574 1120 mei,
1622 1067 1826 1108 Dominus
1864 1068 1990 1124 nqsler

597 1150 763 1194 temptat
795 1151 880 1191 vos,
917 1135 1043 1179 nolite
1078 1138 1232 1191 timere,
1272 1138 1327 1179 ite
1359 1138 1439 1178 cito
1472 1134 1512 1178 ὃ*
1545 1138 1758 1193 interficite
1788 1153 1923 1195 equos,
1949 1137 1989 1181 6⁴

585 1205 836 1266 sanffliffimu
861 1223 1043 1266 corpora,
1069 1225 1142 1265 que
1166 1223 1307 1250 natant
1323 1224 1399 1267 per
1418 1224 1575 1265 aquam,
1599 1209 1771 1268 accipite
1795 1207 1836 1252 ὃ
1855 1211 1986 1268 proii-

597 1279 670 1321 cite
696 1280 736 1320 in
762 1278 841 1321 illa
869 1295 990 1339 parte
1009 1279 1175 1338 foffati,
1216 1280 1282 1322 ubi
1305 1295 1414 1322 mare
1448 1281 1635 1339 impetum
1651 1281 1794 1338 facit!
1842 1282 1989 1325 Ponite

596 1366 747 1408 quoque
784 1350 871 1393 vela
907 1354 1082 1406 navium,
1120 1366 1162 1394 ut
1184 1367 1260 1394 non
1285 1350 1404 1410 poffit
1428 1368 1530 1409 aqua
1555 1351 1766 1395 corrodere
1778 1351 1986 1411 sabulum,

597 1419 637 1464 ὃ»
649 1425 710 1481 fic
746 1421 1026 1465 liberabimur!
1063 1418 1134 1465 Ad
1159 1418 1283 1482 quod
1314 1419 1566 1466 faciendum
1602 1437 1757 1466 omnes
1792 1437 1990 1467 cucurre-

596 1507 695 1536 runt
730 1492 776 1536 ὃς
801 1508 938 1554 equos
972 1493 1018 1536 &
1042 1491 1232 1537 cortinas
1262 1492 1307 1537 ὃς
1340 1491 1438 1538 vela
1476 1507 1577 1537 ante
1611 1492 1827 1555 impetum
1859 1494 1989 1539 maris

596 1563 834 1625 posuerunt
867 1566 912 1609 ὃς
945 1562 1129 1611 evadere
1153 1562 1380 1627 putabant.
1417 1565 1635 1610 Veniente
1669 1581 1817 1611 autem
1853 1567 1988 1612 tercio

452 1645 526 1674 Dee·
546 1654 572 1673 2-
596 1634 666 1681 die
688 1636 749 1680 ira
768 1637 895 1681 maris
918 1638 1033 1698 cepit
1052 1652 1197 1699 partes
1217 1634 1360 1681 fossati
1379 1635 1563 1694 diruere,
1588 1637 1633 1682 ὃς
1653 1653 1757 1682 tunc
1776 1654 1989 1700 tanquam

597 1707 808 1771 desperati
834 1709 989 1754 ivimus
1014 1707 1070 1753 ad
1090 1707 1326 1753 dominum
1349 1707 1546 1771 legatum
1571 1709 1770 1754 morituri
1806 1726 1909 1755 cum
1933 1728 1987 1756 eo

596 1782 641 1826 ὃς
665 1781 780 1825 circa
802 1778 938 1842 pedes
963 1781 1064 1826 eius.
1091 1779 1211 1825 Cum
1236 1795 1384 1825 autem
1407 1779 1605 1825 venimus
1632 1796 1731 1825 ante
1751 1798 1866 1839 eum,
1892 1782 1987 1845 plo-

597 1850 737 1897 rando
759 1850 964 1897 diximus:
986 1852 1213 1911 DOMINE,
1232 1863 1397 1897 SALVA
1412 1863 1517 1911 NOS,
1537 1856 1776 1900 PERIMUS!
1797 1851 1987 1914 (March,

596 1937 700 1983 VIII,
723 1929 821 1986 25.)
847 1923 892 1968 Et
910 1923 998 1985 ipse
1016 1922 1271 1969 lacrimabili
1292 1939 1404 1970 voce
1423 1922 1667 1985 respondit:
1689 1927 1837 1970 Eamus
1855 1944 1989 1971 omnes

596 1996 880 2057 adfoffatum!
895 1995 940 2040 Et
956 1996 1046 2058 ipse
1059 1996 1237 2041 veniens
1257 1995 1382 2058 supra
1403 1993 1623 2055 foffatum,
1642 1997 1687 2042 in
1707 2013 1834 2042 cruce
1856 1996 1897 2041 se
1917 2014 1987 2042 ex-

597 2067 736 2114 tendit
761 2068 885 2130 super
910 2084 1068 2113 terram
1091 2069 1137 2113 ὃς
1161 2066 1444 2130 discooperto
1471 2068 1613 2130 capite
1636 2067 1860 2115 clamavit:
1897 2073 1986 2114 Do-

597 2144 701 2185 mine
724 2142 838 2201 Ilzesu
859 2141 1029 2198 Christe,
1053 2144 1122 2200 qui
1146 2144 1339 2185 excitatus
1368 2159 1390 2184 a
1413 2143 1549 2198 Petro,
1575 2158 1661 2184 cum
1687 2143 1774 2184 eius
1798 2143 1985 2185 navicula

597 2228 852 2273 mergeretur,
894 2213 1144 2273 respondisti,
1187 2211 1389 2256 MODICE
1431 2223 1583 2269 FIDEI,
1624 2224 1801 2262 QUARE
1844 2224 1986 2258 DUBI-

597 2295 771 2342 TASTI,
794 2283 832 2327 ἃ
845 2287 986 2341 statim
1013 2287 1215 2345 imperasti
1241 2288 1383 2339 ventis,
1410 2296 1480 2329 ET
1503 2296 1685 2330 FACTA
1705 2296 1797 2330 EST
1817 2295 1985 2330 TRAN-

598 2366 870 2406 QUILLITAS
899 2366 1061 2400 MARIS
1097 2355 1286 2415 (Marah,
1314 2368 1417 2414 vni,
1448 2354 1530 2414 263
1562 2369 1663 2413 xlv,
1692 2358 1793 2419 31),
1829 2358 1986 2401 intende

597 2445 694 2472 nunc
716 2429 910 2488 benignus
922 2429 1049 2487 super
1067 2430 1279 2472 exercitum
1305 2431 1415 2486 istum
1434 2427 1474 2471 &e
1495 2432 1647 2489 impera
1667 2431 1770 2473 mari
1788 2427 1828 2472 ὃ*
1839 2431 1984 2488 fluvio,

597 2500 638 2545 6³
665 2516 914 2545 convertatur
937 2501 991 2543 ad
1016 2500 1145 2544 locum
1158 2500 1280 2559 suum
1307 2501 1552 2560 retrorsum!
1582 2499 1712 2544 Hanc
1736 2500 1985 2544 orationem

599 2570 858 2629 audivimus,
878 2572 937 2627 ὃς,
960 2570 1077 2615 nulla
1101 2568 1351 2633 interpofita
1369 2587 1510 2629 mora,
1534 2571 1735 2633 protinus
1761 2570 1823 2616 sol
1846 2587 1983 2633 appa-

599 2644 680 2689 ruit
705 2641 969 2704 splendidus,
1006 2640 1087 2687 acs1
1122 2642 1264 2705 longo
1301 2658 1499 2704 tempore
1531 2658 1623 2688 non
1648 2640 1833 2705 pluisset,
1869 2643 1982 2687 &in

598 2713 674 2761 illo
695 2712 764 2760 die
783 2713 1027 2779 superficies
1047 2714 1105 2761 est
1123 2712 1235 2761 adeo
1256 2711 1423 2771 siccata,
1451 2711 1574 2777 quod
1594 2714 1746 2760 omnia
1762 2712 1979 2773 victualia,
2001 2728 2021 2759 f.
2038 2738 2086 2771 3¹-

2176 0 2180 22 Ι

2176 28 2183 134 ¹1

2180 137 2183 167 Ι

608 202 623 232 1
638 200 696 248 24
1010 196 1267 230 IOHANNES
1294 197 1359 230 DE
1385 197 1584 231 TULBIA
2181 172 2185 246 l

607 278 772 284 ’ἡ
2183 261 2188 332 ἰ

2186 343 2189 381 Ι

2187 407 2192 512 ἒ

2191 561 2194 579 Ι
