<?xml version="1.0" encoding="UTF-8"?>
<!DOCTYPE html PUBLIC "-//W3C//DTD XHTML 1.0 Transitional//EN"
    "http://www.w3.org/TR/xhtml1/DTD/xhtml1-transitional.dtd">
<html xmlns="http://www.w3.org/1999/xhtml" xml:lang="en" lang="en">
 <head>
  <title>
</title>
<meta http-equiv="Content-Type" content="text/html;charset=utf-8" />
  <meta name='ocr-system' content='tesseract 3.04.00' />
  <meta name='ocr-capabilities' content='ocr_page ocr_carea ocr_par ocr_line ocrx_word'/>
</head>
<body>
  <div class='ocr_page' id='page_1' title='image "./p1itinerahierosoly1tobl_0024.png"; bbox 0 0 2216 3435; ppageno 0'>
   <div class='ocr_carea' id='block_1_1' title="bbox 524 114 1364 172">
    <p class='ocr_par' dir='ltr' id='par_1_1' title="bbox 524 114 1364 172">
     <span class='ocr_line' id='line_1_1' title="bbox 524 114 1364 172; baseline -0.001 -13"><span class='ocrx_word' id='word_1_1' title='bbox 524 114 606 172; x_wconf 83' lang='lat' dir='ltr'><em>xxij</em></span> <span class='ocrx_word' id='word_1_2' title='bbox 1066 123 1364 158; x_wconf 83' lang='lat' dir='ltr'>PRAEFATIO.</span> 
     </span>
    </p>
   </div>
   <div class='ocr_carea' id='block_1_2' title="bbox 510 271 1924 1842">
    <p class='ocr_par' dir='ltr' id='par_1_2' title="bbox 510 271 1924 1309">
     <span class='ocr_line' id='line_1_2' title="bbox 522 271 1917 330; baseline 0.003 -20"><span class='ocrx_word' id='word_1_3' title='bbox 522 271 729 325; x_wconf 80' lang='lat' dir='ltr'><em>legerimus,</em></span> <span class='ocrx_word' id='word_1_4' title='bbox 757 271 990 329; x_wconf 83' lang='lat' dir='ltr'><em>agnoscemus</em></span> <span class='ocrx_word' id='word_1_5' title='bbox 1019 287 1099 311; x_wconf 90' lang='lat' dir='ltr'><em>eam</em></span> <span class='ocrx_word' id='word_1_6' title='bbox 1130 271 1313 324; x_wconf 83' lang='lat' dir='ltr'><em>quoddam</em></span> <span class='ocrx_word' id='word_1_7' title='bbox 1339 272 1465 330; x_wconf 89' lang='lat' dir='ltr'><em>perse</em></span> <span class='ocrx_word' id='word_1_8' title='bbox 1483 271 1687 328; x_wconf 82' lang='lat' dir='ltr'><em>singulare</em></span> <span class='ocrx_word' id='word_1_9' title='bbox 1717 282 1802 327; x_wconf 89' lang='lat' dir='ltr'><em>opus</em></span> <span class='ocrx_word' id='word_1_10' title='bbox 1834 275 1917 330; x_wconf 77' lang='lat' dir='ltr'><em>effi,</em></span> 
     </span>
     <span class='ocr_line' id='line_1_3' title="bbox 523 336 1917 393; baseline 0.003 -17"><span class='ocrx_word' id='word_1_11' title='bbox 523 337 622 391; x_wconf 90' lang='lat' dir='ltr'><em>quod</em></span> <span class='ocrx_word' id='word_1_12' title='bbox 638 337 888 377; x_wconf 90' lang='lat' dir='ltr'><em>tantummodo</em></span> <span class='ocrx_word' id='word_1_13' title='bbox 910 337 947 376; x_wconf 86' lang='lat' dir='ltr'><em>in</em></span> <span class='ocrx_word' id='word_1_14' title='bbox 965 336 1190 393; x_wconf 86' lang='lat' dir='ltr'><em>Londinenst</em></span> <span class='ocrx_word' id='word_1_15' title='bbox 1201 339 1246 378; x_wconf 63' lang='grc' dir='ltr'><em>ἔθ’</em></span> <span class='ocrx_word' id='word_1_16' title='bbox 1263 336 1460 378; x_wconf 86' lang='lat' dir='ltr'><em>Lovanien</em></span> <span class='ocrx_word' id='word_1_17' title='bbox 1456 336 1497 393; x_wconf 85' lang='lat' dir='ltr'><em>st</em></span> <span class='ocrx_word' id='word_1_18' title='bbox 1511 338 1688 378; x_wconf 87' lang='lat' dir='ltr'><em>codicibus</em></span> <span class='ocrx_word' id='word_1_19' title='bbox 1713 340 1917 393; x_wconf 86' lang='lat' dir='ltr'><em>reperitur,</em></span> 
     </span>
     <span class='ocr_line' id='line_1_4' title="bbox 523 402 1919 462; baseline 0.003 -20"><span class='ocrx_word' id='word_1_20' title='bbox 523 417 673 456; x_wconf 88' lang='lat' dir='ltr'><em>eamque</em></span> <span class='ocrx_word' id='word_1_21' title='bbox 693 402 875 458; x_wconf 86' lang='lat' dir='ltr'><em>posterius</em></span> <span class='ocrx_word' id='word_1_22' title='bbox 900 403 1019 458; x_wconf 72' lang='lat' dir='ltr'><em>nestro</em></span> <span class='ocrx_word' id='word_1_23' title='bbox 1039 403 1140 456; x_wconf 89' lang='lat' dir='ltr'><em>operi</em></span> <span class='ocrx_word' id='word_1_24' title='bbox 1160 403 1375 443; x_wconf 67' lang='lat' dir='ltr'><em>adiunctam</em></span> <span class='ocrx_word' id='word_1_25' title='bbox 1400 402 1522 457; x_wconf 73' lang='lat' dir='ltr'><em>futſje</em></span> <span class='ocrx_word' id='word_1_26' title='bbox 1539 403 1801 462; x_wconf 90' lang='lat' dir='ltr'><em>suspicamur.</em></span> <span class='ocrx_word' id='word_1_27' title='bbox 1840 405 1919 460; x_wconf 87' lang='lat' dir='ltr'><em>Ego</em></span> 
     </span>
     <span class='ocr_line' id='line_1_5' title="bbox 522 467 1918 527; baseline 0.002 -19"><span class='ocrx_word' id='word_1_28' title='bbox 522 468 664 521; x_wconf 87' lang='lat' dir='ltr'><em>quidem</em></span> <span class='ocrx_word' id='word_1_29' title='bbox 686 468 769 508; x_wconf 87' lang='lat' dir='ltr'><em>olim</em></span> <span class='ocrx_word' id='word_1_30' title='bbox 789 467 896 508; x_wconf 90' lang='lat' dir='ltr'><em>huius</em></span> <span class='ocrx_word' id='word_1_31' title='bbox 911 468 1122 524; x_wconf 82' lang='lat' dir='ltr'><em>posterioris</em></span> <span class='ocrx_word' id='word_1_32' title='bbox 1143 468 1310 525; x_wconf 87' lang='lat' dir='ltr'><em>opusculi</em></span> <span class='ocrx_word' id='word_1_33' title='bbox 1316 469 1560 527; x_wconf 89' lang='lat' dir='ltr'><em>scripturam</em></span> <span class='ocrx_word' id='word_1_34' title='bbox 1589 470 1810 522; x_wconf 84' lang='lat' dir='ltr'><em>temporibus</em></span> <span class='ocrx_word' id='word_1_35' title='bbox 1829 471 1918 522; x_wconf 86' lang='lat' dir='ltr'><em>illis,</em></span> 
     </span>
     <span class='ocr_line' id='line_1_6' title="bbox 523 533 1918 592; baseline 0.003 -19"><span class='ocrx_word' id='word_1_36' title='bbox 523 549 606 587; x_wconf 84' lang='lat' dir='ltr'><em>quae</em></span> <span class='ocrx_word' id='word_1_37' title='bbox 614 534 760 592; x_wconf 91' lang='lat' dir='ltr'><em>sacras</em></span> <span class='ocrx_word' id='word_1_38' title='bbox 778 534 1017 588; x_wconf 82' lang='lat' dir='ltr'><em>expeditiones</em></span> <span class='ocrx_word' id='word_1_39' title='bbox 1042 534 1159 589; x_wconf 90' lang='lat' dir='ltr'><em>paulo</em></span> <span class='ocrx_word' id='word_1_40' title='bbox 1192 533 1476 589; x_wconf 71' lang='lat' dir='ltr'><em>anteceſjerunt,</em></span> <span class='ocrx_word' id='word_1_41' title='bbox 1508 535 1662 575; x_wconf 84' lang='lat' dir='ltr'><em>libenter</em></span> <span class='ocrx_word' id='word_1_42' title='bbox 1697 535 1918 592; x_wconf 71' lang='lat' dir='ltr'><em>tribuiffiem,</em></span> 
     </span>
     <span class='ocr_line' id='line_1_7' title="bbox 512 598 1919 657; baseline 0.002 -19"><span class='ocrx_word' id='word_1_43' title='bbox 512 599 589 657; x_wconf 89' lang='lat' dir='ltr'><em>sed</em></span> <span class='ocrx_word' id='word_1_44' title='bbox 623 598 761 640; x_wconf 90' lang='lat' dir='ltr'><em>diutius</em></span> <span class='ocrx_word' id='word_1_45' title='bbox 799 599 993 639; x_wconf 77' lang='lat' dir='ltr'><em>meditanti</em></span> <span class='ocrx_word' id='word_1_46' title='bbox 1029 607 1169 639; x_wconf 88' lang='lat' dir='ltr'><em>certum</em></span> <span class='ocrx_word' id='word_1_47' title='bbox 1214 598 1339 657; x_wconf 87' lang='lat' dir='ltr'><em>visum</em></span> <span class='ocrx_word' id='word_1_48' title='bbox 1373 600 1433 654; x_wconf 90' lang='lat' dir='ltr'><em>est,</em></span> <span class='ocrx_word' id='word_1_49' title='bbox 1470 599 1571 639; x_wconf 87' lang='lat' dir='ltr'><em>illud</em></span> <span class='ocrx_word' id='word_1_50' title='bbox 1600 599 1703 639; x_wconf 83' lang='lat' dir='ltr'><em>circa</em></span> <span class='ocrx_word' id='word_1_51' title='bbox 1744 610 1919 642; x_wconf 85' lang='lat' dir='ltr'><em>extremos</em></span> 
     </span>
     <span class='ocr_line' id='line_1_8' title="bbox 523 662 1924 723; baseline 0.003 -19"><span class='ocrx_word' id='word_1_52' title='bbox 523 663 620 704; x_wconf 86' lang='lat' dir='ltr'><em>XII</em></span> <span class='ocrx_word' id='word_1_53' title='bbox 623 664 763 723; x_wconf 84' lang='lat' dir='ltr'><em>saeculi</em></span> <span class='ocrx_word' id='word_1_54' title='bbox 779 679 891 704; x_wconf 81' lang='lat' dir='ltr'><em>annos</em></span> <span class='ocrx_word' id='word_1_55' title='bbox 906 674 1025 718; x_wconf 86' lang='lat' dir='ltr'><em>compo</em></span> <span class='ocrx_word' id='word_1_56' title='bbox 1019 662 1136 719; x_wconf 86' lang='lat' dir='ltr'><em>situm</em></span> <span class='ocrx_word' id='word_1_57' title='bbox 1140 664 1278 720; x_wconf 81' lang='lat' dir='ltr'><em>fuiffl¹</em></span> <span class='ocrx_word' id='word_1_58' title='bbox 1298 663 1552 705; x_wconf 87' lang='lat' dir='ltr'><em>Inveniuntur</em></span> <span class='ocrx_word' id='word_1_59' title='bbox 1568 666 1712 718; x_wconf 88' lang='lat' dir='ltr'><em>quidem</em></span> <span class='ocrx_word' id='word_1_60' title='bbox 1725 665 1802 706; x_wconf 88' lang='lat' dir='ltr'><em>iam</em></span> <span class='ocrx_word' id='word_1_61' title='bbox 1817 669 1924 720; x_wconf 88' lang='lat' dir='ltr'><em>apud</em></span> 
     </span>
     <span class='ocr_line' id='line_1_9' title="bbox 522 728 1920 784; baseline 0.003 -14"><span class='ocrx_word' id='word_1_62' title='bbox 522 729 810 784; x_wconf 82' lang='lat' dir='ltr'><em>Hieronymum,</em></span> <span class='ocrx_word' id='word_1_63' title='bbox 838 730 876 769; x_wconf 91' lang='lat' dir='ltr'><em>in</em></span> <span class='ocrx_word' id='word_1_64' title='bbox 904 730 953 784; x_wconf 87' lang='lat'><em>78</em></span> <span class='ocrx_word' id='word_1_65' title='bbox 976 728 1159 783; x_wconf 85' lang='lat' dir='ltr'><em>Epistola</em></span> <span class='ocrx_word' id='word_1_66' title='bbox 1189 730 1244 770; x_wconf 86' lang='lat' dir='ltr'><em>ad</em></span> <span class='ocrx_word' id='word_1_67' title='bbox 1260 729 1470 781; x_wconf 87' lang='lat' dir='ltr'><em>Fabiolam,</em></span> <span class='ocrx_word' id='word_1_68' title='bbox 1499 742 1551 783; x_wconf 87' lang='lat'><em>42</em></span> <span class='ocrx_word' id='word_1_69' title='bbox 1580 730 1660 770; x_wconf 86' lang='lat' dir='ltr'><em>illae</em></span> <span class='ocrx_word' id='word_1_70' title='bbox 1691 730 1920 774; x_wconf 88' lang='lat' dir='ltr'><em>manfiones</em></span> 
     </span>
     <span class='ocr_line' id='line_1_10' title="bbox 524 794 1921 853; baseline 0.004 -19"><span class='ocrx_word' id='word_1_71' title='bbox 524 794 792 853; x_wconf 89' lang='lat' dir='ltr'><em>Israelitarum</em></span> <span class='ocrx_word' id='word_1_72' title='bbox 812 796 849 834; x_wconf 90' lang='lat' dir='ltr'><em>in</em></span> <span class='ocrx_word' id='word_1_73' title='bbox 871 796 1036 853; x_wconf 69' lang='lat' dir='ltr'><em>deserto,-</em></span> <span class='ocrx_word' id='word_1_74' title='bbox 1053 795 1091 835; x_wconf 90' lang='lat' dir='ltr'><em>in</em></span> <span class='ocrx_word' id='word_1_75' title='bbox 1112 795 1175 835; x_wconf 89' lang='lat' dir='ltr'><em>illo</em></span> <span class='ocrx_word' id='word_1_76' title='bbox 1196 805 1317 836; x_wconf 87' lang='lat' dir='ltr'><em>tamen</em></span> <span class='ocrx_word' id='word_1_77' title='bbox 1339 796 1471 847; x_wconf 88' lang='lat' dir='ltr'><em>libello,</em></span> <span class='ocrx_word' id='word_1_78' title='bbox 1489 797 1689 836; x_wconf 83' lang='lat' dir='ltr'><em>narrandi</em></span> <span class='ocrx_word' id='word_1_79' title='bbox 1703 799 1801 838; x_wconf 90' lang='lat' dir='ltr'><em>ratio</em></span> <span class='ocrx_word' id='word_1_80' title='bbox 1816 798 1921 852; x_wconf 87' lang='lat' dir='ltr'><em>longe</em></span> 
     </span>
     <span class='ocr_line' id='line_1_11' title="bbox 523 861 1921 923; baseline 0.002 -22"><span class='ocrx_word' id='word_1_81' title='bbox 523 861 603 901; x_wconf 89' lang='lat' dir='ltr'><em>alia</em></span> <span class='ocrx_word' id='word_1_82' title='bbox 631 863 690 917; x_wconf 90' lang='grc' dir='ltr'><em>ιβ.</em></span> <span class='ocrx_word' id='word_1_83' title='bbox 722 861 950 915; x_wconf 83' lang='lat' dir='ltr'><em>Frequenter</em></span> <span class='ocrx_word' id='word_1_84' title='bbox 976 861 1070 900; x_wconf 88' lang='lat' dir='ltr'><em>enim</em></span> <span class='ocrx_word' id='word_1_85' title='bbox 1091 877 1133 901; x_wconf 90' lang='lat' dir='ltr'><em>ex</em></span> <span class='ocrx_word' id='word_1_86' title='bbox 1163 870 1260 901; x_wconf 86' lang='lat' dir='ltr'><em>textu</em></span> <span class='ocrx_word' id='word_1_87' title='bbox 1291 861 1456 901; x_wconf 86' lang='lat' dir='ltr'><em>citantur</em></span> <span class='ocrx_word' id='word_1_88' title='bbox 1485 861 1555 901; x_wconf 90' lang='lat' dir='ltr'><em>loci</em></span> <span class='ocrx_word' id='word_1_89' title='bbox 1585 877 1741 915; x_wconf 90' lang='lat' dir='ltr'><em>quorum</em></span> <span class='ocrx_word' id='word_1_90' title='bbox 1772 864 1921 923; x_wconf 91' lang='lat' dir='ltr'><em>quisque</em></span> 
     </span>
     <span class='ocr_line' id='line_1_12' title="bbox 523 926 1922 982; baseline 0.003 -16"><span class='ocrx_word' id='word_1_91' title='bbox 523 927 702 980; x_wconf 83' lang='lat' dir='ltr'><em>exegetica</em></span> <span class='ocrx_word' id='word_1_92' title='bbox 736 927 878 966; x_wconf 83' lang='lat' dir='ltr'><em>ratione</em></span> <span class='ocrx_word' id='word_1_93' title='bbox 913 926 1148 981; x_wconf 88' lang='lat' dir='ltr'><em>explicatur;</em></span> <span class='ocrx_word' id='word_1_94' title='bbox 1189 927 1376 967; x_wconf 86' lang='lat' dir='ltr'><em>interdum</em></span> <span class='ocrx_word' id='word_1_95' title='bbox 1418 928 1526 967; x_wconf 89' lang='lat' dir='ltr'><em>etiam</em></span> <span class='ocrx_word' id='word_1_96' title='bbox 1566 929 1730 982; x_wconf 88' lang='lat' dir='ltr'><em>propria</em></span> <span class='ocrx_word' id='word_1_97' title='bbox 1772 930 1922 970; x_wconf 88' lang='lat' dir='ltr'><em>nomina</em></span> 
     </span>
     <span class='ocr_line' id='line_1_13' title="bbox 522 992 1922 1047; baseline 0.003 -15"><span class='ocrx_word' id='word_1_98' title='bbox 522 993 789 1047; x_wconf 86' lang='lat' dir='ltr'><em>explanantur.</em></span> <span class='ocrx_word' id='word_1_99' title='bbox 807 992 1014 1032; x_wconf 86' lang='lat' dir='ltr'><em>Secundum</em></span> <span class='ocrx_word' id='word_1_100' title='bbox 1031 1002 1153 1033; x_wconf 84' lang='lat' dir='ltr'><em>autem</em></span> <span class='ocrx_word' id='word_1_101' title='bbox 1175 993 1243 1033; x_wconf 69' lang='lat' dir='ltr'><em>JV.</em></span> <span class='ocrx_word' id='word_1_102' title='bbox 1260 994 1312 1033; x_wconf 86' lang='lat' dir='ltr'><em>A.</em></span> <span class='ocrx_word' id='word_1_103' title='bbox 1330 993 1616 1044; x_wconf 88' lang='lat' dir='ltr'><em>Neumannum,</em></span> <span class='ocrx_word' id='word_1_104' title='bbox 1631 1005 1643 1026; x_wconf 92' lang='lat'>1</span> <span class='ocrx_word' id='word_1_105' title='bbox 1661 993 1699 1033; x_wconf 90' lang='lat' dir='ltr'><em>in</em></span> <span class='ocrx_word' id='word_1_106' title='bbox 1715 995 1922 1036; x_wconf 88' lang='lat' dir='ltr'><em>duodecimo</em></span> 
     </span>
     <span class='ocr_line' id='line_1_14' title="bbox 510 1058 1923 1117; baseline 0.002 -19"><span class='ocrx_word' id='word_1_107' title='bbox 510 1058 657 1117; x_wconf 83' lang='lat' dir='ltr'><em>saeculo</em></span> <span class='ocrx_word' id='word_1_108' title='bbox 679 1059 802 1112; x_wconf 87' lang='lat' dir='ltr'><em>plura</em></span> <span class='ocrx_word' id='word_1_109' title='bbox 818 1059 972 1117; x_wconf 89' lang='lat' dir='ltr'><em>scripta</em></span> <span class='ocrx_word' id='word_1_110' title='bbox 990 1058 1172 1113; x_wconf 85' lang='lat' dir='ltr'><em>fuerunt,</em></span> <span class='ocrx_word' id='word_1_111' title='bbox 1194 1074 1276 1113; x_wconf 80' lang='lat' dir='ltr'><em>quae</em></span> <span class='ocrx_word' id='word_1_112' title='bbox 1305 1058 1531 1099; x_wconf 86' lang='lat' dir='ltr'><em>manfiones</em></span> <span class='ocrx_word' id='word_1_113' title='bbox 1558 1058 1647 1099; x_wconf 90' lang='lat' dir='ltr'><em>illas</em></span> <span class='ocrx_word' id='word_1_114' title='bbox 1679 1060 1923 1113; x_wconf 87' lang='lat' dir='ltr'><em>continebant,</em></span> 
     </span>
     <span class='ocr_line' id='line_1_15' title="bbox 523 1122 1922 1180; baseline 0.004 -19"><span class='ocrx_word' id='word_1_115' title='bbox 523 1131 649 1176; x_wconf 90' lang='lat' dir='ltr'><em>opera,</em></span> <span class='ocrx_word' id='word_1_116' title='bbox 657 1123 805 1180; x_wconf 88' lang='lat' dir='ltr'><em>scilicet</em></span> <span class='ocrx_word' id='word_1_117' title='bbox 823 1140 846 1164; x_wconf 91' lang='lat' dir='ltr'><em>a</em></span> <span class='ocrx_word' id='word_1_118' title='bbox 868 1122 901 1163; x_wconf 88' lang='lat' dir='ltr'>F</span> <span class='ocrx_word' id='word_1_119' title='bbox 904 1123 1063 1175; x_wconf 82' lang='lat' dir='ltr'><em>retello,</em></span> <span class='ocrx_word' id='word_1_120' title='bbox 1094 1126 1139 1165; x_wconf 65' lang='lat'><em>&amp;²</em></span> <span class='ocrx_word' id='word_1_121' title='bbox 1161 1125 1208 1164; x_wconf 87' lang='lat' dir='ltr'><em>ab</em></span> <span class='ocrx_word' id='word_1_122' title='bbox 1227 1124 1291 1164; x_wconf 90' lang='lat' dir='ltr'><em>illo</em></span> <span class='ocrx_word' id='word_1_123' title='bbox 1313 1139 1490 1178; x_wconf 80' lang='lat' dir='ltr'><em>anonymo</em></span> <span class='ocrx_word' id='word_1_124' title='bbox 1512 1131 1662 1165; x_wconf 63' lang='lat' dir='ltr'><em>auetore</em></span> <span class='ocrx_word' id='word_1_125' title='bbox 1682 1140 1787 1178; x_wconf 90' lang='lat' dir='ltr'><em>quem</em></span> <span class='ocrx_word' id='word_1_126' title='bbox 1809 1125 1922 1166; x_wconf 89' lang='lat' dir='ltr'><em>Inno-</em></span> 
     </span>
     <span class='ocr_line' id='line_1_16' title="bbox 522 1188 1922 1247; baseline 0.005 -21"><span class='ocrx_word' id='word_1_127' title='bbox 522 1188 704 1228; x_wconf 87' lang='lat' dir='ltr'><em>minatum</em></span> <span class='ocrx_word' id='word_1_128' title='bbox 730 1188 795 1230; x_wconf 91' lang='lat' dir='ltr'><em>VI</em></span> <span class='ocrx_word' id='word_1_129' title='bbox 819 1189 1051 1230; x_wconf 86' lang='lat' dir='ltr'><em>vocavimus.</em></span> <span class='ocrx_word' id='word_1_130' title='bbox 1085 1190 1251 1230; x_wconf 81' lang='lat' dir='ltr'><em>Brevem</em></span> <span class='ocrx_word' id='word_1_131' title='bbox 1272 1189 1549 1247; x_wconf 69' lang='lat' dir='ltr'><em>descriptionem</em></span> <span class='ocrx_word' id='word_1_132' title='bbox 1580 1190 1688 1231; x_wconf 90' lang='lat' dir='ltr'><em>huius</em></span> <span class='ocrx_word' id='word_1_133' title='bbox 1706 1191 1796 1232; x_wconf 85' lang='lat' dir='ltr'><em>Viae</em></span> <span class='ocrx_word' id='word_1_134' title='bbox 1815 1191 1922 1233; x_wconf 86' lang='lat' dir='ltr'><em>filio-</em></span> 
     </span>
     <span class='ocr_line' id='line_1_17' title="bbox 522 1251 1625 1309; baseline 0.002 -17"><span class='ocrx_word' id='word_1_135' title='bbox 522 1266 612 1292; x_wconf 88' lang='lat' dir='ltr'><em>rum</em></span> <span class='ocrx_word' id='word_1_136' title='bbox 633 1251 751 1293; x_wconf 87' lang='lat' dir='ltr'><em>Israel</em></span> <span class='ocrx_word' id='word_1_137' title='bbox 766 1254 910 1308; x_wconf 86' lang='lat' dir='ltr'><em>publici</em></span> <span class='ocrx_word' id='word_1_138' title='bbox 925 1254 1021 1294; x_wconf 88' lang='lat' dir='ltr'><em>iuris</em></span> <span class='ocrx_word' id='word_1_139' title='bbox 1042 1254 1150 1294; x_wconf 89' lang='lat' dir='ltr'><em>etiam</em></span> <span class='ocrx_word' id='word_1_140' title='bbox 1158 1255 1260 1309; x_wconf 84' lang='lat' dir='ltr'><em>fecit</em></span> <span class='ocrx_word' id='word_1_141' title='bbox 1278 1255 1369 1294; x_wconf 80' lang='lat' dir='ltr'><em>doni.</em></span> <span class='ocrx_word' id='word_1_142' title='bbox 1392 1255 1435 1294; x_wconf 82' lang='lat' dir='ltr'><em>de</em></span> <span class='ocrx_word' id='word_1_143' title='bbox 1456 1253 1495 1296; x_wconf 89' lang='lat' dir='ltr'><em>V</em></span> <span class='ocrx_word' id='word_1_144' title='bbox 1494 1258 1593 1308; x_wconf 78' lang='lat' dir='ltr'><em>ogue‘.</em></span> <span class='ocrx_word' id='word_1_145' title='bbox 1607 1266 1625 1286; x_wconf 84' lang='lat'>2</span> 
     </span>
    </p>

    <p class='ocr_par' dir='ltr' id='par_1_3' title="bbox 528 1318 1922 1441">
     <span class='ocr_line' id='line_1_18' title="bbox 578 1318 1922 1378; baseline 0.005 -20"><span class='ocrx_word' id='word_1_146' title='bbox 578 1318 679 1358; x_wconf 84' lang='lat' dir='ltr'><em>Haec</em></span> <span class='ocrx_word' id='word_1_147' title='bbox 715 1319 847 1360; x_wconf 80' lang='lat' dir='ltr'><em>ultima</em></span> <span class='ocrx_word' id='word_1_148' title='bbox 882 1320 1076 1378; x_wconf 72' lang='lat' dir='ltr'><em>descriptio</em></span> <span class='ocrx_word' id='word_1_149' title='bbox 1105 1321 1150 1359; x_wconf 62' lang='grc' dir='ltr'><em>ἔθ’</em></span> <span class='ocrx_word' id='word_1_150' title='bbox 1178 1320 1261 1370; x_wconf 85' lang='lat' dir='ltr'><em>illa,</em></span> <span class='ocrx_word' id='word_1_151' title='bbox 1282 1335 1395 1373; x_wconf 88' lang='lat' dir='ltr'><em>quam</em></span> <span class='ocrx_word' id='word_1_152' title='bbox 1417 1321 1525 1374; x_wconf 87' lang='lat' dir='ltr'><em>apud</em></span> <span class='ocrx_word' id='word_1_153' title='bbox 1545 1320 1785 1378; x_wconf 76' lang='lat' dir='ltr'><em>Theodosium</em></span> <span class='ocrx_word' id='word_1_154' title='bbox 1812 1325 1922 1366; x_wconf 88' lang='lat' dir='ltr'><em>inve-</em></span> 
     </span>
     <span class='ocr_line' id='line_1_19' title="bbox 528 1384 1578 1441; baseline 0.003 -18"><span class='ocrx_word' id='word_1_155' title='bbox 528 1384 662 1435; x_wconf 87' lang='lat' dir='ltr'><em>nimus,</em></span> <span class='ocrx_word' id='word_1_156' title='bbox 683 1386 731 1425; x_wconf 91' lang='lat' dir='ltr'><em>ab</em></span> <span class='ocrx_word' id='word_1_157' title='bbox 754 1386 916 1425; x_wconf 87' lang='lat' dir='ltr'><em>omnibus</em></span> <span class='ocrx_word' id='word_1_158' title='bbox 938 1386 1021 1426; x_wconf 87' lang='lat' dir='ltr'><em>aliis</em></span> <span class='ocrx_word' id='word_1_159' title='bbox 1041 1385 1130 1426; x_wconf 89' lang='lat' dir='ltr'><em>mihi</em></span> <span class='ocrx_word' id='word_1_160' title='bbox 1139 1386 1364 1441; x_wconf 85' lang='lat' dir='ltr'><em>separanda</em></span> <span class='ocrx_word' id='word_1_161' title='bbox 1385 1386 1578 1427; x_wconf 85' lang='lat' dir='ltr'><em>videntur.</em></span> 
     </span>
    </p>

    <p class='ocr_par' dir='ltr' id='par_1_4' title="bbox 510 1450 1924 1842">
     <span class='ocr_line' id='line_1_20' title="bbox 580 1450 1923 1512; baseline 0.004 -22"><span class='ocrx_word' id='word_1_162' title='bbox 580 1450 624 1490; x_wconf 83' lang='lat' dir='ltr'><em>In</em></span> <span class='ocrx_word' id='word_1_163' title='bbox 636 1451 766 1506; x_wconf 88' lang='lat' dir='ltr'><em>priore</em></span> <span class='ocrx_word' id='word_1_164' title='bbox 787 1450 978 1506; x_wconf 86' lang='lat' dir='ltr'><em>Theodostj</em></span> <span class='ocrx_word' id='word_1_165' title='bbox 992 1452 1109 1505; x_wconf 85' lang='lat' dir='ltr'><em>operis</em></span> <span class='ocrx_word' id='word_1_166' title='bbox 1120 1461 1246 1505; x_wconf 84' lang='lat' dir='ltr'><em>parte,</em></span> <span class='ocrx_word' id='word_1_167' title='bbox 1262 1452 1370 1493; x_wconf 87' lang='lat' dir='ltr'><em>haud</em></span> <span class='ocrx_word' id='word_1_168' title='bbox 1381 1454 1520 1512; x_wconf 83' lang='lat' dir='ltr'><em>absque</em></span> <span class='ocrx_word' id='word_1_169' title='bbox 1539 1470 1681 1508; x_wconf 86' lang='lat' dir='ltr'><em>magna</em></span> <span class='ocrx_word' id='word_1_170' title='bbox 1698 1454 1923 1511; x_wconf 81' lang='lat' dir='ltr'><em>confusione,</em></span> 
     </span>
     <span class='ocr_line' id='line_1_21' title="bbox 524 1517 1923 1575; baseline 0.004 -19"><span class='ocrx_word' id='word_1_171' title='bbox 524 1517 644 1556; x_wconf 85' lang='lat' dir='ltr'><em>omnia</em></span> <span class='ocrx_word' id='word_1_172' title='bbox 679 1526 931 1570; x_wconf 83' lang='lat' dir='ltr'><em>exponuntur,</em></span> <span class='ocrx_word' id='word_1_173' title='bbox 973 1533 1014 1557; x_wconf 89' lang='lat' dir='ltr'><em>ex</em></span> <span class='ocrx_word' id='word_1_174' title='bbox 1048 1533 1115 1571; x_wconf 92' lang='lat' dir='ltr'><em>quo</em></span> <span class='ocrx_word' id='word_1_175' title='bbox 1130 1518 1326 1572; x_wconf 86' lang='lat' dir='ltr'><em>facillime</em></span> <span class='ocrx_word' id='word_1_176' title='bbox 1366 1520 1601 1573; x_wconf 83' lang='lat' dir='ltr'><em>intelligitur,</em></span> <span class='ocrx_word' id='word_1_177' title='bbox 1637 1522 1808 1575; x_wconf 89' lang='lat' dir='ltr'><em>quomodo</em></span> <span class='ocrx_word' id='word_1_178' title='bbox 1844 1522 1923 1562; x_wconf 87' lang='lat' dir='ltr'><em>alia</em></span> 
     </span>
     <span class='ocr_line' id='line_1_22' title="bbox 523 1583 1923 1642; baseline 0.004 -20"><span class='ocrx_word' id='word_1_179' title='bbox 523 1584 696 1637; x_wconf 79' lang='lat' dir='ltr'><em>quaedam</em></span> <span class='ocrx_word' id='word_1_180' title='bbox 713 1583 902 1638; x_wconf 85' lang='lat' dir='ltr'><em>paulatim</em></span> <span class='ocrx_word' id='word_1_181' title='bbox 932 1583 1160 1638; x_wconf 85' lang='lat' dir='ltr'><em>interpolari</em></span> <span class='ocrx_word' id='word_1_182' title='bbox 1187 1600 1212 1624; x_wconf 93' lang='lat' dir='ltr'><em>a</em></span> <span class='ocrx_word' id='word_1_183' title='bbox 1242 1585 1579 1642; x_wconf 79' lang='lat' dir='ltr'><em>transcriptoribus</em></span> <span class='ocrx_word' id='word_1_184' title='bbox 1599 1588 1800 1641; x_wconf 84' lang='lat' dir='ltr'><em>potuerint.</em></span> <span class='ocrx_word' id='word_1_185' title='bbox 1824 1587 1923 1627; x_wconf 86' lang='lat' dir='ltr'><em>Con-</em></span> 
     </span>
     <span class='ocr_line' id='line_1_23' title="bbox 510 1648 1923 1710; baseline 0.003 -23"><span class='ocrx_word' id='word_1_186' title='bbox 510 1648 698 1704; x_wconf 77' lang='lat' dir='ltr'><em>fusionem</em></span> <span class='ocrx_word' id='word_1_187' title='bbox 723 1648 830 1688; x_wconf 88' lang='lat' dir='ltr'><em>illam</em></span> <span class='ocrx_word' id='word_1_188' title='bbox 849 1649 887 1688; x_wconf 89' lang='lat' dir='ltr'><em>in</em></span> <span class='ocrx_word' id='word_1_189' title='bbox 904 1649 1097 1702; x_wconf 89' lang='lat' dir='ltr'><em>prioribus</em></span> <span class='ocrx_word' id='word_1_190' title='bbox 1117 1650 1243 1705; x_wconf 82' lang='lat' dir='ltr'><em>nostris</em></span> <span class='ocrx_word' id='word_1_191' title='bbox 1263 1651 1476 1691; x_wconf 85' lang='lat' dir='ltr'><em>editionibus</em></span> <span class='ocrx_word' id='word_1_192' title='bbox 1497 1653 1703 1710; x_wconf 81' lang='lat' dir='ltr'><em>observare</em></span> <span class='ocrx_word' id='word_1_193' title='bbox 1735 1654 1834 1693; x_wconf 88' lang='lat' dir='ltr'><em>nobis</em></span> <span class='ocrx_word' id='word_1_194' title='bbox 1853 1668 1923 1692; x_wconf 92' lang='lat' dir='ltr'><em>non</em></span> 
     </span>
     <span class='ocr_line' id='line_1_24' title="bbox 523 1714 1924 1772; baseline 0.002 -17"><span class='ocrx_word' id='word_1_195' title='bbox 523 1715 710 1760; x_wconf 85' lang='lat' dir='ltr'><em>licuerat;</em></span> <span class='ocrx_word' id='word_1_196' title='bbox 742 1728 839 1753; x_wconf 89' lang='lat' dir='ltr'><em>nunc</em></span> <span class='ocrx_word' id='word_1_197' title='bbox 870 1724 992 1754; x_wconf 87' lang='lat' dir='ltr'><em>autem</em></span> <span class='ocrx_word' id='word_1_198' title='bbox 1011 1714 1094 1770; x_wconf 84' lang='lat' dir='ltr'><em>stne</em></span> <span class='ocrx_word' id='word_1_199' title='bbox 1118 1716 1285 1769; x_wconf 86' lang='lat' dir='ltr'><em>periculo</em></span> <span class='ocrx_word' id='word_1_200' title='bbox 1311 1716 1505 1770; x_wconf 63' lang='lat' dir='ltr'><em>postumus</em></span> <span class='ocrx_word' id='word_1_201' title='bbox 1532 1718 1696 1758; x_wconf 88' lang='lat' dir='ltr'><em>ordinem</em></span> <span class='ocrx_word' id='word_1_202' title='bbox 1729 1718 1924 1772; x_wconf 84' lang='lat' dir='ltr'><em>quemdam</em></span> 
     </span>
     <span class='ocr_line' id='line_1_25' title="bbox 523 1781 1922 1842; baseline 0.002 -21"><span class='ocrx_word' id='word_1_203' title='bbox 523 1781 727 1835; x_wconf 73' lang='lat' dir='ltr'><em>restituere,</em></span> <span class='ocrx_word' id='word_1_204' title='bbox 766 1795 833 1834; x_wconf 86' lang='lat' dir='ltr'><em>que</em></span> <span class='ocrx_word' id='word_1_205' title='bbox 867 1781 1075 1820; x_wconf 81' lang='lat' dir='ltr'><em>adiuvante</em></span> <span class='ocrx_word' id='word_1_206' title='bbox 1108 1782 1228 1822; x_wconf 84' lang='lat' dir='ltr'><em>multa</em></span> <span class='ocrx_word' id='word_1_207' title='bbox 1261 1782 1444 1824; x_wconf 63' lang='lat' dir='ltr'><em>intellectu</em></span> <span class='ocrx_word' id='word_1_208' title='bbox 1470 1784 1665 1837; x_wconf 90' lang='lat' dir='ltr'><em>faciliora</em></span> <span class='ocrx_word' id='word_1_209' title='bbox 1703 1784 1922 1842; x_wconf 87' lang='lat' dir='ltr'><em>evaserunt.</em></span> 
     </span>
    </p>
   </div>
   <div class='ocr_carea' id='block_1_3' title="bbox 523 1845 1924 1966">
    <p class='ocr_par' dir='ltr' id='par_1_5' title="bbox 523 1845 1924 1966">
     <span class='ocr_line' id='line_1_26' title="bbox 524 1845 1924 1908; baseline 0.002 -23"><span class='ocrx_word' id='word_1_210' title='bbox 524 1845 675 1885; x_wconf 88' lang='lat' dir='ltr'><em>Summa</em></span> <span class='ocrx_word' id='word_1_211' title='bbox 695 1854 817 1885; x_wconf 84' lang='lat' dir='ltr'><em>tamen</em></span> <span class='ocrx_word' id='word_1_212' title='bbox 848 1854 961 1898; x_wconf 85' lang='lat' dir='ltr'><em>opera</em></span> <span class='ocrx_word' id='word_1_213' title='bbox 991 1854 1166 1885; x_wconf 88' lang='lat' dir='ltr'><em>curatum</em></span> <span class='ocrx_word' id='word_1_214' title='bbox 1197 1847 1257 1902; x_wconf 77' lang='lat' dir='ltr'><em>est,</em></span> <span class='ocrx_word' id='word_1_215' title='bbox 1289 1862 1334 1886; x_wconf 84' lang='lat' dir='ltr'><em>ne</em></span> <span class='ocrx_word' id='word_1_216' title='bbox 1354 1848 1557 1901; x_wconf 87' lang='lat' dir='ltr'><em>quidquam</em></span> <span class='ocrx_word' id='word_1_217' title='bbox 1585 1865 1609 1889; x_wconf 93' lang='lat' dir='ltr'><em>a</em></span> <span class='ocrx_word' id='word_1_218' title='bbox 1637 1850 1737 1891; x_wconf 89' lang='lat' dir='ltr'><em>nobis</em></span> <span class='ocrx_word' id='word_1_219' title='bbox 1764 1849 1924 1908; x_wconf 88' lang='lat' dir='ltr'><em>recisum</em></span> 
     </span>
     <span class='ocr_line' id='line_1_27' title="bbox 523 1910 967 1966; baseline -0.005 -15"><span class='ocrx_word' id='word_1_220' title='bbox 523 1928 538 1952; x_wconf 88' lang='lat' dir='ltr'><em>e</em></span> <span class='ocrx_word' id='word_1_221' title='bbox 558 1920 656 1951; x_wconf 87' lang='lat' dir='ltr'><em>textu</em></span> <span class='ocrx_word' id='word_1_222' title='bbox 677 1910 967 1966; x_wconf 84' lang='lat' dir='ltr'><em>destderaretur.</em></span> 
     </span>
    </p>
   </div>
   <div class='ocr_carea' id='block_1_4' title="bbox 513 2017 1925 2538">
    <p class='ocr_par' dir='ltr' id='par_1_6' title="bbox 576 2017 1152 2076">
     <span class='ocr_line' id='line_1_28' title="bbox 576 2017 1152 2076; baseline -0.002 -17"><span class='ocrx_word' id='word_1_223' title='bbox 576 2019 654 2060; x_wconf 85' lang='lat' dir='ltr'><em>His</em></span> <span class='ocrx_word' id='word_1_224' title='bbox 675 2017 873 2076; x_wconf 85' lang='lat' dir='ltr'><em>ustsumus</em></span> <span class='ocrx_word' id='word_1_225' title='bbox 894 2031 1123 2059; x_wconf 87' lang='lat' dir='ltr'>CODICIBUS</span> <span class='ocrx_word' id='word_1_226' title='bbox 1144 2033 1152 2058; x_wconf 88' lang='lat'>:</span> 
     </span>
    </p>

    <p class='ocr_par' dir='ltr' id='par_1_7' title="bbox 522 2084 1924 2276">
     <span class='ocr_line' id='line_1_29' title="bbox 577 2084 1917 2143; baseline 0.003 -19"><span class='ocrx_word' id='word_1_227' title='bbox 577 2100 610 2125; x_wconf 89' lang='lat' dir='ltr'><em>a.</em></span> <span class='ocrx_word' id='word_1_228' title='bbox 631 2085 751 2124; x_wconf 87' lang='lat' dir='ltr'><em>Codex</em></span> <span class='ocrx_word' id='word_1_229' title='bbox 770 2085 808 2124; x_wconf 86' lang='lat' dir='ltr'><em>in</em></span> <span class='ocrx_word' id='word_1_230' title='bbox 831 2084 1041 2126; x_wconf 88' lang='lat' dir='ltr'><em>bibliotheca</em></span> <span class='ocrx_word' id='word_1_231' title='bbox 1062 2085 1186 2126; x_wconf 69' lang='lat' dir='ltr'><em>Saneti</em></span> <span class='ocrx_word' id='word_1_232' title='bbox 1207 2085 1328 2138; x_wconf 89' lang='lat' dir='ltr'><em>Galli,</em></span> <span class='ocrx_word' id='word_1_233' title='bbox 1345 2089 1664 2140; x_wconf 87' lang='lat' dir='ltr'><em>membranaceus,</em></span> <span class='ocrx_word' id='word_1_234' title='bbox 1681 2100 1772 2143; x_wconf 86' lang='lat'><em>732,</em></span> <span class='ocrx_word' id='word_1_235' title='bbox 1790 2105 1827 2129; x_wconf 91' lang='lat' dir='ltr'><em>a.</em></span> <span class='ocrx_word' id='word_1_236' title='bbox 1843 2088 1890 2130; x_wconf 88' lang='lat'><em>81</em></span> <span class='ocrx_word' id='word_1_237' title='bbox 1902 2101 1917 2128; x_wconf 89' lang='lat'>1</span> 
     </span>
     <span class='ocr_line' id='line_1_30' title="bbox 522 2151 1924 2213; baseline 0.004 -23"><span class='ocrx_word' id='word_1_238' title='bbox 522 2151 757 2208; x_wconf 84' lang='lat' dir='ltr'><em>conscriptus,</em></span> <span class='ocrx_word' id='word_1_239' title='bbox 765 2152 808 2206; x_wconf 90' lang='lat' dir='ltr'><em>f</em></span> <span class='ocrx_word' id='word_1_240' title='bbox 829 2152 998 2206; x_wconf 82' lang='lat'>98-1043</span> <span class='ocrx_word' id='word_1_241' title='bbox 1030 2153 1173 2193; x_wconf 88' lang='lat' dir='ltr'><em>lacunis</em></span> <span class='ocrx_word' id='word_1_242' title='bbox 1200 2154 1334 2208; x_wconf 85' lang='lat' dir='ltr'><em>plenus</em></span> <span class='ocrx_word' id='word_1_243' title='bbox 1355 2155 1417 2210; x_wconf 76' lang='lat' dir='ltr'><em>iste</em></span> <span class='ocrx_word' id='word_1_244' title='bbox 1445 2155 1567 2206; x_wconf 85' lang='lat' dir='ltr'><em>codex,</em></span> <span class='ocrx_word' id='word_1_245' title='bbox 1586 2156 1664 2213; x_wconf 86' lang='lat' dir='ltr'><em>sed</em></span> <span class='ocrx_word' id='word_1_246' title='bbox 1690 2155 1924 2210; x_wconf 89' lang='lat' dir='ltr'><em>antiquitatis</em></span> 
     </span>
     <span class='ocr_line' id='line_1_31' title="bbox 523 2218 1047 2276; baseline 0.002 -19"><span class='ocrx_word' id='word_1_247' title='bbox 523 2218 641 2275; x_wconf 91' lang='lat' dir='ltr'><em>causa</em></span> <span class='ocrx_word' id='word_1_248' title='bbox 662 2218 761 2258; x_wconf 87' lang='lat' dir='ltr'><em>utilis</em></span> <span class='ocrx_word' id='word_1_249' title='bbox 783 2233 828 2257; x_wconf 92' lang='lat' dir='ltr'><em>ac</em></span> <span class='ocrx_word' id='word_1_250' title='bbox 845 2218 1047 2276; x_wconf 83' lang='lat' dir='ltr'><em>preciosus.</em></span> 
     </span>
    </p>

    <p class='ocr_par' dir='ltr' id='par_1_8' title="bbox 523 2283 1925 2409">
     <span class='ocr_line' id='line_1_32' title="bbox 577 2283 1925 2342; baseline 0.004 -20"><span class='ocrx_word' id='word_1_251' title='bbox 577 2283 614 2323; x_wconf 92' lang='lat' dir='ltr'><em>b.</em></span> <span class='ocrx_word' id='word_1_252' title='bbox 637 2283 755 2323; x_wconf 85' lang='lat' dir='ltr'><em>Codex</em></span> <span class='ocrx_word' id='word_1_253' title='bbox 778 2284 816 2322; x_wconf 91' lang='lat' dir='ltr'><em>in</em></span> <span class='ocrx_word' id='word_1_254' title='bbox 838 2283 996 2342; x_wconf 79' lang='lat' dir='ltr'><em>Musaeo</em></span> <span class='ocrx_word' id='word_1_255' title='bbox 1017 2284 1196 2325; x_wconf 76' lang='lat' dir='ltr'><em>Britann.</em></span> <span class='ocrx_word' id='word_1_256' title='bbox 1219 2284 1355 2325; x_wconf 88' lang='lat' dir='ltr'><em>Cotton.</em></span> <span class='ocrx_word' id='word_1_257' title='bbox 1391 2284 1509 2336; x_wconf 85' lang='lat' dir='ltr'><em>Titus,</em></span> <span class='ocrx_word' id='word_1_258' title='bbox 1544 2286 1601 2325; x_wconf 92' lang='lat' dir='ltr'><em>D.</em></span> <span class='ocrx_word' id='word_1_259' title='bbox 1624 2285 1708 2337; x_wconf 86' lang='lat' dir='ltr'><em>III,</em></span> <span class='ocrx_word' id='word_1_260' title='bbox 1728 2286 1837 2341; x_wconf 80' lang='lat' dir='ltr'><em>8⁰,j.</em></span> <span class='ocrx_word' id='word_1_261' title='bbox 1859 2287 1925 2339; x_wconf 86' lang='lat'><em>68,</em></span> 
     </span>
     <span class='ocr_line' id='line_1_33' title="bbox 523 2348 1922 2409; baseline 0.002 -19"><span class='ocrx_word' id='word_1_262' title='bbox 523 2348 878 2407; x_wconf 78' lang='lat' dir='ltr'><em>XIII-XIVsaec.</em></span> <span class='ocrx_word' id='word_1_263' title='bbox 901 2350 1124 2408; x_wconf 66' lang='lat' dir='ltr'><em>llslendosus,</em></span> <span class='ocrx_word' id='word_1_264' title='bbox 1145 2351 1404 2409; x_wconf 84' lang='lat' dir='ltr'><em>confususque,</em></span> <span class='ocrx_word' id='word_1_265' title='bbox 1425 2367 1487 2391; x_wconf 87' lang='lat' dir='ltr'><em>nec</em></span> <span class='ocrx_word' id='word_1_266' title='bbox 1513 2361 1636 2392; x_wconf 88' lang='lat' dir='ltr'><em>tamen</em></span> <span class='ocrx_word' id='word_1_267' title='bbox 1658 2353 1750 2393; x_wconf 91' lang='lat' dir='ltr'><em>adeo</em></span> <span class='ocrx_word' id='word_1_268' title='bbox 1769 2353 1922 2394; x_wconf 88' lang='lat' dir='ltr'><em>inutilis.</em></span> 
     </span>
    </p>

    <p class='ocr_par' dir='ltr' id='par_1_9' title="bbox 513 2415 1925 2538">
     <span class='ocr_line' id='line_1_34' title="bbox 577 2415 1925 2473; baseline 0.003 -17"><span class='ocrx_word' id='word_1_269' title='bbox 577 2431 611 2456; x_wconf 89' lang='lat' dir='ltr'><em>c.</em></span> <span class='ocrx_word' id='word_1_270' title='bbox 633 2416 753 2455; x_wconf 81' lang='lat' dir='ltr'><em>Codex</em></span> <span class='ocrx_word' id='word_1_271' title='bbox 781 2416 818 2454; x_wconf 89' lang='lat' dir='ltr'><em>in</em></span> <span class='ocrx_word' id='word_1_272' title='bbox 849 2415 1062 2456; x_wconf 85' lang='lat' dir='ltr'><em>bibliotheca</em></span> <span class='ocrx_word' id='word_1_273' title='bbox 1093 2416 1360 2473; x_wconf 82' lang='lat' dir='ltr'><em>Univerfitatis</em></span> <span class='ocrx_word' id='word_1_274' title='bbox 1385 2417 1568 2471; x_wconf 75' lang='lat' dir='ltr'><em>Lovanij,</em></span> <span class='ocrx_word' id='word_1_275' title='bbox 1603 2431 1663 2470; x_wconf 87' lang='lat'><em>10,</em></span> <span class='ocrx_word' id='word_1_276' title='bbox 1693 2418 1925 2470; x_wconf 88' lang='lat' dir='ltr'><em>chartaceus,</em></span> 
     </span>
     <span class='ocr_line' id='line_1_35' title="bbox 513 2480 1925 2538; baseline 0.003 -18"><span class='ocrx_word' id='word_1_277' title='bbox 513 2481 607 2538; x_wconf 76' lang='lat' dir='ltr'><em>saec.</em></span> <span class='ocrx_word' id='word_1_278' title='bbox 626 2480 738 2521; x_wconf 80' lang='lat' dir='ltr'><em>XVI</em></span> <span class='ocrx_word' id='word_1_279' title='bbox 753 2482 805 2534; x_wconf 86' lang='lat' dir='ltr'><em>(in</em></span> <span class='ocrx_word' id='word_1_280' title='bbox 826 2482 922 2521; x_wconf 86' lang='lat' dir='ltr'><em>libro</em></span> <span class='ocrx_word' id='word_1_281' title='bbox 946 2481 1130 2537; x_wconf 81' lang='lat' dir='ltr'><em>Gervastj</em></span> <span class='ocrx_word' id='word_1_282' title='bbox 1153 2481 1404 2538; x_wconf 84' lang='lat' dir='ltr'><em>Tilberiensts,</em></span> <span class='ocrx_word' id='word_1_283' title='bbox 1423 2481 1490 2523; x_wconf 85' lang='lat' dir='ltr'><em>De</em></span> <span class='ocrx_word' id='word_1_284' title='bbox 1508 2484 1610 2524; x_wconf 87' lang='lat' dir='ltr'><em>ociis</em></span> <span class='ocrx_word' id='word_1_285' title='bbox 1628 2483 1925 2538; x_wconf 84' lang='lat' dir='ltr'><em>imperialibus,</em></span> 
     </span>
    </p>
   </div>
   <div class='ocr_carea' id='block_1_5' title="bbox 519 2574 1922 2723">
    <p class='ocr_par' dir='ltr' id='par_1_10' title="bbox 519 2574 1922 2723">
     <span class='ocr_line' id='line_1_36' title="bbox 578 2574 1922 2621; baseline 0.004 -16"><span class='ocrx_word' id='word_1_286' title='bbox 578 2586 587 2605; x_wconf 89' lang='lat'>1</span> <span class='ocrx_word' id='word_1_287' title='bbox 619 2575 824 2617; x_wconf 70' lang='lat' dir='ltr'><em>(Effert-eidi.</em></span> <span class='ocrx_word' id='word_1_288' title='bbox 855 2577 885 2609; x_wconf 92' lang='lat' dir='ltr'><em>V</em></span> <span class='ocrx_word' id='word_1_289' title='bbox 885 2574 1184 2620; x_wconf 62' lang='lat' dir='ltr'><em>ierteljalirschrift</em></span> <span class='ocrx_word' id='word_1_290' title='bbox 1315 2591 1333 2611; x_wconf 85' lang='lat'>2</span> <span class='ocrx_word' id='word_1_291' title='bbox 1353 2578 1412 2610; x_wconf 84' lang='lat' dir='ltr'><em>Les</em></span> <span class='ocrx_word' id='word_1_292' title='bbox 1432 2577 1555 2621; x_wconf 85' lang='lat' dir='ltr'><em>Eglises</em></span> <span class='ocrx_word' id='word_1_293' title='bbox 1570 2580 1610 2611; x_wconf 82' lang='lat' dir='ltr'><em>de</em></span> <span class='ocrx_word' id='word_1_294' title='bbox 1627 2577 1661 2611; x_wconf 88' lang='lat' dir='ltr'><em>la</em></span> <span class='ocrx_word' id='word_1_295' title='bbox 1679 2577 1922 2621; x_wconf 81' lang='lat' dir='ltr'><em>Terre-Sainte,</em></span> 
     </span>
     <span class='ocr_line' id='line_1_37' title="bbox 519 2627 1483 2677; baseline 0.004 -17"><span class='ocrx_word' id='word_1_296' title='bbox 519 2629 588 2672; x_wconf 72' lang='lat' dir='ltr'><em>fiir</em></span> <span class='ocrx_word' id='word_1_297' title='bbox 611 2629 708 2662; x_wconf 80' lang='lat' dir='ltr'><em>Kath.</em></span> <span class='ocrx_word' id='word_1_298' title='bbox 732 2627 911 2674; x_wconf 72' lang='lat' dir='ltr'><em>Theologie,</em></span> <span class='ocrx_word' id='word_1_299' title='bbox 942 2641 971 2671; x_wconf 93' lang='lat'><em>7.</em></span> <span class='ocrx_word' id='word_1_300' title='bbox 990 2630 1179 2675; x_wconf 81' lang='lat' dir='ltr'><em>Jahrgang,</em></span> <span class='ocrx_word' id='word_1_301' title='bbox 1268 2642 1301 2676; x_wconf 90' lang='lat' dir='ltr'><em>p.</em></span> <span class='ocrx_word' id='word_1_302' title='bbox 1324 2643 1392 2674; x_wconf 82' lang='lat'><em>417</em></span> <span class='ocrx_word' id='word_1_303' title='bbox 1414 2631 1483 2677; x_wconf 89' lang='lat' dir='ltr'><em>sqq.</em></span> 
     </span>
     <span class='ocr_line' id='line_1_38' title="bbox 533 2681 1329 2723; baseline 0.004 -8"><span class='ocrx_word' id='word_1_304' title='bbox 533 2693 562 2723; x_wconf 84' lang='lat'><em>3.</em></span> <span class='ocrx_word' id='word_1_305' title='bbox 588 2681 680 2716; x_wconf 88' lang='lat' dir='ltr'><em>Heft.</em></span> <span class='ocrx_word' id='word_1_306' title='bbox 1303 2706 1329 2711; x_wconf 34' lang='lat'><em>2⁷-</em></span> 
     </span>
    </p>
   </div>
  </div>
 </body>
</html>
