2216 3435
642 272 708 304 DE
743 271 880 304 LOCIS
914 270 1136 304 SANCTIS.
1492 272 1575 322 195

206 419 308 465 dem
342 418 556 464 trinah'um
588 417 811 480 lignorum
840 417 983 478 liquor
1014 416 1194 478 quidam
1225 415 1431 474 odorifer,
1463 416 1576 479 quafi

204 494 249 536 in
280 487 602 535 similitudinem
642 488 726 533 olei
768 486 997 550 expreffus,
1043 487 1174 533 talem
1218 487 1321 531 facit
1363 489 1577 534 universos

202 561 408 605 intrantes
429 577 482 605 ex
502 557 670 605 diverfis
690 558 890 621 gentibus
909 574 1202 621 congregatos
1220 558 1346 620 supra
1360 576 1578 604 memora-

203 646 295 674 tam
312 631 463 675 sentire
482 628 707 675 suaviffimi
728 628 876 674 odoris
900 629 1194 691 fragrantiam.
1218 629 1353 673 Cuius
1378 627 1577 673 videlicet

200 700 391 762 liquoris,
428 699 456 745 fi
489 702 620 746 etiam
655 700 831 762 parvula
867 699 1056 761 quedam
1090 699 1266 744 stillulaJ
1297 699 1420 761 supra
1450 715 1576 761 egro-

201 787 339 816 tantes
378 772 658 834 imponatur,
705 771 1011 833 qualicumque
1050 770 1264 833 languore
1304 769 1372 815 vel
1414 767 1574 814 morbo

201 841 414 887 molestati
439 843 589 887 leviter
610 858 867 904 recuperant
889 841 1127 886 sanitatem.

265 911 349 958 Sed
375 911 430 958 de
453 913 516 957 his
541 912 615 958 ista
640 911 863 958 sufficiant.

486 1083 554 1128 IV.
592 1086 658 1127 ‘De
672 1085 818 1143 sancio
845 1084 1026 1143 Georgio
1053 1082 1283 1141 confqffore.

262 1188 478 1247 Arculfus,
499 1189 636 1233 homo
654 1189 840 1246 sancffus,
856 1189 930 1249 qui
949 1185 1075 1232 nobis
1095 1186 1175 1231 hec
1195 1187 1343 1231 omnia
1362 1186 1416 1232 de
1435 1186 1580 1232 domi-

198 1262 296 1305 nica
320 1276 446 1304 cruce
469 1260 672 1318 narravit,
704 1276 839 1320 quam
869 1258 959 1320 ipse
983 1258 1168 1320 propriis
1192 1258 1419 1319 conspexit
1443 1259 1578 1304 oculis

198 1333 244 1376 ὃς
278 1331 491 1376 osculatus
528 1330 606 1387 est,
642 1331 772 1375 etiam
806 1328 934 1375 nobis
971 1327 1024 1374 de
1063 1327 1260 1390 quodam
1296 1327 1573 1388 confefforef

199 1402 400 1464 Georgio
431 1402 626 1459 nomine,
656 1402 953 1445 narrationem
985 1399 1183 1457 contulit,
1214 1416 1347 1460 quam
1370 1400 1414 1444 in
1439 1401 1579 1446 Cons-

199 1471 566 1533 tantinopolitana
589 1469 694 1516 urbe
710 1489 736 1516 a
756 1469 1016 1532 quibusdam
1033 1471 1215 1533 expertis
1235 1469 1384 1515 didicit
1401 1469 1578 1530 civibus,

199 1544 288 1606 qui,
314 1542 400 1587 hoc
419 1541 560 1587 modo
583 1560 756 1588 narrare
780 1542 908 1600 soliti,
934 1540 1079 1587 eidem
1104 1539 1320 1586 dicebant.

266 1617 311 1659 In
334 1612 537 1676 Diospoli
564 1614 751 1672 civitate,
781 1611 1002 1658 cuiusdam
1034 1612 1289 1659 confefforis
1320 1615 1504 1677 Georgij
1535 1616 1579 1660 in

200 1683 393 1746 quadam
407 1683 544 1729 domo
565 1685 739 1730 statutas
753 1682 1020 1730 marmoread
1036 1684 1258 1744 columna,
1275 1702 1427 1731 contra
1447 1703 1580 1747 quam

198 1756 396 1819 alligatus
431 1755 739 1818 persecutionis
771 1773 969 1818 tempore
998 1755 1240 1820 flagellatus
1271 1758 1347 1817 est7
1374 1757 1580 1802 formula-

201 1843 287 1888 que
311 1825 486 1889 depic‘ta
509 1827 582 1887 est,
608 1829 680 1888 qui
709 1845 857 1874 tamen
881 1828 977 1890 post
998 1826 1362 1891 flagellationem,
1387 1846 1410 1873 e
1432 1829 1580 1874 vincu-

197 1897 248 1942 lis
273 1895 510 1956 absolutus,
537 1898 682 1943 multis
706 1900 810 1944 vixit
833 1900 970 1944 annis.
1004 1899 1216 1962 Qadam
1242 1916 1346 1945 vero
1371 1899 1455 1958 die,
1482 1917 1582 1945 cum

201 1966 383 2029 quidam
419 1967 511 2013 duri
554 1967 695 2014 cordis
735 1971 779 2014 ὃ(
821 1969 1066 2014 incredulus
1104 1970 1340 2016 humuncio
1381 1972 1425 2016 in
1465 1988 1581 2032 equo

199 2037 350 2084 sedens
371 2038 558 2084 eandem
583 2039 769 2085 domum
797 2039 988 2086 intrasset
1015 2043 1060 2086 ὃς
1091 2039 1261 2087 vidisset
1288 2059 1581 2086 marmoream

200 2109 469 2167 columnam,
489 2109 544 2156 ab
566 2110 643 2170 his,
658 2112 732 2173 qui
749 2110 915 2157 ibidem
933 2129 1067 2171 erant,
1082 2112 1393 2175 interrogabat,
1415 2112 1581 2158 dicens:

200 2181 334 2226 Cuius
370 2181 427 2226 est
466 2181 548 2227 hec
582 2183 732 2245 imago
767 2184 812 2228 in
847 2201 1092 2228 marmorea
1128 2183 1334 2229 columna
1370 2184 1581 2229 formata?

199 2250 372 2314 Quibus
407 2251 768 2315 respondentibus
803 2256 849 2299 ὅ(
889 2253 1154 2300 dicentibus:
1194 2255 1377 2318 Georgi}
1414 2255 1581 2300 confes-

200 2323 304 2367 soris
327 2322 407 2368 hec
428 2322 567 2387 figura
590 2324 662 2382 est,
694 2326 768 2386 qui
790 2323 846 2370 ad
872 2325 985 2370 hanc
1016 2325 1258 2370 vinculatus
1284 2328 1329 2371 ὅ(
1354 2326 1580 2390 castigatus

202 2393 260 2439 est
277 2393 542 2440 columnam.
568 2395 676 2458 Qo
696 2394 862 2454 audito,
878 2397 949 2442 ille
969 2395 1254 2442 stolidiffimus
1274 2397 1580 2450 homunculus,

203 2463 328 2510 valde
361 2464 490 2510 iratus
516 2482 669 2512 contra
695 2465 980 2512 insensibilem
1018 2486 1123 2522 rem,
1157 2468 1290 2513 [anch
1330 2467 1581 2514 confessoris

203 2535 454 2595 formulam,
477 2537 705 2600 instigante
724 2536 920 2596 diabolo,
939 2539 1092 2585 lancea
1111 2539 1319 2601 percussit.
1347 2540 1447 2602 Qle
1466 2539 1582 2586 vide-

203 2606 302 2651 licet
325 2605 517 2652 eiusdem
540 2607 766 2668 adversarii
791 2609 958 2669 lancea,
985 2608 1101 2672 quasi
1129 2627 1204 2672 per
1227 2609 1415 2674 globum
1440 2613 1583 2671 nivis‚‘

250 2735 278 2756 a.
298 2725 346 2764 B.,
372 2724 422 2765 V.,
442 2726 476 2757 R.
499 2724 623 2769 stipula.
651 2745 693 2751 —
711 2728 743 2759 b.
764 2727 853 2770 Mff.‚
937 2748 980 2753 —
998 2729 1031 2761 d.
1054 2729 1125 2773 Mff.
1146 2732 1225 2763 add.
1244 2729 1287 2762 in.
1307 2748 1350 2753 -—
1371 2741 1397 2762 e.
1419 2730 1452 2762 B.
1474 2729 1579 2763 nimis.

205 2776 249 2810 al.
268 2785 425 2822 martyre.
446 2797 487 2802 —
507 2779 658 2821 c.Bern.;
675 2779 721 2812 al.
740 2781 854 2813 statua.
