2216 3435
669 100 731 162 08
1059 111 1356 144 AN‘rouiNus
1391 111 1622 144 MARTYR

669 258 727 305 ad
748 259 867 304 sacra
889 251 1090 317 'mysteria
1117 256 1191 302 sub
1217 256 1320 303 divo
1348 259 1391 302 ὅς
1412 274 1561 302 tenent
1586 276 1650 316 ea,
1676 257 1901 304 descendit
1930 258 2064 302 sacer-

670 329 752 375 dos
788 331 832 375 in
859 328 1055 385 fluvium,
1082 331 1126 373 ὅ(
1152 329 1273 386 bora,
1301 347 1387 390 qua
1413 331 1575 391 ceperit
1598 328 1858 376 benedicere
1886 346 2066 391 aquam,

675 419 779 447 mox
806 400 999 446 Iordanis
1031 418 1133 445 cum
1160 418 1326 463 magno
1364 401 1537 462 strepitu
1572 402 1669 464 post
1704 403 1743 447 se
1773 402 1998 447 revertitur
2023 402 2067 445 δε

676 474 753 519 stat
777 491 891 536 aqua
917 473 1126 535 superior,
1154 473 1288 533 usque
1314 471 1421 517 dum
1447 471 1686 534 baptismus
1711 473 1982 536 perficiatur,
2003 473 2066 517 in-

676 546 807 592 ferior
826 561 929 591 vero
956 543 1050 589 sluit
1074 544 1117 588 in
1140 561 1273 603 mare,
1295 542 1468 589 dicente
1488 544 1723 591 Psalmista:
1746 547 1884 591 mare
1904 546 2008 589 vidit
2027 544 2066 588 ὁ)

663 622 814 679 fugit,-
854 618 1037 662 Iordanis
1077 618 1287 677 conversus
1318 621 1368 676 est
1402 619 1630 678 retroysum.
1676 617 1720 662 Et
1758 633 1874 662 nunc
1911 633 2068 661 omnes

675 687 972 747 Alexandrini,
1006 689 1080 749 qui
1114 705 1244 733 naves
1276 686 1454 747 habent,
1481 705 1583 733 cum
1614 687 1865 733 bominibus
1903 688 2068 733 calatos

675 761 830 822 plenos
856 759 1127 806 aromatibus
1150 762 1194 805 ὃς
1220 758 1415 805 balsamo
1444 776 1654 817 tenentes,
1680 760 1802 818 hora,
1825 778 1911 821 qua
1937 760 2069 804 sacer—

676 831 756 877 dos
782 831 1050 878 benedixerit
1089 832 1274 889 fontem,
1310 848 1549 893 antequam
1584 832 1796 894 incipiant
1832 830 2069 894 baptizare,

676 904 866 950 fundunt
900 904 997 949 illos
1035 903 1199 949 calatos
1232 904 1274 947 in
1302 901 1484 949 fluvium
1508 905 1552 948 <Sc
1583 903 1743 949 tollunt
1778 902 1879 948 inde
1905 921 2069 965 aquam

675 975 969 1032 benedichm,
997 977 1041 1020 ἅ
1068 973 1224 1020 exinde
1251 974 1416 1020 faciunt
1446 992 1609 1036 aquam
1636 973 1887 1038 aspersionis
1913 975 1956 1020 in
1992 992 2069 1020 na-

676 1046 799 1093 vibus
831 1048 925 1106 suis,
963 1063 1202 1108 antequam
1230 1063 1385 1092 exeant
1408 1046 1463 1092 ad
1496 1046 1811 1110 navigandum.
1849 1046 2070 1109 Baptismo

677 1118 919 1182 completo,
958 1136 1112 1163 omnes
1144 1118 1417 1164 descendunt
1448 1120 1492 1163 in
1528 1117 1710 1164 fluvium
1745 1135 1827 1181 pro
1861 1115 2068 1163 benedic-

678 1191 813 1251 tione,
837 1189 980 1237 induti
1004 1188 1255 1235 findonibus
1284 1189 1351 1247 (&
1378 1190 1467 1235 aliis
1502 1190 1646 1235 multis
1677 1187 1940 1252 speciebus),
1966 1205 2073 1250 quas

676 1260 752 1307 sibi
783 1261 837 1308 ad
865 1262 1135 1325 sepulturam
1162 1262 1344 1309 servant.
1374 1260 1598 1308 Omnibus
1622 1262 1838 1324 perfec'tis,
1870 1277 1985 1322 aqua
2011 1278 2073 1305 re-

676 1336 855 1380 vertitur
878 1336 921 1380 in
946 1335 1098 1380 locum
1121 1334 1257 1380 suum.
1291 1335 1336 1380 Et
1372 1332 1490 1380 unde
1523 1334 1657 1398 surgit
1682 1332 1876 1379 Iordanis
1912 1350 1938 1378 a
1964 1337 2074 1381 mari

676 1405 918 1452 Tiberiadis
954 1406 1088 1468 usque
1123 1404 1179 1450 ad
1213 1423 1332 1452 mare
1370 1406 1628 1465 Salinarum,
1666 1404 1739 1451 ubi
1779 1403 1940 1463 deficit,
1978 1403 2075 1449 sunt

680 1479 814 1524 millia
838 1495 958 1525 cxxx.

770 1647 855 1692 XII.
889 1648 1088 1707 Spelunca
1110 1647 1359 1707 puellarum,
1398 1649 1675 1704 monasterium
1701 1647 1745 1689 5.
1774 1646 1983 1689 Iohannis.

750 1775 793 1818 ln
826 1772 919 1834 ipsa
949 1787 1054 1817 vero
1089 1771 1182 1833 ripa
1215 1768 1407 1816 Iordanis
1436 1769 1494 1814 est
1524 1768 1745 1831 spelunca,
1772 1768 1817 1813 in
1857 1784 1944 1830 qua
1980 1767 2076 1812 sunt

681 1846 826 1889 cellule
842 1846 998 1905 septem
1025 1862 1109 1888 cum
1124 1845 1280 1905 septem
1298 1843 1469 1903 puellis,
1503 1858 1587 1902 que
1612 1840 1713 1885 illuc
1738 1839 1953 1885 infantule
1978 1840 2076 1884 mit-

682 1932 843 1974 tuntur,
867 1917 912 1960 ὃς
937 1932 1038 1960 cum
1064 1914 1209 1976 aliqua
1236 1931 1286 1959 ex
1306 1915 1364 1958 eis
1384 1929 1560 1958 mortua
1579 1911 1719 1971 fuerit,
1743 1912 1787 1956 in
1814 1911 1905 1974 ipsa
1923 1911 2077 1956 cellula

684 1988 897 2051 sepelitur,
923 1989 967 2032 &
991 1986 1074 2032 alia
1098 1986 1251 2032 cellula
1274 1983 1493 2044 inciditur,
1518 1986 1563 2029 ὅτ,
1587 1984 1770 2028 mittitur
1792 1984 1838 2027 in
1873 2000 1971 2028 eam
1995 1982 2077 2028 alia

682 2059 911 2117 infantula,
935 2075 981 2104 ut
1005 2076 1210 2104 numerus
1237 2059 1325 2104 stet.
1360 2055 1538 2103 Habent
1571 2056 1690 2115 foris,
1727 2056 1802 2117 qui
1831 2056 1889 2100 eis
1914 2053 2077 2100 cibaria

684 2147 852 2195 parant.
873 2133 916 2176 ln
937 2147 1072 2192 quem
1092 2130 1243 2176 locum
1263 2147 1365 2175 cum
1386 2146 1554 2193 magno
1574 2129 1730 2172 timore
1749 2126 1919 2190 ingreffi
1934 2127 2076 2172 sumus

686 2203 742 2249 ad
768 2204 1040 2262 orationem,
1074 2202 1231 2247 nullius
1262 2200 1323 2247 ibi
1360 2201 1519 2246 faciem
1543 2199 1744 2246 vidimus.
1777 2202 1822 2244 In
1852 2199 1947 2261 ipso
1972 2198 2076 2243 loco

685 2274 841 2320 dicitur
867 2271 952 2319 effe
973 2272 1205 2332 sudarium,
1227 2271 1349 2335 quod
1369 2272 1508 2318 fuerat
1526 2271 1652 2333 super
1671 2286 1802 2333 caput
1822 2271 1921 2316 Iesu.
1941 2271 2078 2333 Super

686 2345 932 2404 Iordanem,
959 2362 1050 2390 non
1077 2345 1264 2390 multum
1294 2344 1428 2408 longe
1458 2361 1483 2389 a
1509 2342 1707 2402 Iordane,
1738 2341 1812 2387 ubi
1835 2341 2076 2405 baptizatus

686 2419 744 2465 est
768 2417 1004 2477 Dominus,
1031 2417 1089 2462 est
1113 2420 1389 2477 monasterium
1414 2418 1556 2461 Sanc‘li
1578 2419 1772 2460 Iohannis
1801 2412 1929 2461 valde
1954 2430 2076 2476 mag-

687 2507 809 2548 num,
835 2491 879 2534 in
901 2506 990 2550 quo
1012 2489 1108 2534 sunt
1132 2487 1415 2534 xenodochia
1435 2485 1538 2532 duo.
1568 2490 1609 2531 In
1629 2487 1704 2531 ista
1729 2486 1798 2532 vel
1821 2487 1864 2531 in
1888 2485 1960 2530 illa
1984 2486 2078 2547 ripa

690 2559 881 2606 Iordanis
907 2578 983 2622 per
1006 2561 1107 2606 loca
1133 2559 1428 2605 submontana
1457 2559 1737 2605 inveniuntur
1764 2559 1995 2620 serpenteS,
2022 2555 2076 2601 de

691 2632 847 2696 quibus
872 2632 1062 2678 theriaca
1087 2632 1330 2678 conficitur.
1362 2630 1464 2678 Inde
1488 2632 1686 2678 venimus
1710 2629 1912 2675 Iericho.‘⁴'

737 2732 765 2754 a.
784 2723 822 2754 In
841 2721 918 2754 aliis
936 2721 998 2764 mff.
1020 2722 1062 2754 ad
1083 2721 1271 2754 Iordanem.
1326 2716 1341 2723 s
