2216 3435
528 182 588 247 36
1134 194 1303 228 GESTA

431 359 507 387 1217
526 345 769 408 penuriam,
810 361 895 406 que
935 341 1008 389 nisi
1048 341 1297 389 abbreviata
1335 341 1485 400 fuiffet,
1528 342 1680 389 hiemis
1706 344 1907 406 asperitas

526 434 660 479 quam
683 416 893 479 plurimos
917 412 1169 461 extinxiffet.

427 506 504 534 1218
591 488 682 533 Post
717 487 796 534 hec
830 488 988 533 milicia
1022 484 1280 549 quadrifarie
1306 485 1461 545 divisa3
1499 504 1570 533 rex
1597 488 1803 551 Ungarie,
1837 505 1910 534 rex
1927 502 1972 540 Β.,
1990 514 2015 542 p.
2028 504 2098 540 226,
2121 514 2145 533 c.

525 560 677 622 Cypri,
700 577 724 605 a
743 558 986 623 patriarcha
1003 559 1048 603 &
1066 555 1354 603 nobilioribus
1374 558 1474 604 licet
1487 558 1635 604 frustra
1654 558 1710 604 ad
1729 576 1908 605 manen-

526 630 632 677 dum
659 632 840 689 invitati,
871 648 973 676 cum
1000 647 1165 694 magna
1191 645 1313 693 parte
1340 631 1548 675 exercitus
1571 631 1788 693 Tripolim
1814 632 1909 676 sunt
1961 654 1976 665 ι

527 704 728 766 ρῑοΐρόῖἰ,
771 701 844 748 ubi
880 701 1062 747 modico
1101 701 1196 763 post
1236 718 1436 764 tempore
1477 702 1616 765 Cypri
1657 701 1908 748 adolescens

527 792 720 823 mortuus
746 775 815 821 est.
842 774 937 819 Alia
961 791 1058 836 pars
1085 774 1307 832 exercitus,
1332 774 1433 837 gule
1453 772 1709 834 deserviens,
1742 793 1909 821 reman-

527 844 573 892 sit
598 848 642 893 in
668 845 867 905 Achone,
899 847 1130 908 expectans
1158 842 1403 908 passagium
1427 846 1613 892 vernale.
1649 846 1738 892 Rex
1770 846 1909 892 lhero-

525 919 795 964 solimitanus
818 920 863 963 ὃς
885 916 971 962 dux
990 917 1156 962 Austrie
1174 917 1310 963 vitam
1331 934 1433 962 cum
1458 916 1582 963 rebus
1607 935 1688 981 pro
1710 919 1908 964 Domino

524 988 797 1036 laudabiliter
825 987 1011 1035 fundens
1037 1005 1139 1033 cum
1163 988 1374 1051 episcopo
1393 988 1651 1035 Traiec’tensi
1671 992 1716 1035 ὅ(
1738 990 1910 1036 Monas—
1928 1005 2100 1043 v.,f.4v⁰‚
2115 1015 2140 1035 c.
2160 1015 2178 1035 2

527 1059 690 1107 teriensi
704 1061 880 1123 aliisque
893 1061 1105 1123 episcopis
1119 1060 1302 1105 castrum
1317 1061 1550 1107 cesaream
1571 1069 1582 1090 ¹
1602 1060 1776 1107 viriliter
1791 1060 1912 1107 simul

525 1135 570 1178 ὃς
595 1133 750 1178 utiliter
774 1132 1065 1178 firmaverunt.
1097 1132 1332 1194 Templarij
1362 1149 1464 1178 vero
1491 1149 1591 1177 cum
1617 1134 1766 1195 paucis
1793 1133 1911 1179 auxi-

524 1203 746 1250 liatoribus
774 1205 1010 1267 peregrinis
1035 1205 1080 1249 ὅς
1102 1203 1304 1266 hospitali
1335 1202 1388 1249 de
1416 1203 1554 1249 domo
1580 1206 1912 1268 peregrinorum

527 1277 711 1323 castrum
739 1277 823 1335 Filij
849 1277 946 1334 Dei,
985 1275 1107 1339 quod
1144 1276 1251 1321 olim
1283 1274 1531 1335 districium,
1571 1294 1690 1322 nunc
1728 1278 1912 1323 castrum

528 1349 856 1413 Peregrinorum
880 1347 1136 1411 appellatur,
1173 1346 1374 1393 edificare
1401 1364 1624 1410 ceperunt,
1653 1347 1775 1410 quod
1802 1347 1912 1411 pofi-

527 1438 621 1466 tum
640 1421 698 1466 est
715 1421 825 1466 inter
839 1420 997 1482 Cepha
1015 1421 1061 1464 ὃς
1079 1419 1313 1464 Cesaream
1331 1420 1449 1465 iuxta
1462 1437 1595 1465 mare.
1613 1421 1747 1466 Terra
1765 1437 1912 1466 autem

528 1493 838 1538 circumiacens
865 1493 971 1537 mire
1005 1491 1063 1537 est
1095 1490 1335 1549 fertilitatiS,
1375 1492 1420 1535 &
1444 1508 1595 1553 portus
1627 1491 1911 1554 piscatoribus

528 1564 638 1610 utilis
675 1565 715 1609 se
753 1563 963 1627 adiungit.
1006 1563 1099 1608 Nec
1138 1561 1365 1621 silendum,
1402 1563 1541 1625 quod,
1590 1562 1696 1608 dum
1732 1580 1912 1627 propter

529 1653 656 1700 agros
687 1634 1002 1682 exhauriendos
1039 1633 1272 1693 foderetur,
1308 1635 1508 1680 inventus
1542 1635 1600 1680 est
1630 1653 1791 1693 murus,
1837 1633 1911 1680 sub

530 1710 648 1754 cuius
668 1706 956 1752 fundamento
984 1722 1214 1770 argentum
1233 1707 1278 1751 ὃ(
1298 1706 1468 1750 nummi
1492 1723 1672 1752 monete
1689 1706 1912 1753 modernis

529 1779 754 1844 incognite
779 1780 874 1825 sunt
897 1779 1075 1825 inventi.

861 1938 928 1984 lV.
954 1941 1020 1982 “De
1032 1938 1276 1999 paffionibus
1301 1941 1600 1998 navigancium.

600 2064 681 2109 I-lis
698 2064 843 2125 itaque
866 2063 911 2108 in
930 2062 1130 2107 Domino
1156 2061 1259 2107 citra
1285 2077 1404 2106 mare
1422 2062 1466 2106 ὃς
1489 2060 1597 2106 ultra
1615 2061 1794 2107 feliciter
1818 2078 1914 2124 per-

535 2137 652 2194 adhs,
694 2136 782 2181 iam
806 2135 983 2180 Martius
1020 2150 1172 2179 nautas
1198 2148 1454 2179 evocaturus
1491 2131 1691 2188 instabat,
1737 2134 1782 2178 ὃς
1813 2149 1915 2179 ecce

536 2207 724 2271 populus
758 2206 937 2264 navalis,
978 2206 1052 2267 qui
1087 2203 1205 2267 apud
1230 2202 1514 2251 Ulixibonam
1552 2204 1831 2264 hiemaverat,
1858 2203 1915 2250 ad

536 2298 654 2326 mare
685 2295 919 2342 properare
954 2277 1137 2334 festinat,
1161 2279 1220 2336 ὃς,
1247 2274 1425 2321 consilio
1464 2274 1630 2335 habito,
1662 2275 1914 2323 ordinatum
1933 2289 2104 2330 B.,p.226‚
2121 2300 2146 2319 c.
2164 2298 2191 2319 2.

536 2353 608 2411 est,
634 2367 680 2397 ut
698 2367 847 2396 comes
866 2348 920 2395 de
933 2348 1067 2395 Wide
1095 2351 1136 2395 in
1157 2350 1254 2395 navi
1276 2349 1348 2394 sua
1366 2346 1471 2393 duas
1488 2356 1506 2376 2
1524 2346 1704 2393 ferendo
1731 2348 1914 2394 laternas

536 2441 638 2470 cum
650 2421 889 2468 duodecim
904 2420 1085 2468 navibus
1105 2419 1373 2485 precederet,
1395 2421 1440 2465 ὅ(
1455 2437 1604 2465 comes
1624 2417 1913 2465 Hollamensis

538 2497 665 2542 unica
701 2495 875 2540 lucerna
902 2494 946 2539 in
971 2492 1141 2557 lignum
1165 2492 1445 2555 sequencium
1475 2508 1557 2554 pro
1585 2491 1717 2537 tutela
1746 2489 1913 2536 medius
1932 2502 2103 2543 v.,f.5ro,
2125 2513 2149 2532 c.
2166 2512 2191 2532 1.

537 2568 693 2632 viginti
706 2581 910 2629 quattuor
929 2563 1208 2629 coggonibus
1219 2563 1538 2627 adiungeretur.
1551 2561 1781 2626 [Sabbato]
1802 2571 1816 2601 3
1832 2562 1912 2626 igi-

590 2691 602 2710 1
619 2680 718 2713 Codd.
731 2678 841 2722 legunt
857 2678 897 2711 se.
913 2698 953 2702 —
975 2691 992 2711 2
1008 2679 1188 2711 InB.mar-
1322 2687 1338 2716 3
1369 2676 1406 2707 V.
1436 2674 1515 2717 legit
1538 2675 1696 2716 Sabbon5
1727 2674 1764 2706 B.
1790 2673 1916 2716 praebet

535 2732 610 2777 gini
626 2732 811 2777 inscriptum
829 2731 879 2777 est.
1271 2729 1426 2770 verbum,
1437 2729 1520 2772 quod
1536 2727 1602 2772 legi
1617 2739 1677 2760 non
1688 2726 1792 2772 polest.
