2216 3435
355 375 476 404 Paneas.

596 232 687 277 200
1133 227 1418 261 ANONYMUS

593 375 798 435 Philippi,
823 394 845 419 a
875 378 1117 419 Pltenicibus
1137 392 1265 419 autem
1286 376 1478 419 ‘Paneada
1497 376 1558 420 vel
1582 376 1795 419 Phaniada
1810 376 1975 431 dicitur,

589 443 769 490 fluentes
807 463 897 490 non
928 446 1062 508 longe
1102 443 1155 490 ab
1181 446 1271 508 ipsa
1303 444 1423 503 urbe,
1455 446 1622 509 fatigati
1646 446 1764 509 lapsu
1806 444 1976 491 fluentis

587 518 632 561 ὅ(
654 519 834 563 nomine
854 518 1003 575 iuncffi,
1031 518 1194 562 faciunt
1220 516 1449 563 Iordanem
1469 517 1696 563 dominico
1717 517 1975 581 baptismate

589 587 814 652 infignem.
843 588 950 635 Vilis
981 606 1086 652 ergo
1112 590 1153 633 in
1180 587 1339 634 eodem
1364 589 1466 634 loco
1488 588 1747 651 quibusdam
1771 590 1978 635 armentis

589 659 718 705 dorso
746 661 902 724 longo,
940 658 1131 706 cruribus
1165 659 1378 718 brevibus,
1409 662 1600 724 proceris
1631 660 1849 719 cornibus,
1876 678 1974 722 que,

589 732 677 777 sole
702 730 818 777 diem
843 731 1120 787 incendente,
1163 733 1201 777 se
1227 750 1367 795 preter
1404 733 1541 778 solum
1573 750 1704 795 caput
1738 733 1879 779 vicina
1898 750 1974 795 pa-

585 803 686 849 lude
722 804 859 849 solent
911 821 1119 867 mergere,
1159 820 1370 849 venerunt
1406 807 1457 850 ad
1480 807 1706 868 predictam
1746 805 1972 864 Cesaream,

585 879 653 920 ubi
679 879 823 921 Petrus
862 878 940 920 celi
976 877 1161 937 claviger
1180 880 1324 935 fac‘lus
1363 881 1427 936 es}
1459 880 1654 921 Intrantes
1688 879 1746 921 ibi
1777 878 1973 939 ecclesiam

586 949 768 992 viderunt
797 953 971 1007 statuam
1006 950 1170 1007 Christi.
1205 950 1281 992 cAd
1312 953 1424 992 cuius
1458 951 1529 1007 sub
1558 950 1653 993 divo
1680 954 1808 1011 postte
1829 950 1974 1009 pedem

584 1021 703 1063 lzerba
729 1022 967 1064 admirande
992 1023 1155 1064 virtutis
1180 1020 1262 1064 olei
1288 1022 1507 1075 oriebatur,
1543 1022 1592 1064 de
1615 1038 1690 1079 quo
1708 1026 1766 1083 fic
1787 1023 1828 1064 in
1851 1020 1976 1064 eccle-

573 1094 733 1152 ficssica
756 1094 920 1150 historia
944 1092 1109 1152 legitur.
1132 1092 1385 1146 Mulierem,
1411 1110 1524 1150 quam
1537 1093 1760 1152 sanguinis
1775 1095 1975 1152 profluvio

584 1162 832 1206 laborantem
862 1179 1085 1217 curaverat,
1119 1166 1235 1207 liuius
1266 1165 1374 1207 urbis
1397 1164 1528 1222 fuiffe
1559 1166 1683 1207 civem
1707 1167 1866 1222 constat.
1895 1166 1976 1208 Pre

573 1236 740 1293 foribus
772 1252 864 1278 vero
901 1236 1040 1279 domus
1077 1236 1246 1294 eiusdem
1279 1236 1465 1279 mulieris
1501 1236 1603 1296 bafis
1626 1236 1792 1294 quedam
1820 1238 1860 1278 in
1886 1235 1974 1279 loco

583 1307 747 1350 editiori
785 1306 982 1350 collocata
1018 1310 1267 1364 monstratur,
1308 1311 1347 1350 in
1373 1325 1449 1366 qua
1484 1307 1668 1351 mulieris
1695 1311 1830 1369 ipsius,
1870 1307 1978 1351 velut

582 1379 751 1438 genibus
778 1379 994 1438 provolute
1027 1378 1265 1438 palmasque
1293 1379 1543 1439 suppliciter
1580 1380 1795 1434 tendentis,
1835 1381 1974 1438 imago

583 1466 646 1492 ere
670 1450 843 1508 expreffa
862 1450 1033 1493 videtur.
1055 1451 1204 1508 c-Adstaz
1231 1451 1476 1508 aliastatua,
1499 1469 1562 1494 ere
1581 1451 1845 1495 nihilominus
1853 1451 1972 1511 fusa,

584 1521 693 1564 vultu
717 1521 757 1565 ὃ»
783 1523 916 1565 habitu
944 1524 1119 1566 Domini
1143 1526 1241 1580 vesse
1265 1524 1479 1579 fimbriata
1511 1524 1751 1568 circumdati
1774 1523 1975 1567 dextram-

583 1610 654 1650 que
673 1597 927 1653 porrigentis
944 1597 1142 1653 prostrate
1173 1594 1347 1638 mulie7i.
1387 1596 1463 1638 cAd
1491 1596 1632 1656 pedem
1671 1611 1799 1638 autem
1835 1594 1975 1638 virilis

576 1667 704 1724 statue
739 1666 855 1709 herba
881 1666 1046 1723 quedam
1084 1683 1182 1709 nove
1203 1667 1364 1725 speciei
1399 1684 1419 1709 e
1442 1667 1629 1726 prediola
1661 1668 1739 1725 basi
1776 1666 1973 1723 nascendo

572 1738 730 1795 surgit,
755 1735 794 1779 5·-
815 1737 937 1780 donec
950 1738 1157 1794 fimbriam
1180 1740 1393 1795 vestimenti
1414 1739 1498 1797 lesu
1513 1754 1671 1798 tangat,
1701 1739 1873 1798 crescere
1895 1754 1971 1781 non

582 1808 736 1868 definit.
776 1809 904 1868 Qam
929 1825 1015 1851 cum
1029 1810 1190 1868 summo
1224 1812 1367 1853 ve7tice
1391 1811 1566 1870 crescens
1591 1811 1709 1854 herba
1735 1812 1968 1869 contigerit,

584 1883 689 1923 vires
724 1881 816 1922 inde
852 1881 906 1922 ad
941 1880 1198 1939 depellendos
1234 1897 1366 1924 omnes
1404 1883 1561 1926 morbos
1593 1884 1806 1940 conquirit,
1843 1883 1900 1924 ita
1931 1896 1972 1924 ut

581 1968 804 2009 quecunque
843 1951 918 1994 illa
943 1953 1079 2009 fuerit
1117 1953 1348 2009 infirmitas
1393 1956 1528 2011 hausto
1564 1956 1708 2014 exiguo
1750 1953 1973 2011 madefac‘ii

570 2023 777 2083 salutaris
801 2025 1018 2082 graminis,
1045 2023 1306 2082 depellatur·
1330 2024 1437 2068 nilzil
1462 2028 1620 2068 omnino
1644 2028 1787 2069 virium
1813 2041 1969 2085 gerens,

571 2099 608 2156 fi
628 2110 718 2138 unte
735 2111 851 2153 quam
876 2111 917 2137 er
920 2112 962 2137 ee
970 2095 1134 2151 fimbne
1142 2096 1414 2154 summitatem
1437 2114 1478 2140 cr
1482 2097 1646 2156 escendo
1667 2099 1886 2156 contigerit
1905 2097 1971 2139 de-

581 2182 778 2227 cerpatur.
814 2166 934 2208 Hanc
964 2166 1171 2224 Eusebius,
1210 2183 1428 2226 tempmum
1443 2169 1534 2228 scr
1520 2184 1640 2227 ipto7
1676 2169 1728 2211 ad
1736 2169 1816 2228 sua
1852 2169 1971 2227 usque

581 2253 759 2298 tempora
791 2236 1024 2295 perduraffe
1061 2236 1100 2280 6²
1131 2238 1182 2296 se
1205 2238 1301 2297 suis
1335 2241 1518 2298 perhibet
1554 2239 1683 2283 oculis
1718 2238 1968 2299 conspextffe.

581 2308 700 2351 Hanc
720 2324 849 2351 autem
863 2311 1039 2366 statuam
1057 2310 1206 2367 Christi
1217 2309 1548 2368 sceleratiffimus
1572 2310 1756 2354 Iulianus
1777 2313 1970 2369 apostata,

583 2395 624 2422 ut
651 2382 691 2422 in
712 2380 942 2438 ‘Tripartita
963 2379 1116 2439 legitur
1135 2383 1316 2438 historia,
1343 2382 1526 2441 deposuit
1544 2380 1717 2441 &suam
1743 2382 1831 2425 loco
1856 2380 1971 2424 illius

583 2450 742 2494 locavit.
774 2452 803 2493 S
806 2451 868 2504 ed,
895 2452 985 2493 ‘Deo
1006 2467 1158 2494 tantum
1173 2451 1310 2512 scelus
1330 2453 1382 2494 ad
1391 2453 1554 2512 presens
1572 2454 1811 2508 vindicante,
1834 2452 1969 2496 eadem

582 2520 737 2565 Iuliani
761 2525 898 2580 statua
914 2522 1116 2580 fulminis
1153 2525 1233 2566 ic‘iu
1267 2524 1481 2580 dividitur,
1516 2527 1665 2584 capitis
1699 2541 1784 2567 cum
1821 2526 1972 2567 cervice

576 2608 677 2649 pars
713 2610 789 2636 una
817 2609 921 2637 terre
957 2596 1156 2653 infigitur,
1196 2594 1323 2638 altera
1350 2596 1390 2638 in
1416 2595 1505 2638 Ioco
1533 2598 1671 2639 herens
1685 2595 1881 2653 fulminis
1908 2597 1968 2637 in-

583 2664 763 2707 cendium
795 2667 957 2723 testatur
975 2683 990 2715 i
1000 2668 1178 2723 statuam
1210 2682 1301 2709 vero
1325 2666 1554 2710 salvatoris
1569 2670 1732 2726 pagani
1761 2667 1969 2724 confrege-

582 2749 686 2789 runt,
715 2735 937 2792 Christiani
962 2751 1090 2779 autem
1115 2735 1354 2797 colligentes
1381 2740 1421 2781 in
1447 2737 1606 2800 ecclesia
1633 2737 1873 2782 locaverunt,
