2216 3435
613 209 678 241 DE
704 209 884 241 TERRA
909 208 1127 241 SANCTA.
1494 196 1552 259 (io

183 355 328 414 tribus,
354 356 454 416 quia
479 354 672 415 quinque
696 354 887 398 civitates
915 353 1084 397 fuerunt
1117 354 1232 397 iuxta
1257 370 1384 398 mare.
1423 351 1482 397 Ibi
1511 355 1555 398 ὃς

181 427 314 472 statua
338 425 430 470 salis
455 425 526 483 est,
550 426 593 469 in
621 441 754 485 quam
779 425 896 469 versa
920 423 978 468 est
1004 439 1111 469 uxor
1145 423 1268 481 Loth,
1308 426 1352 468 ὃς
1376 423 1553 485 quando

180 496 328 542 crescit
349 496 467 554 luna,
493 496 639 540 crescit
664 497 709 540 ὃς
732 494 836 556 ipsa,
871 496 914 539 ὃ(
943 492 1175 555 quomodo
1201 496 1407 540 minuitur
1440 495 1554 553 luna,

181 566 438 613 diminuitur
461 568 506 612 ὃς
528 566 630 628 ipsa.

245 638 355 683 XIX.
383 638 547 684 Civitas
569 640 777 695 Liviada,⁰
802 653 917 682 trans
944 634 1186 694 Iordanem,
1206 635 1330 681 distat
1348 654 1373 682 a
1392 637 1554 682 Iericho

181 707 433 754 milliaribus
460 706 709 753 duodecim.
749 711 792 753 ln
818 708 907 769 ipsa
932 706 1106 753 Liviada
1131 708 1286 753 Moises
1312 707 1469 753 silicem
1501 708 1555 753 de

178 782 304 843 virga
323 779 535 843 percussit,
553 781 598 824 ὃς
618 778 833 824 fluxerunt
849 795 976 839 aque,
1002 795 1086 839 que
1105 777 1395 824 abundantius
1415 795 1554 824 totam

179 867 335 896 terram
355 851 549 913 irrigant,
569 849 843 909 daelylorum
856 850 1096 895 incolatum
1111 848 1126 876 ὸ
1149 850 1363 895 maiorem
1381 849 1553 896 habent.

181 920 241 967 Ibi
264 924 309 967 ὅ(
333 922 489 967 Moises
515 922 717 984 migravit
742 938 766 965 a
790 921 957 965 seculo(
992 921 1035 966 Et
1067 919 1125 966 ibi
1160 940 1256 980 aque
1287 923 1415 966 calide
1445 922 1554 977 sunt,

181 992 253 1038 ubi
277 995 456 1051 ffloises
479 992 597 1051 lavit,
632 993 676 1037 δε
712 992 755 1036 in
790 989 885 1053 ipsis
922 993 1043 1054 aquis
1069 990 1215 1036 calidis
1250 990 1406 1055 leprosi
1432 1010 1555 1037 mun-

181 1063 348 1109 dantur.

244 1135 336 1181 XX.
372 1134 432 1179 Est
452 1135 572 1180 locus
594 1135 718 1180 tertio
741 1134 940 1178 milliario
960 1152 983 1179 a
1003 1134 1224 1179 Ierusalem
1245 1135 1430 1193 civitate,
1456 1153 1556 1180 cum

168 1209 313 1267 sanc‘lci
338 1209 512 1262 warin,
540 1221 677 1250 mater
702 1206 900 1262 Domini,
927 1208 1002 1250 iret
1028 1206 1071 1250 in
1099 1204 1362 1263 Bethlehem,
1383 1205 1556 1252 descen-

180 1276 242 1322 dit
265 1275 319 1322 ab
344 1275 472 1335 afina,
499 1278 543 1322 ὃς
566 1279 679 1338 sedit
701 1279 825 1338 super
848 1295 1005 1338 petram
1036 1278 1080 1320 ὅ(
1105 1275 1324 1321 benedixit
1348 1278 1396 1322 ei.
1433 1277 1557 1325 Urbi-

180 1349 268 1393 cius
294 1365 398 1393 vero
424 1347 648 1394 dicebatur
672 1346 912 1410 prepofitus
938 1347 1084 1409 palatii
1113 1348 1360 1409 imperialis,
1387 1351 1459 1409 qui
1489 1367 1557 1395 ca-

179 1417 336 1482 pitibus
364 1420 678 1481 imperatorum
704 1435 917 1464 coronam
943 1420 1170 1480 imponere
1197 1419 1491 1478 consueverat,
1514 1423 1559 1466 ὃς

177 1490 266 1552 ipse
281 1508 350 1535 eas
370 1489 424 1535 de
444 1492 585 1552 capite
605 1488 869 1552 deponebat.
884 1502 896 1517 ι’
921 1489 1009 1551 Ipse
1022 1506 1126 1534 vero
1147 1488 1345 1535 Urbicius
1365 1490 1557 1552 lapidem

175 1562 218 1607 in
238 1556 482 1623 qua'drumd
505 1560 671 1620 incidit,
686 1563 730 1606 ὃς
750 1561 852 1606 fecit
866 1579 966 1606 eum
980 1561 1021 1605 in
1042 1561 1231 1605 formam
1250 1561 1391 1607 altaris
1406 1563 1557 1608 volens

180 1650 279 1678 eum
299 1633 737 1695 Constantinopolim
758 1632 955 1695 dirigere,
970 1634 1014 1677 ὃς
1028 1632 1134 1678 dum
1149 1632 1202 1678 ad
1222 1649 1397 1695 portam
1414 1635 1557 1679 Sanc‘li

182 1704 389 1766 Stephani
414 1705 593 1762 veniret,
619 1705 708 1749 iam
733 1704 918 1766 amplius
944 1722 1044 1749 eum
1080 1721 1256 1749 movere
1285 1721 1377 1749 non
1402 1706 1558 1767 potuit,

181 1792 313 1836 quem
344 1774 536 1837 lapidem
571 1792 707 1820 unum
742 1777 894 1838 iugum
932 1774 1099 1821 bovum
1136 1774 1335 1821 ducebat.
1372 1776 1417 1821 Et
1452 1775 1557 1822 dum

180 1844 391 1903 viderent,
417 1845 539 1906 quod
564 1846 806 1892 nullatenus
835 1862 1068 1908 potuerunt
1104 1864 1202 1891 eum
1236 1848 1280 1891 in
1312 1863 1439 1892 antea
1464 1865 1558 1892 mo-

180 1934 293 1973 vere,
313 1916 418 1979 lapis
439 1916 634 1978 sepulcro
661 1918 843 1962 Domini
868 1916 1179 1979 applicabatur,
1205 1919 1249 1962 ὃς
1272 1917 1331 1963 ibi
1355 1918 1486 1964 altare
1505 1918 1559 1964 de

180 1988 270 2048 ipsa
296 2003 418 2049 petra
445 1987 607 2032 fad'tum
629 1987 700 2045 est,
731 1989 775 2033 ὃς
803 1987 856 2033 de
888 1988 981 2050 ipso
1018 1988 1148 2033 altare
1180 1991 1557 2049 communicatur,

181 2073 328 2103 tamen
354 2057 449 2119 post
487 2058 730 2120 sepulcrum
767 2060 951 2104 Domini
991 2059 1059 2104 cst.
1099 2059 1186 2121 Ipse
1216 2077 1320 2105 vero
1347 2059 1558 2118 Urbicius,

180 2127 419 2190 prepositus
460 2128 536 2174 sub
578 2128 797 2175 Anastasio
844 2132 1128 2192 imperatore,
1170 2131 1558 2194 Constantinopoli

181 2201 377 2258 moritur,
402 2202 448 2245 ὅ(
475 2200 732 2262 sepelierunt
757 2219 856 2246 eum
881 2224 888 2246 z
927 2218 1055 2263 quem
1081 2200 1306 2248 Urbicium
1332 2219 1441 2249 terra
1466 2220 1556 2249 non

179 2272 364 2334 accepit,
393 2271 463 2316 sed
486 2273 611 2316 tertio
641 2272 710 2317 die
736 2290 837 2317 eum
863 2273 1104 2335 sepulcrum
1130 2273 1230 2319 foris
1257 2275 1442 2321 iad'tavit.

247 2341 308 2397 (Α
337 2342 558 2388 Ierusalem
583 2344 626 2387 in
653 2347 884 2389 Bethlehem
912 2345 1106 2389 milliaria
1136 2345 1214 2389 sex.
1255 2345 1352 2391 Hec
1376 2346 1557 2408 Ephrata

183 2411 297 2458 ditsta
321 2413 379 2458 est
403 2412 455 2458 ab
483 2431 613 2459 uxore
645 2413 826 2473 Caleb,‘'
851 2433 934 2476 que
961 2414 1016 2459 ibi
1053 2415 1110 2460 cst
1148 2416 1324 2478 sepulta.
1362 2418 1558 2480 Quoque

183 2484 241 2528 est
267 2487 421 2545 Richel
448 2485 490 2529 in
516 2486 598 2541 via,
625 2502 708 2547 que
734 2485 853 2531 ducit
887 2486 941 2531 ad
969 2486 1230 2544 Bethlehem,
1266 2486 1337 2533 ubi
1367 2488 1557 2551 lapidem

185 2557 315 2600 crexit
339 2555 699 2618 supersepulcrum
730 2558 816 2603 eius
849 2558 990 2616 Iacob,
1028 2556 1149 2619 quod
1185 2557 1326 2603 adhuc
1365 2577 1556 2622 apparet.

228 2695 257 2714 a.
287 2685 370 2716 lrov.
390 2683 517 2717 Levita.
538 2704 579 2709 -
600 2685 630 2717 b.
655 2686 703 2726 L„
724 2687 828 2726 Ι.ο<υ.,-
959 2687 990 2719 d.
1024 2689 1070 2728 Ι,.,
1102 2689 1183 2720 Lov.
1206 2687 1236 2720 in
1264 2688 1389 2731 speram
1416 2690 1558 2732 quadi-a-

186 2738 217 2769 Ρ.
238 2736 406 2773 ἀτιξὶειΙιιηι
426 2737 612 2770 Nicolaum.
647 2758 687 2762 -
723 2750 750 2771 c.
782 2741 829 2779 !,.‚
913 2747 991 2771 tam.
1021 2759 1061 2764 —
1090 2753 1116 2773 e.
1157 2743 1236 2774 Lov.
1266 2742 1403 2787 Calepli,
1438 2745 1469 2776 Ι..
1492 2746 1557 2776 Ca-

186 2791 280 2830 Lov.,-
307 2791 338 2822 Ι).
361 2791 390 2822 &
411 2790 476 2834 ipse
495 2802 548 2822 eos
573 2791 766 2835 castigabat.
913 2791 987 2824 Icili.

1596 651 1722 680 Liviada.

1598 1011 1741 1041 Therniae

1610 1054 1730 1092 Moysis.

1579 1291 1667 1320 Sedes
1685 1291 1703 1320 s.
1718 1290 1833 1320 Mariae.

1600 2365 1792 2394 Bethlehem.

1619 2504 1792 2542 Sepulcrum

1645 2546 1771 2574 Rachel.
