2216 3435
463 228 520 273 V.
561 238 867 273 BREVIARIUS
902 238 969 271 DE
1007 237 1395 271 HIEROSOLYMA.
1589 226 1630 269 Xi

321 383 509 438 [Codicis
542 382 735 440 cuiusdam
776 380 1037 438 manuscripti,
1080 379 1238 435 Paristis
1273 380 1464 435 affirvati
1497 380 1660 433 (Bibliot.

269 448 380 498 Nat„
396 447 470 487 cod.
487 446 552 487 lat.
575 445 700 500 13348
719 445 777 499 (ol.
795 445 830 485 S.
850 443 1048 497 German„
1064 456 1104 484 n⁰
1127 456 1227 498 1309
1247 444 1343 496 lat.),
1353 445 1395 497 f
1412 445 1476 497 64,
1492 447 1660 496 membr„

272 513 380 556 VIII
388 513 514 571 saec.),
530 513 568 551 in
585 526 666 564 quo,
687 519 728 550 ut
745 513 789 551 ἐϋ
808 511 846 549 in
872 509 1068 561 Vaticano,
1088 509 1269 563 Eucherij
1290 510 1476 563 epistolam
1496 511 1662 551 continuo

263 580 486 636 sequuntur,
508 577 608 617 nullo
627 577 743 628 titulo,
763 576 871 616 nulla
899 577 1058 616 rubrica
1078 574 1304 631 interpostta,
1320 576 1549 629 fragmenta
1577 577 1662 628 duo,

267 662 309 686 ex
325 644 472 699 epistola
481 641 522 699 s
544 642 770 696 Hieronymi
785 643 839 683 ad
855 642 1096 682 Dardanum
1119 642 1168 681 de
1184 641 1320 682 Terra
1345 641 1662 696 repromiffionis

267 714 311 752 ἐϋ
343 712 438 752 libro
472 709 606 762 Fla-vij
639 708 806 767 Iosephi,
842 707 911 748 De
943 707 1152 748 Palestinae
1187 706 1460 762 descriptione
1496 722 1543 747 ae
1577 705 1664 759 fitu,

267 777 426 817 lectiones
437 777 653 830 praecipuas
669 775 725 815 hic
737 775 775 814 in
796 776 885 815 notis
901 784 1085 829 apponere
1099 774 1256 829 placuit.
1285 773 1373 828 Qui
1392 783 1488 814 certe
1510 773 1597 827 fere
1626 773 1664 812 in

267 842 429 882 omnibus
445 842 838 896 praefirendussoret,
852 841 966 895 utqui
975 841 1236 895 perantiquus,
1249 840 1332 879 item
1351 840 1395 879 {5⁹
1407 840 1570 894 optimus.
1587 837 1668 893 Ezfi

266 914 389 946 tamen
409 907 555 947 minime
563 907 793 966 spernendae
808 905 884 960 fint
899 905 1009 962 ipstus
1029 905 1200 956 leniones,
1233 920 1302 945 non
1332 914 1453 945 tamen
1475 905 1537 944 hoc
1558 904 1666 962 opus-

266 971 390 1011 culum
420 972 558 1030 rursus
577 972 799 1028 impreffi'oni
822 973 917 1012 dare
952 971 1177 1027 utiltffimum
1199 971 1298 1011 nobis
1323 970 1451 1028 visum
1482 972 1543 1023 est.
1559 980 1571 1001 1
1596 970 1664 1022 (A.

268 1036 517 1092 Molinier.)]

950 1157 994 1204 V

538 1278 863 1312 BREVIARIUS
891 1278 961 1311 DE
991 1278 1253 1312 HIEROSOL
1268 1278 1390 1313 YMA.

320 1395 402 1436 Hic
422 1396 570 1436 tandem
600 1395 774 1436 habemus
805 1395 1093 1451 antiquifflmam
1129 1396 1233 1437 urbis
1264 1395 1473 1454 Jerusalem
1503 1397 1668 1455 descrip—

267 1463 394 1502 tionem
439 1461 624 1519 hucusque
662 1462 851 1502 ineditam.
885 1461 992 1516 Quae
1031 1462 1237 1520 descriptio,
1271 1462 1355 1502 licet
1382 1462 1520 1513 brevis,
1555 1478 1668 1515 quum

267 1528 515 1568 tantummodo
551 1528 658 1568 intra
704 1543 829 1568 muros
868 1528 971 1568 urbis
1016 1527 1225 1586 Ierusalem
1263 1537 1337 1568 tota
1372 1528 1571 1585 scriptoris
1611 1544 1669 1569 res

268 1604 424 1649 agatur,
455 1595 499 1634 {5⁵
520 1595 673 1648 exceptis
695 1594 916 1652 quibusdam
938 1594 1123 1648 corruptis
1150 1594 1244 1646 locis,
1271 1594 1447 1635 claritate
1471 1603 1593 1635 tamen
1624 1595 1669 1634 Εἴ

261 1659 396 1716 paffim
418 1661 582 1701 novitate
604 1660 896 1700 commendanda
912 1661 972 1713 ost.
993 1659 1152 1719 Reipsa,
1161 1659 1202 1716 st
1222 1661 1300 1714 quis
1320 1676 1401 1700 eam
1423 1669 1556 1700 attente
1578 1677 1668 1701 exa-

266 1726 486 1778 minaverit,
507 1742 575 1766 non
589 1742 729 1779 negare
739 1726 879 1780 poterit
895 1742 937 1766 ex
951 1741 997 1766 ea
1007 1726 1248 1784 descriptione
1255 1727 1545 1780 praecipuarum
1559 1727 1668 1767 eccle-

254 1791 409 1847 starum
430 1792 643 1832 lucidiorem
664 1792 864 1844 imaginem
879 1792 916 1831 in
935 1791 1058 1831 animo
1065 1791 1259 1846 formari,
1271 1792 1488 1850 praesertim
1509 1792 1608 1845 quod
1619 1793 1675 1832 ad

269 1857 666 1908 Constantinianam,
689 1856 1006 1911 Golgothanam
1023 1858 1067 1897 69⁷
1083 1857 1121 1897 S.
1139 1857 1351 1912 Sepulchri
1377 1855 1559 1898 bafilicas
1576 1868 1669 1912 per-

267 1924 365 1964 tinet.
386 1924 446 1964 Ex
466 1939 503 1964 eo
524 1933 660 1975 autem,
690 1925 788 1977 quod
810 1938 879 1962 uno
901 1933 1046 1964 tantum
1067 1925 1324 1982 manuscripto
1343 1925 1459 1965 codice
1481 1925 1518 1964 in
1540 1925 1669 1979 consti-

268 1990 398 2030 tuendo
412 1999 509 2030 textu
525 1991 569 2030 δέ
584 1990 794 2048 adsensum
811 1990 1067 2030 revocandum
1081 1990 1136 2046 usi
1133 1989 1266 2046 fimus,
1279 1991 1316 2031 in
1330 1991 1669 2045 magnumpericu-

268 2056 344 2096 lum
365 2071 426 2096 nos
443 2056 622 2111 incidff,
642 2070 711 2095 non
733 2055 960 2111 diffimulari
974 2057 1103 2110 potest.

319 2192 349 2213 1.
370 2179 549 2213 Leffiones
573 2180 646 2214 haec
671 2179 766 2213 sunt:
792 2180 830 2213 Ρ.
869 2192 923 2224 51.

274 2232 403 2267 ‘Titulus
415 2233 506 2276 deest.
520 2254 563 2258 —
575 2235 646 2267 Fau
653 2234 698 2267 sto
712 2233 918 2279 presbytero.

270 2307 312 2312 —
330 2287 353 2320 l.
379 2299 410 2329 1,
429 2284 746 2322 Hierusolimitanae.
769 2307 811 2313 -
847 2288 867 2321 l.
890 2301 923 2329 2,

269 2340 404 2386 agnitus
415 2348 497 2373 erat.
511 2361 552 2366 -
568 2340 587 2374 l.
610 2353 641 2384 5,
664 2353 733 2374 non
751 2341 922 2375 defufione

268 2394 576 2441 quamquam—l.
598 2407 651 2439 10,
672 2395 765 2428 aiunt
785 2396 924 2429 adeunti

269 2449 330 2483 tibi
348 2449 539 2482 eam—P.
563 2449 652 2493 52.l.
679 2462 710 2493 1,
733 2449 924 2495 excipit.—

269 2504 289 2538 l.
319 2517 351 2545 2,
379 2503 624 2547 frequentatur.
642 2523 689 2528 —
712 2503 734 2536 l.
771 2516 823 2546 14,
849 2503 924 2538 loca

270 2557 429 2590 visuntur.
451 2576 494 2581 —
513 2556 534 2589 l.
559 2569 615 2599 27,
635 2556 786 2590 tenditur
806 2557 924 2590 vicina.

272 2631 315 2636 —
328 2610 348 2644 l.
368 2623 426 2653 29,
450 2610 607 2644 Betsaida
627 2610 764 2655 piscina.
778 2611 852 2644 -Ι,
870 2623 925 2653 32,

270 2672 439 2711 praerupta
458 2671 565 2709 rupte.
588 2683 630 2688 —-
643 2664 680 2697 P.
706 2676 760 2707 53,
777 2665 798 2698 l.
821 2678 850 2707 1,
870 2677 926 2698 ex-

271 2719 381 2764 pee‘tat
393 2718 514 2752 intra...
528 2717 561 2750 in
576 2717 839 2752 radicibus.—l.
855 2731 927 2761 2-4,

273 2772 337 2822 qui*
351 2784 452 2807 non...
467 2772 648 2806 decurrens
667 2772 761 2818 deest.
779 2792 822 2797 —
848 2772 870 2807 1.
893 2775 926 2817 6,

1007 2191 1084 2224 quae
1103 2179 1261 2212 vallis.-—
1276 2179 1296 2212 l.
1318 2191 1350 2221 7,
1367 2179 1504 2214 Cedron
1527 2187 1667 2215 turrens.

1010 2253 1051 2258 —
1073 2233 1092 2266 1.
1114 2246 1170 2276 20,
1196 2233 1357 2267 aestivum.
1381 2254 1424 2259 —-
1449 2234 1468 2268 Ι.
1492 2247 1549 2276 22,
1572 2243 1669 2270 terrae

1006 2286 1132 2321 Iudeae.
1173 2307 1216 2312 —
1253 2287 1275 2321 l.
1315 2291 1435 2330 26-28‚
1467 2288 1667 2322 Iordanis...

1008 2341 1195 2386 appellatur
1214 2342 1307 2385 deest.
1326 2363 1372 2366 —
1397 2341 1419 2375 l.
1445 2355 1501 2385 29,
1521 2355 1670 2388 quorun-

1008 2394 1098 2428 dam.
1118 2414 1154 2419 -—
1186 2395 1206 2428 l.
1238 2407 1292 2437 30,
1321 2394 1406 2428 infra
1431 2395 1665 2429 meridianam.

1011 2447 1080 2481 —l.
1093 2460 1108 2490 3
1118 2461 1147 2491 1,
1162 2448 1325 2494 oppidum
1339 2448 1550 2494 poffedit.—
1562 2450 1600 2483 P.
1613 2463 1669 2494 54,

1009 2501 1028 2534 l.
1063 2514 1091 2535 1.
1121 2510 1220 2537 terrae
1240 2503 1374 2536 Israhel.
1398 2523 1441 2528 —
1461 2503 1481 2537 l.
1509 2517 1540 2545 2,
1575 2505 1671 2549 aqui-

1008 2555 1127 2589 lonale.
1144 2577 1186 2582 —
1202 2557 1221 2590 Ι.
1246 2569 1275 2599 3,
1295 2557 1432 2602 quippe.
1451 2577 1493 2582 —
1509 2557 1530 2590 l.
1543 2570 1577 2600 4,
1590 2569 1671 2592 con·
1715 2583 1721 2587 ·

1009 2608 1168 2643 tinentur.
1197 2631 1240 2635 —
1267 2611 1289 2644 l.
1310 2624 1342 2654 5,
1369 2612 1599 2656 pergentibUS,
1628 2613 1670 2646 de

1010 2676 1079 2710 quo
1097 2664 1259 2698 Iordanes
1284 2667 1388 2698 Erom
1408 2677 1427 2698 a
1447 2665 1524 2699 loco
1545 2678 1668 2700 nomen

1011 2719 1145 2752 sortitus
1160 2719 1269 2753 est.-
1284 2720 1303 2752 1.
1324 2732 1356 2762 7,
1378 2721 1579 2755 Cebron.—-
1602 2720 1623 2755 l.
1637 2725 1668 2765 8,

1013 2772 1168 2808 miliario.
