2216 3435
571 190 625 246 xij
1110 196 1404 230 PRAEFATIO.

1259 358 1271 401 l

659 472 971 507 I‘TINERARIUM
986 474 1015 506 A
1033 471 1293 505 BURDIGALA
1315 470 1683 507 HIEROSOLYMAM
1705 474 1856 518 USQUE.

623 579 663 619 Si
689 588 890 634 temporum
909 579 1092 630 terminos,
1113 593 1138 619 a
1158 577 1332 636 nobismet
1353 577 1438 632 ipsis
1457 579 1670 632 constitutos,
1686 589 1698 610 ¹
1721 580 1950 638 observave-

570 646 700 696 rimus,
728 646 875 699 primus
899 645 997 686 nobis
1017 644 1146 685 obvius
1176 644 1250 684 erit
1270 644 1493 698 peregrinus
1522 658 1544 684 a
1563 644 1780 699 Bordigala
1801 646 1950 686 Hiero-

570 709 763 764 solymam
779 709 914 764 usque,
935 711 998 764 qui
1007 707 1126 766 suum
1145 710 1216 750 iter
1232 723 1327 749 anno
1344 721 1420 763 333
1443 709 1639 764 aggi-effus
1653 712 1715 764 esi.
1736 710 1815 766 Etfi
1829 720 1950 751 autem

568 776 670 815 initae
684 776 994 828 peregrinationis
1022 790 1162 815 annum
1192 774 1395 832 noscamus,
1429 789 1497 813 non
1529 775 1607 815 ideo
1635 776 1734 817 nobis
1762 776 1880 816 multa
1909 777 1952 817 de

570 845 718 879 auctore
748 841 890 892 cognita
907 840 1006 898 sunt
1014 860 1030 886 ;
1059 840 1190 893 quippe
1211 838 1274 892 qui
1298 839 1475 892 originem
1497 840 1541 878 {3⁹
1561 854 1686 880 nomen
1696 841 1801 898 scire
1820 842 1951 895 capia·-

569 920 648 945 mus
667 920 730 944 nec
752 905 943 963 utriusque
964 905 1120 963 usquam
1151 904 1303 957 aliquod
1328 904 1561 958 reperiamus
1587 905 1775 946 indicium.
1806 906 1866 946 Ex
1891 906 1952 946 illo

569 985 639 1009 uno
659 979 816 1021 tantum,
846 971 945 1024 quod
962 970 1185 1025 peregrinus
1212 970 1354 1010 itineris
1378 969 1524 1009 initium
1556 985 1581 1010 a
1610 970 1822 1024 Burdigala
1852 982 1951 1025 cepe-

569 1036 632 1087 rit,
665 1035 818 1089 legitime
840 1034 1042 1094 suspicari
1055 1036 1250 1091 posternas,
1269 1035 1375 1075 illum
1404 1034 1654 1089 Aquitaniam
1689 1045 1758 1076 aut
1787 1036 1951 1077 vicinam

568 1101 788 1155 Bordigalae
808 1102 988 1155 regionem
1003 1102 1175 1155 patriam
1196 1101 1377 1156 babuzſje.

623 1165 731 1219 Opus
757 1167 900 1220 quidem
922 1167 1021 1207 illud
1035 1166 1133 1207 nihil
1155 1166 1266 1207 aliud
1280 1168 1463 1219 esl,quam
1484 1166 1601 1206 arida
1622 1166 1794 1220 quaedam
1813 1166 1954 1206 milita-

568 1231 667 1270 rium
687 1231 855 1272 Romani
880 1232 1029 1286 imperij
1053 1233 1210 1273 viarum
1232 1233 1342 1290 usque
1370 1232 1424 1271 aa'
1441 1231 1588 1272 Sanaos
1607 1230 1720 1272 Locos
1750 1231 1955 1289 descriptiO,

569 1297 699 1337 addita
717 1297 870 1355 semper
887 1298 1104 1356 spatiorum
1134 1297 1325 1347 notatione,
1355 1296 1453 1350 quod
1482 1295 1625 1336 nullam
1639 1296 1733 1350 fere
1762 1295 1954 1336 utilitatem

569 1363 743 1418 afferret,
772 1362 841 1418 nist
866 1362 1087 1419 exac‘tiſjime
1113 1363 1261 1402 numeri
1286 1362 1514 1420 transcripti
1525 1361 1704 1416 juiſjent.
1738 1360 1815 1401 Ubi
1833 1371 1954 1402 autem

568 1428 624 1468 ad
639 1428 814 1468 Sanctam
840 1427 1005 1468 Terram
1026 1436 1251 1480 perventum
1271 1428 1332 1479 est,
1353 1427 1513 1467 locorum
1533 1427 1736 1467 nominibus
1756 1426 1954 1467 milliario-

568 1509 723 1547 rumque
743 1493 984 1534 notationibus
1014 1493 1140 1534 brevis
1165 1493 1343 1533 adiicitur
1369 1492 1602 1532 mirabilium
1632 1508 1761 1532 rerum
1789 1492 1954 1550 descrip-

567 1560 627 1611 tio,
661 1575 729 1599 non
755 1559 839 1615 fine
877 1560 1086 1600 variarum
1112 1558 1352 1612 fabularum
1388 1558 1576 1597 relatione.
1616 1556 1825 1597 Fatendum
1862 1572 1954 1598 vero

567 1625 821 1682 descriptiones
844 1626 932 1679 istas
951 1625 1107 1665 maximi
1126 1623 1198 1678 eſje
1217 1623 1397 1674 momenti,
1430 1623 1560 1677 quippe
1581 1638 1663 1676 quae
1677 1624 1850 1676 genuinae
1862 1622 1953 1678 sint.

566 1692 713 1750 Reipsa
731 1691 836 1731 illam
857 1691 974 1745 operis
996 1699 1146 1744 partem
1165 1689 1413 1730 tantummodo
1432 1689 1470 1729 in
1493 1689 1671 1729 codicibus
1690 1689 1954 1746 manuscriptis

567 1757 797 1812 Sangallenst
816 1772 859 1796 ac
882 1754 1087 1811 Parisienst
1105 1755 1272 1807 reperire
1291 1756 1353 1807 est,
1375 1754 1412 1793 in
1434 1755 1562 1808 quibus
1579 1763 1665 1807 opus
1691 1754 1812 1810 ipsum
1835 1752 1953 1794 Pere-

566 1824 816 1878 grinantium
833 1823 921 1863 libri
938 1821 1084 1862 titulum
1106 1835 1174 1860 non
1194 1820 1382 1860 mentitur.

619 1889 740 1944 ⁸Quod
761 1889 817 1930 ad
828 1888 1068 1929 itinerarium
1087 1887 1220 1945 ipsum,
1248 1885 1400 1938 exceptis
1415 1884 1590 1939 partibus
1606 1898 1688 1937 quae
1705 1883 1954 1941 descriptionis

555 1956 663 2027 sunt,
672 1955 844 2010 pertinet,
859 1968 920 1994 nos
939 1967 1008 1992 non
1016 1953 1189 2007 figeret
1219 1950 1360 2006 etiamst
1344 1949 1610 1990 lanteriorum
1626 1949 1805 1989 editorum
1818 1958 1954 2003 opinio-

566 2036 626 2062 nes
644 2021 916 2074 ignoraremus,
936 2019 1054 2058 multa
1075 2017 1210 2058 hodie
1196 2032 1233 2056 zn
1253 2017 1317 2068 isto
1333 2015 1553 2071 defiderari.
1587 2014 1681 2054 Ex
1666 2015 1722 2065 zis,
1751 2014 1813 2068 qui
1837 2030 1892 2054 me
1914 2015 1952 2054 in

566 2087 635 2128 bac
650 2085 870 2140 explicanda
880 2093 993 2139 parte
1001 2083 1179 2138 praeceffi
1183 2090 1275 2121 runt
1273 2081 1513 2134 ,praecipuus
1522 2089 1630 2132 atque
1639 2080 1734 2119 idem
1747 2079 1951 2135 utiliffimus

562 2154 644 2206 fuit
661 2151 837 2192 Aures.2
864 2149 1054 2204 Oblivisci
1080 2157 1202 2188 tamen
1229 2162 1297 2186 non
1329 2147 1495 2186 debemus
1514 2145 1590 2185 iam
1611 2154 1695 2184 ante
1720 2145 1824 2185 illum
1844 2146 1950 2185 itine-

567 2216 674 2256 rario
694 2231 826 2255 curam
856 2213 994 2269 dediſje
1018 2212 1264 2254 marchionem
1285 2210 1427 2251 Fortia
1447 2209 1649 2259 d'Urban,
1676 2225 1756 2248 cum
1782 2210 1948 2263 propriis

567 2282 656 2322 libri
674 2281 871 2321 editoribus
891 2279 985 2319 Em.
1004 2277 1147 2319 Miller
1163 2279 1207 2317 ἔθ’
1227 2277 1539 2331 Lapie,quorum
1560 2276 1703 2328 quidem
1720 2275 1950 2315 correctiones

563 2347 702 2403 saepius
716 2346 868 2386 nimium
880 2345 1039 2385 audaces
1053 2344 1150 2383 nobis
1165 2343 1444 2402 visaefuerunt.
1459 2352 1476 2384 3
1494 2340 1637 2382 Miller
1655 2349 1790 2391 autem,
1802 2341 1865 2393 qui
1880 2354 1949 2378 uno

618 2458 633 2478 1
646 2445 685 2479 Id
704 2445 748 2478 est
768 2446 817 2478 IV
829 2444 899 2489 post
917 2443 1084 2478 Christum
1098 2452 1215 2477 natum
1299 2443 1341 2475 de
1348 2453 1398 2474 ces
1412 2448 1515 2474 textos
1527 2451 1616 2474 avec
1630 2439 1830 2473 l'itineraire
1847 2439 1950 2472 d'An-

567 2499 737 2536 saeculum.
1300 2494 1384 2529 tonin
1409 2495 1445 2528 δέ
1457 2506 1546 2528 avec
1562 2493 1597 2527 la
1618 2492 1705 2527 table
1722 2491 1951 2536 ‘Thiodqfienne

616 2566 636 2587 α.
672 2552 777 2587 Cuius
811 2551 893 2584 liber
930 2550 972 2584 sic
1006 2549 1214 2584 intitulatur:
1301 2548 1450 2593 (Nimes‚
1474 2548 1593 2592 1868).

568 2607 793 2644 Concordance
838 2606 895 2638 des
939 2604 1043 2648 ‘vases
1093 2602 1215 2648 Apolli-
1351 2613 1366 2643 3
1390 2601 1455 2636 Cui
1481 2601 1566 2634 libro
1595 2599 1709 2634 titulus
1736 2599 1800 2633 est:
1823 2598 1952 2632 Recueil

569 2660 681 2695 naires
712 2661 749 2692 [⁶5
774 2661 814 2692 de
841 2657 1039 2691 l'itineraire
1069 2659 1110 2691 de
1136 2658 1217 2691 Bor·
1300 2656 1357 2689 des
1411 2654 1599 2689 itiner-atres
1647 2653 1780 2687 anciens
1827 2651 1947 2695 (Paris,

569 2717 683 2748 deaux
700 2715 723 2746 ὰ
734 2710 935 2755 Jerusalem,
952 2710 1217 2755 &comparaison
1306 2712 1343 2741 P8
1349 2720 1371 2748 4
1376 2709 1420 2751 5).
