<?xml version="1.0" encoding="UTF-8"?>
<!DOCTYPE html PUBLIC "-//W3C//DTD XHTML 1.0 Transitional//EN"
    "http://www.w3.org/TR/xhtml1/DTD/xhtml1-transitional.dtd">
<html xmlns="http://www.w3.org/1999/xhtml" xml:lang="en" lang="en">
 <head>
  <title>
</title>
<meta http-equiv="Content-Type" content="text/html;charset=utf-8" />
  <meta name='ocr-system' content='tesseract 3.04.00' />
  <meta name='ocr-capabilities' content='ocr_page ocr_carea ocr_par ocr_line ocrx_word'/>
</head>
<body>
  <div class='ocr_page' id='page_1' title='image "./p1itinerahierosoly1tobl_0046.png"; bbox 0 0 2216 3435; ppageno 0'>
   <div class='ocr_carea' id='block_1_1' title="bbox 609 125 1451 174">
    <p class='ocr_par' dir='ltr' id='par_1_1' title="bbox 609 125 1451 174">
     <span class='ocr_line' id='line_1_1' title="bbox 609 125 1451 174; baseline 0.002 -4"><span class='ocrx_word' id='word_1_1' title='bbox 609 125 693 170; x_wconf 86' lang='lat' dir='ltr'>xliv</span> <span class='ocrx_word' id='word_1_2' title='bbox 1156 139 1451 174; x_wconf 83' lang='lat' dir='ltr'><strong>PRAEFATIO.</strong></span> 
     </span>
    </p>
   </div>
   <div class='ocr_carea' id='block_1_2' title="bbox 863 219 1072 224">
    <p class='ocr_par' dir='ltr' id='par_1_2' title="bbox 863 219 1072 224">
     <span class='ocr_line' id='line_1_2' title="bbox 863 219 1072 224; baseline 0 0"><span class='ocrx_word' id='word_1_3' title='bbox 863 219 1072 224; x_wconf 95' lang='lat' dir='ltr'><em> </em></span> 
     </span>
    </p>
   </div>
   <div class='ocr_carea' id='block_1_3' title="bbox 596 284 1997 930">
    <p class='ocr_par' dir='ltr' id='par_1_3' title="bbox 596 284 1997 930">
     <span class='ocr_line' id='line_1_3' title="bbox 609 284 1995 341; baseline 0.003 -19"><span class='ocrx_word' id='word_1_4' title='bbox 609 295 649 324; x_wconf 90' lang='lat' dir='ltr'><em>ut</em></span> <span class='ocrx_word' id='word_1_5' title='bbox 663 285 736 324; x_wconf 81' lang='lat' dir='ltr'><em>eius</em></span> <span class='ocrx_word' id='word_1_6' title='bbox 751 284 1091 340; x_wconf 67' lang='lat' dir='ltr'><em>transcriptionem,</em></span> <span class='ocrx_word' id='word_1_7' title='bbox 1105 300 1187 339; x_wconf 84' lang='lat' dir='ltr'><em>quae</em></span> <span class='ocrx_word' id='word_1_8' title='bbox 1202 286 1345 338; x_wconf 81' lang='lat' dir='ltr'><em>quidem</em></span> <span class='ocrx_word' id='word_1_9' title='bbox 1362 286 1544 341; x_wconf 79' lang='lat' dir='ltr'><em>nonsatis</em></span> <span class='ocrx_word' id='word_1_10' title='bbox 1559 297 1743 327; x_wconf 80' lang='lat' dir='ltr'><em>accurata</em></span> <span class='ocrx_word' id='word_1_11' title='bbox 1760 288 1821 340; x_wconf 65' lang='lat' dir='ltr'><em>ost,</em></span> <span class='ocrx_word' id='word_1_12' title='bbox 1841 287 1878 326; x_wconf 86' lang='lat' dir='ltr'><em>in</em></span> <span class='ocrx_word' id='word_1_13' title='bbox 1896 285 1995 326; x_wconf 87' lang='lat' dir='ltr'><em>Bol-</em></span> 
     </span>
     <span class='ocr_line' id='line_1_4' title="bbox 607 349 1993 406; baseline 0.002 -18"><span class='ocrx_word' id='word_1_14' title='bbox 607 349 732 388; x_wconf 88' lang='lat' dir='ltr'><em>letino</em></span> <span class='ocrx_word' id='word_1_15' title='bbox 759 349 796 388; x_wconf 88' lang='lat' dir='ltr'><em>di</em></span> <span class='ocrx_word' id='word_1_16' title='bbox 821 349 1096 403; x_wconf 80' lang='lat' dir='ltr'><em>Archeologia</em></span> <span class='ocrx_word' id='word_1_17' title='bbox 1123 350 1319 401; x_wconf 87' lang='lat' dir='ltr'><em>cristiana,</em></span> <span class='ocrx_word' id='word_1_18' title='bbox 1345 366 1432 390; x_wconf 82' lang='lat' dir='ltr'><em>ann.</em></span> <span class='ocrx_word' id='word_1_19' title='bbox 1465 351 1577 403; x_wconf 82' lang='lat'><em>1865,</em></span> <span class='ocrx_word' id='word_1_20' title='bbox 1599 361 1688 405; x_wconf 82' lang='lat' dir='ltr'><em>pag.</em></span> <span class='ocrx_word' id='word_1_21' title='bbox 1712 352 1764 404; x_wconf 90' lang='lat'><em>84</em></span> <span class='ocrx_word' id='word_1_22' title='bbox 1784 351 1878 406; x_wconf 85' lang='lat' dir='ltr'><em>sqq.,</em></span> <span class='ocrx_word' id='word_1_23' title='bbox 1898 367 1993 392; x_wconf 90' lang='lat' dir='ltr'><em>com-</em></span> 
     </span>
     <span class='ocr_line' id='line_1_5' title="bbox 607 415 1994 473; baseline 0.004 -21"><span class='ocrx_word' id='word_1_24' title='bbox 607 415 800 454; x_wconf 81' lang='lat' dir='ltr'><em>mentariis</em></span> <span class='ocrx_word' id='word_1_25' title='bbox 829 422 975 454; x_wconf 62' lang='lat' dir='ltr'><em>nullam</em></span> <span class='ocrx_word' id='word_1_26' title='bbox 1006 416 1173 455; x_wconf 81' lang='lat' dir='ltr'><em>ediderit.</em></span> <span class='ocrx_word' id='word_1_27' title='bbox 1212 415 1338 455; x_wconf 83' lang='lat' dir='ltr'><em>Nulla</em></span> <span class='ocrx_word' id='word_1_28' title='bbox 1372 416 1491 467; x_wconf 89' lang='lat' dir='ltr'><em>huius,</em></span> <span class='ocrx_word' id='word_1_29' title='bbox 1520 431 1749 470; x_wconf 75' lang='lat' dir='ltr'><em>quamquam</em></span> <span class='ocrx_word' id='word_1_30' title='bbox 1781 432 1849 456; x_wconf 84' lang='lat' dir='ltr'><em>non</em></span> <span class='ocrx_word' id='word_1_31' title='bbox 1877 418 1994 473; x_wconf 78' lang='lat' dir='ltr'><em>sper-</em></span> 
     </span>
     <span class='ocr_line' id='line_1_6' title="bbox 608 480 1996 533; baseline 0.004 -16"><span class='ocrx_word' id='word_1_32' title='bbox 608 480 736 519; x_wconf 79' lang='lat' dir='ltr'><em>ncndae</em></span> <span class='ocrx_word' id='word_1_33' title='bbox 770 480 932 520; x_wconf 77' lang='lat' dir='ltr'><em>editionis</em></span> <span class='ocrx_word' id='word_1_34' title='bbox 966 481 1109 520; x_wconf 78' lang='lat' dir='ltr'><em>ratione</em></span> <span class='ocrx_word' id='word_1_35' title='bbox 1140 480 1285 531; x_wconf 78' lang='lat' dir='ltr'><em>hahita,</em></span> <span class='ocrx_word' id='word_1_36' title='bbox 1323 482 1716 533; x_wconf 77' lang='lat' dir='ltr'><em>commemoratorium,</em></span> <span class='ocrx_word' id='word_1_37' title='bbox 1754 483 1791 522; x_wconf 81' lang='lat' dir='ltr'><em>in</em></span> <span class='ocrx_word' id='word_1_38' title='bbox 1832 483 1996 523; x_wconf 86' lang='lat' dir='ltr'><em>omnibus</em></span> 
     </span>
     <span class='ocr_line' id='line_1_7' title="bbox 607 545 1994 601; baseline 0.003 -17"><span class='ocrx_word' id='word_1_39' title='bbox 607 545 904 601; x_wconf 61' lang='lat' dir='ltr'><em>manuscriptum</em></span> <span class='ocrx_word' id='word_1_40' title='bbox 942 546 1095 585; x_wconf 77' lang='lat' dir='ltr'><em>codicem</em></span> <span class='ocrx_word' id='word_1_41' title='bbox 1130 546 1329 599; x_wconf 81' lang='lat' dir='ltr'><em>sequendo,</em></span> <span class='ocrx_word' id='word_1_42' title='bbox 1373 547 1410 586; x_wconf 82' lang='lat' dir='ltr'><em>in</em></span> <span class='ocrx_word' id='word_1_43' title='bbox 1452 545 1807 600; x_wconf 89' lang='lat' dir='ltr'><em>Descriptionibus</em></span> <span class='ocrx_word' id='word_1_44' title='bbox 1846 547 1994 588; x_wconf 89' lang='lat' dir='ltr'><em>Terrae</em></span> 
     </span>
     <span class='ocr_line' id='line_1_8' title="bbox 608 610 1996 668; baseline 0.002 -18"><span class='ocrx_word' id='word_1_45' title='bbox 608 610 763 650; x_wconf 58' lang='lat' dir='ltr'><em>Sanctae</em></span> <span class='ocrx_word' id='word_1_46' title='bbox 785 618 858 664; x_wconf 83' lang='lat' dir='ltr'><em>(pp.</em></span> <span class='ocrx_word' id='word_1_47' title='bbox 882 612 1020 663; x_wconf 83' lang='lat'>77-84)</span> <span class='ocrx_word' id='word_1_48' title='bbox 1044 612 1139 651; x_wconf 85' lang='lat' dir='ltr'><em>iuris</em></span> <span class='ocrx_word' id='word_1_49' title='bbox 1168 612 1308 664; x_wconf 78' lang='lat' dir='ltr'><em>publici</em></span> <span class='ocrx_word' id='word_1_50' title='bbox 1328 612 1429 665; x_wconf 76' lang='lat' dir='ltr'><em>fecit</em></span> <span class='ocrx_word' id='word_1_51' title='bbox 1452 611 1495 652; x_wconf 83' lang='grc' dir='ltr'><em>Τ.</em></span> <span class='ocrx_word' id='word_1_52' title='bbox 1529 611 1673 652; x_wconf 76' lang='lat' dir='ltr'><em>7‘0bler.</em></span> <span class='ocrx_word' id='word_1_53' title='bbox 1710 613 1996 668; x_wconf 76' lang='lat' dir='ltr'><em>Difficillimum</em></span> 
     </span>
     <span class='ocr_line' id='line_1_9' title="bbox 609 676 1996 730; baseline 0.003 -16"><span class='ocrx_word' id='word_1_54' title='bbox 609 686 730 715; x_wconf 81' lang='lat' dir='ltr'><em>autem</em></span> <span class='ocrx_word' id='word_1_55' title='bbox 759 676 840 727; x_wconf 72' lang='lat' dir='ltr'><em>sitit</em></span> <span class='ocrx_word' id='word_1_56' title='bbox 860 686 996 715; x_wconf 66' lang='lat' dir='ltr'><em>textum</em></span> <span class='ocrx_word' id='word_1_57' title='bbox 1015 676 1201 715; x_wconf 75' lang='lat' dir='ltr'><em>interdum</em></span> <span class='ocrx_word' id='word_1_58' title='bbox 1221 676 1441 730; x_wconf 65' lang='lat' dir='ltr'><em>deficientem</em></span> <span class='ocrx_word' id='word_1_59' title='bbox 1470 678 1646 730; x_wconf 74' lang='lat' dir='ltr'><em>complere</em></span> <span class='ocrx_word' id='word_1_60' title='bbox 1680 688 1788 730; x_wconf 77' lang='lat' dir='ltr'><em>atque</em></span> <span class='ocrx_word' id='word_1_61' title='bbox 1816 679 1996 718; x_wconf 80' lang='lat' dir='ltr'><em>nimirum</em></span> 
     </span>
     <span class='ocr_line' id='line_1_10' title="bbox 608 741 1995 801; baseline 0.003 -22"><span class='ocrx_word' id='word_1_62' title='bbox 608 741 773 780; x_wconf 77' lang='lat' dir='ltr'><em>nonnulli</em></span> <span class='ocrx_word' id='word_1_63' title='bbox 799 756 878 779; x_wconf 73' lang='lat' dir='ltr'><em>eum</em></span> <span class='ocrx_word' id='word_1_64' title='bbox 902 741 1176 794; x_wconf 77' lang='lat' dir='ltr'><em>vituperabunt</em></span> <span class='ocrx_word' id='word_1_65' title='bbox 1195 742 1293 793; x_wconf 79' lang='lat' dir='ltr'><em>quod</em></span> <span class='ocrx_word' id='word_1_66' title='bbox 1308 742 1495 782; x_wconf 76' lang='lat' dir='ltr'><em>interdum</em></span> <span class='ocrx_word' id='word_1_67' title='bbox 1516 743 1624 782; x_wconf 84' lang='lat' dir='ltr'><em>nimis</em></span> <span class='ocrx_word' id='word_1_68' title='bbox 1645 744 1830 783; x_wconf 62' lang='lat' dir='ltr'><em>audaffler</em></span> <span class='ocrx_word' id='word_1_69' title='bbox 1845 744 1995 801; x_wconf 62' lang='lat' dir='ltr'><em>procis-</em></span> 
     </span>
     <span class='ocr_line' id='line_1_11' title="bbox 596 806 1997 864; baseline 0.002 -19"><span class='ocrx_word' id='word_1_70' title='bbox 596 807 708 864; x_wconf 72' lang='lat' dir='ltr'><em>serit.</em></span> <span class='ocrx_word' id='word_1_71' title='bbox 731 806 816 860; x_wconf 48' lang='lat' dir='ltr'><em>‘Qui</em></span> <span class='ocrx_word' id='word_1_72' title='bbox 843 817 964 846; x_wconf 73' lang='lat' dir='ltr'><em>autem</em></span> <span class='ocrx_word' id='word_1_73' title='bbox 984 807 1054 846; x_wconf 85' lang='lat' dir='ltr'><em>loco</em></span> <span class='ocrx_word' id='word_1_74' title='bbox 1075 822 1198 846; x_wconf 75' lang='lat' dir='ltr'><em>eorum</em></span> <span class='ocrx_word' id='word_1_75' title='bbox 1220 822 1302 858; x_wconf 79' lang='lat' dir='ltr'><em>quae</em></span> <span class='ocrx_word' id='word_1_76' title='bbox 1322 808 1359 846; x_wconf 82' lang='lat' dir='ltr'><em>in</em></span> <span class='ocrx_word' id='word_1_77' title='bbox 1386 807 1641 863; x_wconf 78' lang='lat' dir='ltr'><em>manuscripto</em></span> <span class='ocrx_word' id='word_1_78' title='bbox 1661 808 1850 861; x_wconf 85' lang='lat' dir='ltr'><em>leguntur,</em></span> <span class='ocrx_word' id='word_1_79' title='bbox 1869 809 1997 849; x_wconf 81' lang='lat' dir='ltr'><em>melius</em></span> 
     </span>
     <span class='ocr_line' id='line_1_12' title="bbox 609 872 1997 930; baseline 0.002 -20"><span class='ocrx_word' id='word_1_80' title='bbox 609 872 759 924; x_wconf 78' lang='lat' dir='ltr'><em>aliquid</em></span> <span class='ocrx_word' id='word_1_81' title='bbox 765 872 1012 928; x_wconf 71' lang='lat' dir='ltr'><em>proposuerit,</em></span> <span class='ocrx_word' id='word_1_82' title='bbox 1028 873 1070 911; x_wconf 71' lang='lat' dir='ltr'><em>(le</em></span> <span class='ocrx_word' id='word_1_83' title='bbox 1085 873 1247 912; x_wconf 81' lang='lat' dir='ltr'><em>omnibus</em></span> <span class='ocrx_word' id='word_1_84' title='bbox 1268 888 1358 912; x_wconf 81' lang='lat' dir='ltr'><em>vere</em></span> <span class='ocrx_word' id='word_1_85' title='bbox 1374 873 1530 912; x_wconf 74' lang='lat' dir='ltr'><em>eruditis</em></span> <span class='ocrx_word' id='word_1_86' title='bbox 1551 873 1650 913; x_wconf 86' lang='lat' dir='ltr'><em>viris</em></span> <span class='ocrx_word' id='word_1_87' title='bbox 1659 874 1706 930; x_wconf 81' lang='lat' dir='ltr'><em>se</em></span> <span class='ocrx_word' id='word_1_88' title='bbox 1723 875 1810 914; x_wconf 79' lang='lat' dir='ltr'><em>bene</em></span> <span class='ocrx_word' id='word_1_89' title='bbox 1824 875 1997 915; x_wconf 83' lang='lat' dir='ltr'><em>meritum</em></span> 
     </span>
    </p>
   </div>
   <div class='ocr_carea' id='block_1_4' title="bbox 611 937 807 993">
    <p class='ocr_par' dir='ltr' id='par_1_4' title="bbox 611 937 807 993">
     <span class='ocr_line' id='line_1_13' title="bbox 611 937 807 993; baseline 0 -17"><span class='ocrx_word' id='word_1_90' title='bbox 611 937 682 990; x_wconf 59' lang='lat' dir='ltr'><em>effe</em></span> <span class='ocrx_word' id='word_1_91' title='bbox 691 937 807 993; x_wconf 58' lang='lat' dir='ltr'><em>sciat.</em></span> 
     </span>
    </p>
   </div>
   <div class='ocr_carea' id='block_1_5' title="bbox 1254 1086 1344 1132">
    <p class='ocr_par' dir='ltr' id='par_1_5' title="bbox 1254 1086 1344 1132">
     <span class='ocr_line' id='line_1_14' title="bbox 1254 1086 1344 1132; baseline 0 0"><span class='ocrx_word' id='word_1_92' title='bbox 1254 1086 1344 1132; x_wconf 91' lang='lat' dir='ltr'><em>Xlll</em></span> 
     </span>
    </p>
   </div>
   <div class='ocr_carea' id='block_1_6' title="bbox 849 1202 1769 1236">
    <p class='ocr_par' dir='ltr' id='par_1_6' title="bbox 849 1202 1769 1236">
     <span class='ocr_line' id='line_1_15' title="bbox 849 1202 1769 1236; baseline -0.001 0"><span class='ocrx_word' id='word_1_93' title='bbox 849 1203 1114 1236; x_wconf 89' lang='lat' dir='ltr'><strong>BERNARDI</strong></span> <span class='ocrx_word' id='word_1_94' title='bbox 1143 1203 1383 1236; x_wconf 87' lang='lat' dir='ltr'>MONACHI</span> <span class='ocrx_word' id='word_1_95' title='bbox 1410 1202 1769 1236; x_wconf 85' lang='lat' dir='ltr'><strong>ITINERARIUM.</strong></span> 
     </span>
    </p>
   </div>
   <div class='ocr_carea' id='block_1_7' title="bbox 598 1320 1999 1573">
    <p class='ocr_par' dir='ltr' id='par_1_7' title="bbox 598 1320 1999 1573">
     <span class='ocr_line' id='line_1_16' title="bbox 665 1320 1998 1376; baseline -0.001 -15"><span class='ocrx_word' id='word_1_96' title='bbox 665 1321 773 1374; x_wconf 81' lang='lat' dir='ltr'><em>Opus</em></span> <span class='ocrx_word' id='word_1_97' title='bbox 803 1322 863 1361; x_wconf 88' lang='lat' dir='ltr'><em>cui</em></span> <span class='ocrx_word' id='word_1_98' title='bbox 889 1337 1014 1360; x_wconf 78' lang='lat' dir='ltr'><em>nomen</em></span> <span class='ocrx_word' id='word_1_99' title='bbox 1036 1321 1236 1361; x_wconf 78' lang='lat' dir='ltr'><em>Bernardi</em></span> <span class='ocrx_word' id='word_1_100' title='bbox 1265 1320 1435 1359; x_wconf 80' lang='lat' dir='ltr'><em>monachi</em></span> <span class='ocrx_word' id='word_1_101' title='bbox 1460 1320 1697 1376; x_wconf 78' lang='lat' dir='ltr'><em>inscribitur,</em></span> <span class='ocrx_word' id='word_1_102' title='bbox 1730 1336 1819 1359; x_wconf 78' lang='lat' dir='ltr'><em>nono</em></span> <span class='ocrx_word' id='word_1_103' title='bbox 1842 1320 1998 1374; x_wconf 78' lang='lat' dir='ltr'><em>finiente</em></span> 
     </span>
     <span class='ocr_line' id='line_1_17' title="bbox 608 1386 1999 1442; baseline 0.001 -17"><span class='ocrx_word' id='word_1_104' title='bbox 608 1387 742 1441; x_wconf 68' lang='lat' dir='ltr'><em>saeculo</em></span> <span class='ocrx_word' id='word_1_105' title='bbox 751 1387 942 1442; x_wconf 82' lang='lat' dir='ltr'><em>scriptum</em></span> <span class='ocrx_word' id='word_1_106' title='bbox 951 1387 1049 1440; x_wconf 87' lang='lat' dir='ltr'><em>fuit.</em></span> <span class='ocrx_word' id='word_1_107' title='bbox 1072 1386 1158 1425; x_wconf 77' lang='lat' dir='ltr'><em>Hoc</em></span> <span class='ocrx_word' id='word_1_108' title='bbox 1182 1387 1291 1436; x_wconf 83' lang='lat' dir='ltr'><em>enim,</em></span> <span class='ocrx_word' id='word_1_109' title='bbox 1327 1395 1359 1425; x_wconf 80' lang='lat' dir='ltr'><em>et</em></span> <span class='ocrx_word' id='word_1_110' title='bbox 1373 1400 1385 1424; x_wconf 79' lang='lat' dir='ltr'><em>t</em></span> <span class='ocrx_word' id='word_1_111' title='bbox 1407 1401 1523 1425; x_wconf 81' lang='lat' dir='ltr'><em>omnes</em></span> <span class='ocrx_word' id='word_1_112' title='bbox 1539 1401 1622 1438; x_wconf 82' lang='lat' dir='ltr'><em>quos</em></span> <span class='ocrx_word' id='word_1_113' title='bbox 1636 1387 1851 1426; x_wconf 84' lang='lat' dir='ltr'><em>noverimus</em></span> <span class='ocrx_word' id='word_1_114' title='bbox 1866 1386 1999 1426; x_wconf 86' lang='lat' dir='ltr'><em>codices</em></span> 
     </span>
     <span class='ocr_line' id='line_1_18' title="bbox 598 1439 1998 1508; baseline 0 -18"><span class='ocrx_word' id='word_1_115' title='bbox 598 1439 707 1491; x_wconf 59' lang='lat' dir='ltr'><em>&gt;anno</em></span> <span class='ocrx_word' id='word_1_116' title='bbox 726 1463 804 1504; x_wconf 74' lang='lat'><em>970</em></span> <span class='ocrx_word' id='word_1_117' title='bbox 843 1452 983 1491; x_wconf 89' lang='lat' dir='ltr'><em>librum</em></span> <span class='ocrx_word' id='word_1_118' title='bbox 1013 1451 1257 1508; x_wconf 83' lang='lat' dir='ltr'><em>conscriptum</em></span> <span class='ocrx_word' id='word_1_119' title='bbox 1277 1452 1460 1506; x_wconf 66' lang='lat' dir='ltr'><em>tssentur,</em></span> <span class='ocrx_word' id='word_1_120' title='bbox 1493 1451 1612 1491; x_wconf 82' lang='lat' dir='ltr'><em>multa</em></span> <span class='ocrx_word' id='word_1_121' title='bbox 1632 1461 1836 1503; x_wconf 82' lang='lat' dir='ltr'><em>temporum</em></span> <span class='ocrx_word' id='word_1_122' title='bbox 1857 1452 1998 1491; x_wconf 80' lang='lat' dir='ltr'><em>indicia</em></span> 
     </span>
     <span class='ocr_line' id='line_1_19' title="bbox 601 1516 1999 1573; baseline 0 -18"><span class='ocrx_word' id='word_1_123' title='bbox 601 1517 833 1572; x_wconf 69' lang='lat' dir='ltr'><em>significant,</em></span> <span class='ocrx_word' id='word_1_124' title='bbox 863 1518 1146 1570; x_wconf 78' lang='lat' dir='ltr'><em>putandumque</em></span> <span class='ocrx_word' id='word_1_125' title='bbox 1164 1517 1340 1572; x_wconf 81' lang='lat' dir='ltr'><em>scribam</em></span> <span class='ocrx_word' id='word_1_126' title='bbox 1374 1517 1411 1555; x_wconf 81' lang='lat' dir='ltr'><em>in</em></span> <span class='ocrx_word' id='word_1_127' title='bbox 1444 1531 1514 1555; x_wconf 84' lang='lat' dir='ltr'><em>uno</em></span> <span class='ocrx_word' id='word_1_128' title='bbox 1542 1516 1790 1571; x_wconf 75' lang='lat' dir='ltr'><em>antiquffmo</em></span> <span class='ocrx_word' id='word_1_129' title='bbox 1817 1517 1898 1573; x_wconf 91' lang='lat' dir='ltr'><em>ms.,</em></span> <span class='ocrx_word' id='word_1_130' title='bbox 1932 1532 1999 1569; x_wconf 88' lang='lat' dir='ltr'><em>quo</em></span> 
     </span>
    </p>
   </div>
   <div class='ocr_carea' id='block_1_8' title="bbox 597 1581 1999 1703">
    <p class='ocr_par' dir='ltr' id='par_1_8' title="bbox 597 1581 1999 1703">
     <span class='ocr_line' id='line_1_20' title="bbox 597 1581 1999 1640; baseline -0.001 -18"><span class='ocrx_word' id='word_1_131' title='bbox 597 1583 679 1640; x_wconf 86' lang='lat' dir='ltr'><em>solo</em></span> <span class='ocrx_word' id='word_1_132' title='bbox 701 1582 759 1637; x_wconf 85' lang='lat' dir='ltr'><em>ust</em></span> <span class='ocrx_word' id='word_1_133' title='bbox 774 1584 944 1636; x_wconf 80' lang='lat' dir='ltr'><em>fuerunt</em></span> <span class='ocrx_word' id='word_1_134' title='bbox 963 1583 1027 1635; x_wconf 82' lang='lat' dir='ltr'><em>qui</em></span> <span class='ocrx_word' id='word_1_135' title='bbox 1052 1598 1148 1622; x_wconf 82' lang='lat' dir='ltr'><em>nunc</em></span> <span class='ocrx_word' id='word_1_136' title='bbox 1180 1582 1383 1639; x_wconf 80' lang='lat' dir='ltr'><em>supersunt</em></span> <span class='ocrx_word' id='word_1_137' title='bbox 1415 1582 1560 1632; x_wconf 86' lang='lat' dir='ltr'><em>codices,</em></span> <span class='ocrx_word' id='word_1_138' title='bbox 1591 1581 1903 1621; x_wconf 88' lang='lat' dir='ltr'><em>DCCCCLXX</em></span> <span class='ocrx_word' id='word_1_139' title='bbox 1927 1592 1999 1635; x_wconf 87' lang='lat' dir='ltr'><em>pro</em></span> 
     </span>
     <span class='ocr_line' id='line_1_21' title="bbox 609 1646 1996 1703; baseline -0.001 -16"><span class='ocrx_word' id='word_1_140' title='bbox 609 1648 843 1687; x_wconf 87' lang='lat' dir='ltr'><em>DCCCLX</em></span> <span class='ocrx_word' id='word_1_141' title='bbox 841 1648 888 1687; x_wconf 87' lang='lat' dir='ltr'><em>X</em></span> <span class='ocrx_word' id='word_1_142' title='bbox 892 1700 897 1703; x_wconf 16' lang='grc' dir='ltr'>μ</span> <span class='ocrx_word' id='word_1_143' title='bbox 902 1647 1104 1703; x_wconf 67' lang='lat' dir='ltr'><em>scripstſj&#39;e.</em></span> <span class='ocrx_word' id='word_1_144' title='bbox 1130 1647 1352 1687; x_wconf 83' lang='lat' dir='ltr'><em>Guillelmus</em></span> <span class='ocrx_word' id='word_1_145' title='bbox 1369 1647 1463 1686; x_wconf 80' lang='lat' dir='ltr'><em>enim</em></span> <span class='ocrx_word' id='word_1_146' title='bbox 1481 1646 1821 1702; x_wconf 64' lang='lat' dir='ltr'><em>Malmcstoeriensts</em></span> <span class='ocrx_word' id='word_1_147' title='bbox 1838 1648 1876 1687; x_wconf 78' lang='lat' dir='ltr'><em>in</em></span> <span class='ocrx_word' id='word_1_148' title='bbox 1895 1647 1996 1687; x_wconf 88' lang='lat' dir='ltr'><em>Mo-</em></span> 
     </span>
    </p>
   </div>
   <div class='ocr_carea' id='block_1_9' title="bbox 610 1712 1998 1767">
    <p class='ocr_par' dir='ltr' id='par_1_9' title="bbox 610 1712 1998 1767">
     <span class='ocr_line' id='line_1_22' title="bbox 610 1712 1998 1767; baseline -0.001 -14"><span class='ocrx_word' id='word_1_149' title='bbox 610 1714 831 1753; x_wconf 84' lang='lat' dir='ltr'><em>dernorum</em></span> <span class='ocrx_word' id='word_1_150' title='bbox 857 1713 974 1767; x_wconf 81' lang='lat' dir='ltr'><em>gestis</em></span> <span class='ocrx_word' id='word_1_151' title='bbox 999 1727 1141 1766; x_wconf 82' lang='lat' dir='ltr'><em>regum</em></span> <span class='ocrx_word' id='word_1_152' title='bbox 1162 1712 1411 1766; x_wconf 78' lang='lat' dir='ltr'><em>Anglorum,</em></span> <span class='ocrx_word' id='word_1_153' title='bbox 1431 1722 1442 1742; x_wconf 90' lang='lat'><em>1</em></span> <span class='ocrx_word' id='word_1_154' title='bbox 1479 1713 1576 1752; x_wconf 78' lang='lat' dir='ltr'><em>inter</em></span> <span class='ocrx_word' id='word_1_155' title='bbox 1596 1713 1700 1763; x_wconf 79' lang='lat' dir='ltr'><em>alios,</em></span> <span class='ocrx_word' id='word_1_156' title='bbox 1722 1713 1785 1764; x_wconf 88' lang='lat' dir='ltr'><em>qui</em></span> <span class='ocrx_word' id='word_1_157' title='bbox 1803 1713 1845 1752; x_wconf 81' lang='lat' dir='ltr'><em>de</em></span> <span class='ocrx_word' id='word_1_158' title='bbox 1870 1712 1998 1753; x_wconf 81' lang='lat' dir='ltr'><em>Terra</em></span> 
     </span>
    </p>
   </div>
   <div class='ocr_carea' id='block_1_10' title="bbox 609 1825 1263 2729">
    <p class='ocr_par' dir='ltr' id='par_1_10' title="bbox 609 1825 1263 2729">
     <span class='ocr_line' id='line_1_23' title="bbox 659 1825 1260 1870; baseline -0.002 -12"><span class='ocrx_word' id='word_1_159' title='bbox 659 1838 671 1857; x_wconf 92' lang='lat'>1</span> <span class='ocrx_word' id='word_1_160' title='bbox 695 1826 794 1858; x_wconf 88' lang='lat' dir='ltr'><em>Livre</em></span> <span class='ocrx_word' id='word_1_161' title='bbox 816 1827 876 1867; x_wconf 85' lang='lat' dir='ltr'><em>IV,</em></span> <span class='ocrx_word' id='word_1_162' title='bbox 896 1837 925 1858; x_wconf 87' lang='lat' dir='ltr'><em>n.</em></span> <span class='ocrx_word' id='word_1_163' title='bbox 956 1829 1033 1867; x_wconf 84' lang='lat'><em>367,</em></span> <span class='ocrx_word' id='word_1_164' title='bbox 1059 1826 1112 1858; x_wconf 87' lang='lat' dir='ltr'><em>ed.</em></span> <span class='ocrx_word' id='word_1_165' title='bbox 1141 1825 1260 1870; x_wconf 85' lang='lat' dir='ltr'><em>Hardy</em></span> 
     </span>
     <span class='ocr_line' id='line_1_24' title="bbox 611 1878 1257 1923; baseline -0.002 -11"><span class='ocrx_word' id='word_1_166' title='bbox 611 1878 767 1923; x_wconf 78' lang='lat' dir='ltr'><em>(English</em></span> <span class='ocrx_word' id='word_1_167' title='bbox 802 1879 916 1923; x_wconf 72' lang='lat' dir='ltr'><em>histmy</em></span> <span class='ocrx_word' id='word_1_168' title='bbox 929 1879 955 1923; x_wconf 90' lang='lat'><em>),</em></span> <span class='ocrx_word' id='word_1_169' title='bbox 1002 1889 1040 1920; x_wconf 83' lang='lat'><em>11,</em></span> <span class='ocrx_word' id='word_1_170' title='bbox 1090 1882 1257 1922; x_wconf 85' lang='lat'><strong>562-563.</strong></span> 
     </span>
     <span class='ocr_line' id='line_1_25' title="bbox 612 1931 1261 1976; baseline -0.002 -11"><span class='ocrx_word' id='word_1_171' title='bbox 612 1932 717 1966; x_wconf 84' lang='lat' dir='ltr'><em>Cuius</em></span> <span class='ocrx_word' id='word_1_172' title='bbox 746 1932 903 1966; x_wconf 88' lang='lat' dir='ltr'><em>Guilelmi</em></span> <span class='ocrx_word' id='word_1_173' title='bbox 929 1934 1029 1965; x_wconf 86' lang='lat' dir='ltr'><em>verba</em></span> <span class='ocrx_word' id='word_1_174' title='bbox 1059 1932 1189 1976; x_wconf 83' lang='lat' dir='ltr'><em>integra</em></span> <span class='ocrx_word' id='word_1_175' title='bbox 1217 1931 1261 1964; x_wconf 90' lang='lat' dir='ltr'><em>le-</em></span> 
     </span>
     <span class='ocr_line' id='line_1_26' title="bbox 609 1985 1260 2031; baseline -0.002 -12"><span class='ocrx_word' id='word_1_176' title='bbox 609 1987 761 2031; x_wconf 67' lang='lat' dir='ltr'><em>gentium</em></span> <span class='ocrx_word' id='word_1_177' title='bbox 781 1987 884 2020; x_wconf 82' lang='lat' dir='ltr'><em>oculis</em></span> <span class='ocrx_word' id='word_1_178' title='bbox 899 1986 1057 2019; x_wconf 85' lang='lat' dir='ltr'><em>subiicere</em></span> <span class='ocrx_word' id='word_1_179' title='bbox 1072 1985 1151 2019; x_wconf 90' lang='lat' dir='ltr'><em>utile</em></span> <span class='ocrx_word' id='word_1_180' title='bbox 1165 1986 1260 2019; x_wconf 85' lang='lat' dir='ltr'><em>nobis</em></span> 
     </span>
     <span class='ocr_line' id='line_1_27' title="bbox 609 2040 1261 2083; baseline -0.005 -9"><span class='ocrx_word' id='word_1_181' title='bbox 609 2041 712 2074; x_wconf 89' lang='lat' dir='ltr'><em>visum</em></span> <span class='ocrx_word' id='word_1_182' title='bbox 723 2041 782 2073; x_wconf 87' lang='lat' dir='ltr'><em>est:</em></span> <span class='ocrx_word' id='word_1_183' title='bbox 805 2054 816 2070; x_wconf 71' lang='grc' dir='ltr'><em>ι(</em></span> <span class='ocrx_word' id='word_1_184' title='bbox 831 2040 932 2078; x_wconf 79' lang='lat' dir='ltr'><em>Quod</em></span> <span class='ocrx_word' id='word_1_185' title='bbox 948 2040 1143 2073; x_wconf 86' lang='lat' dir='ltr'><em>miraculum</em></span> <span class='ocrx_word' id='word_1_186' title='bbox 1162 2040 1261 2083; x_wconf 72' lang='lat' dir='ltr'><em>[ignis</em></span> 
     </span>
     <span class='ocr_line' id='line_1_28' title="bbox 615 2093 1261 2138; baseline 0 -13"><span class='ocrx_word' id='word_1_187' title='bbox 615 2109 627 2125; x_wconf 80' lang='lat' dir='ltr'><em>&lt;z</em></span> <span class='ocrx_word' id='word_1_188' title='bbox 647 2094 739 2136; x_wconf 86' lang='lat' dir='ltr'><em>sacri]</em></span> <span class='ocrx_word' id='word_1_189' title='bbox 760 2094 897 2138; x_wconf 79' lang='lat' dir='ltr'><em>quando</em></span> <span class='ocrx_word' id='word_1_190' title='bbox 912 2093 1051 2138; x_wconf 82' lang='lat' dir='ltr'><em>coeperit</em></span> <span class='ocrx_word' id='word_1_191' title='bbox 1077 2093 1127 2126; x_wconf 90' lang='lat' dir='ltr'><em>vel</em></span> <span class='ocrx_word' id='word_1_192' title='bbox 1148 2093 1166 2125; x_wconf 84' lang='lat' dir='ltr'>fi</span> <span class='ocrx_word' id='word_1_193' title='bbox 1184 2101 1261 2125; x_wconf 88' lang='lat' dir='ltr'><em>ante</em></span> 
     </span>
     <span class='ocr_line' id='line_1_29' title="bbox 614 2146 1261 2192; baseline 0.002 -14"><span class='ocrx_word' id='word_1_194' title='bbox 614 2163 626 2178; x_wconf 75' lang='grc' dir='ltr'>α</span> <span class='ocrx_word' id='word_1_195' title='bbox 646 2157 798 2192; x_wconf 79' lang='lat' dir='ltr'><em>tempora</em></span> <span class='ocrx_word' id='word_1_196' title='bbox 807 2149 1065 2180; x_wconf 85' lang='lat' dir='ltr'><em>Sarracenorurn</em></span> <span class='ocrx_word' id='word_1_197' title='bbox 1076 2146 1261 2188; x_wconf 83' lang='lat' dir='ltr'><em>fuerit‚nul-</em></span> 
     </span>
     <span class='ocr_line' id='line_1_30' title="bbox 616 2199 1261 2244; baseline 0.002 -13"><span class='ocrx_word' id='word_1_198' title='bbox 616 2216 628 2231; x_wconf 53' lang='grc' dir='ltr'><em>(ι</em></span> <span class='ocrx_word' id='word_1_199' title='bbox 650 2201 710 2234; x_wconf 86' lang='lat' dir='ltr'><em>lius</em></span> <span class='ocrx_word' id='word_1_200' title='bbox 730 2201 871 2234; x_wconf 85' lang='lat' dir='ltr'><em>historiae</em></span> <span class='ocrx_word' id='word_1_201' title='bbox 891 2200 1085 2244; x_wconf 81' lang='lat' dir='ltr'><em>cognitione</em></span> <span class='ocrx_word' id='word_1_202' title='bbox 1107 2199 1261 2233; x_wconf 85' lang='lat' dir='ltr'><em>discerni-</em></span> 
     </span>
     <span class='ocr_line' id='line_1_31' title="bbox 615 2253 1260 2299; baseline 0 -13"><span class='ocrx_word' id='word_1_203' title='bbox 615 2270 626 2286; x_wconf 72' lang='lat'>«</span> <span class='ocrx_word' id='word_1_204' title='bbox 651 2262 715 2288; x_wconf 88' lang='lat' dir='ltr'><em>tur.</em></span> <span class='ocrx_word' id='word_1_205' title='bbox 734 2254 816 2299; x_wconf 84' lang='lat' dir='ltr'><em>Legi</em></span> <span class='ocrx_word' id='word_1_206' title='bbox 837 2254 945 2299; x_wconf 78' lang='lat' dir='ltr'><em>egoin</em></span> <span class='ocrx_word' id='word_1_207' title='bbox 961 2254 1082 2298; x_wconf 91' lang='lat' dir='ltr'><em>scripto</em></span> <span class='ocrx_word' id='word_1_208' title='bbox 1099 2253 1260 2287; x_wconf 84' lang='lat' dir='ltr'><em>Bernardi</em></span> 
     </span>
     <span class='ocr_line' id='line_1_32' title="bbox 615 2308 1262 2352; baseline 0 -13"><span class='ocrx_word' id='word_1_209' title='bbox 615 2323 625 2338; x_wconf 84' lang='lat'>«</span> <span class='ocrx_word' id='word_1_210' title='bbox 650 2308 818 2350; x_wconf 84' lang='lat' dir='ltr'><em>monachi,</em></span> <span class='ocrx_word' id='word_1_211' title='bbox 838 2308 927 2352; x_wconf 90' lang='lat' dir='ltr'><em>quod</em></span> <span class='ocrx_word' id='word_1_212' title='bbox 949 2308 1070 2341; x_wconf 78' lang='lat' dir='ltr'><em>abhinc</em></span> <span class='ocrx_word' id='word_1_213' title='bbox 1088 2309 1182 2341; x_wconf 79' lang='lat' dir='ltr'><em>annis</em></span> <span class='ocrx_word' id='word_1_214' title='bbox 1201 2308 1262 2340; x_wconf 94' lang='lat' dir='ltr'><em>du-</em></span> 
     </span>
     <span class='ocr_line' id='line_1_33' title="bbox 615 2361 1261 2405; baseline -0.003 -10"><span class='ocrx_word' id='word_1_215' title='bbox 615 2377 625 2391; x_wconf 74' lang='lat'><em>‹1</em></span> <span class='ocrx_word' id='word_1_216' title='bbox 650 2362 755 2395; x_wconf 86' lang='lat' dir='ltr'><em>centis</em></span> <span class='ocrx_word' id='word_1_217' title='bbox 773 2361 1031 2405; x_wconf 85' lang='lat' dir='ltr'><em>quinquaginta,</em></span> <span class='ocrx_word' id='word_1_218' title='bbox 1057 2361 1089 2393; x_wconf 93' lang='lat' dir='ltr'><em>id</em></span> <span class='ocrx_word' id='word_1_219' title='bbox 1109 2361 1152 2394; x_wconf 89' lang='lat' dir='ltr'><em>est</em></span> <span class='ocrx_word' id='word_1_220' title='bbox 1172 2372 1261 2393; x_wconf 88' lang='lat' dir='ltr'><em>anno</em></span> 
     </span>
     <span class='ocr_line' id='line_1_34' title="bbox 615 2414 1262 2459; baseline -0.003 -10"><span class='ocrx_word' id='word_1_221' title='bbox 615 2431 625 2445; x_wconf 88' lang='lat'>«</span> <span class='ocrx_word' id='word_1_222' title='bbox 651 2414 891 2449; x_wconf 76' lang='lat' dir='ltr'><em>Incarnationis</em></span> <span class='ocrx_word' id='word_1_223' title='bbox 904 2414 1181 2458; x_wconf 56' lang='lat' dir='ltr'><em>octingentesimo</em></span> <span class='ocrx_word' id='word_1_224' title='bbox 1192 2414 1262 2459; x_wconf 87' lang='lat' dir='ltr'>sep-</span> 
     </span>
     <span class='ocr_line' id='line_1_35' title="bbox 615 2468 1261 2513; baseline 0.003 -14"><span class='ocrx_word' id='word_1_225' title='bbox 615 2484 626 2499; x_wconf 70' lang='grc' dir='ltr'><em>(ι</em></span> <span class='ocrx_word' id='word_1_226' title='bbox 652 2468 851 2513; x_wconf 81' lang='lat' dir='ltr'><em>tuagesimo,</em></span> <span class='ocrx_word' id='word_1_227' title='bbox 885 2468 985 2509; x_wconf 87' lang='lat' dir='ltr'><em>idem,</em></span> <span class='ocrx_word' id='word_1_228' title='bbox 1017 2468 1261 2513; x_wconf 81' lang='lat' dir='ltr'><em>lerosolymam</em></span> 
     </span>
     <span class='ocr_line' id='line_1_36' title="bbox 615 2522 1263 2568; baseline 0.003 -15"><span class='ocrx_word' id='word_1_229' title='bbox 615 2537 626 2553; x_wconf 68' lang='grc' dir='ltr'><em>«ι</em></span> <span class='ocrx_word' id='word_1_230' title='bbox 650 2522 831 2568; x_wconf 63' lang='lat' dir='ltr'><em>profectus,</em></span> <span class='ocrx_word' id='word_1_231' title='bbox 864 2522 975 2566; x_wconf 84' lang='lat' dir='ltr'><em>ignem</em></span> <span class='ocrx_word' id='word_1_232' title='bbox 1007 2522 1097 2555; x_wconf 88' lang='lat' dir='ltr'><em>illum</em></span> <span class='ocrx_word' id='word_1_233' title='bbox 1131 2522 1263 2563; x_wconf 89' lang='lat' dir='ltr'><em>viderit,</em></span> 
     </span>
     <span class='ocr_line' id='line_1_37' title="bbox 616 2575 1262 2620; baseline 0.002 -13"><span class='ocrx_word' id='word_1_234' title='bbox 616 2591 629 2606; x_wconf 72' lang='grc' dir='ltr'><em>α</em></span> <span class='ocrx_word' id='word_1_235' title='bbox 652 2576 902 2620; x_wconf 82' lang='lat' dir='ltr'>hospitatusque</span> <span class='ocrx_word' id='word_1_236' title='bbox 928 2575 1024 2609; x_wconf 79' lang='lat' dir='ltr'><em>fuerit.</em></span> <span class='ocrx_word' id='word_1_237' title='bbox 1052 2576 1084 2608; x_wconf 91' lang='lat' dir='ltr'><em>in</em></span> <span class='ocrx_word' id='word_1_238' title='bbox 1112 2576 1262 2609; x_wconf 88' lang='lat' dir='ltr'><em>xenodo-</em></span> 
     </span>
     <span class='ocr_line' id='line_1_38' title="bbox 616 2629 1261 2674; baseline 0.002 -14"><span class='ocrx_word' id='word_1_239' title='bbox 616 2644 628 2660; x_wconf 84' lang='grc' dir='ltr'>ι</span> <span class='ocrx_word' id='word_1_240' title='bbox 655 2629 744 2673; x_wconf 78' lang='lat' dir='ltr'><em>chio,</em></span> <span class='ocrx_word' id='word_1_241' title='bbox 765 2630 856 2674; x_wconf 89' lang='lat' dir='ltr'><em>quod</em></span> <span class='ocrx_word' id='word_1_242' title='bbox 876 2629 999 2662; x_wconf 85' lang='lat' dir='ltr'><em>ibidem</em></span> <span class='ocrx_word' id='word_1_243' title='bbox 1014 2629 1261 2673; x_wconf 84' lang='lat' dir='ltr'><em>gloriosiffimus</em></span> 
     </span>
     <span class='ocr_line' id='line_1_39' title="bbox 617 2682 1261 2729; baseline 0.002 -15"><span class='ocrx_word' id='word_1_244' title='bbox 617 2697 628 2714; x_wconf 75' lang='grc' dir='ltr'><strong>α</strong></span> <span class='ocrx_word' id='word_1_245' title='bbox 653 2683 802 2717; x_wconf 82' lang='lat' dir='ltr'><em>Karolus</em></span> <span class='ocrx_word' id='word_1_246' title='bbox 829 2695 971 2729; x_wconf 83' lang='lat' dir='ltr'><em>magnus</em></span> <span class='ocrx_word' id='word_1_247' title='bbox 1001 2682 1145 2717; x_wconf 80' lang='lat' dir='ltr'><em>construi</em></span> <span class='ocrx_word' id='word_1_248' title='bbox 1166 2682 1261 2725; x_wconf 85' lang='lat' dir='ltr'><em>iuffit,</em></span> 
     </span>
    </p>
   </div>
   <div class='ocr_carea' id='block_1_11' title="bbox 1329 1823 2001 2726">
    <p class='ocr_par' dir='ltr' id='par_1_11' title="bbox 1329 1823 2001 2726">
     <span class='ocr_line' id='line_1_40' title="bbox 1350 1823 1999 1869; baseline 0.002 -13"><span class='ocrx_word' id='word_1_249' title='bbox 1350 1838 1363 1855; x_wconf 85' lang='lat'>«</span> <span class='ocrx_word' id='word_1_250' title='bbox 1387 1824 1443 1857; x_wconf 90' lang='lat' dir='ltr'><em>ubi</em></span> <span class='ocrx_word' id='word_1_251' title='bbox 1472 1825 1502 1857; x_wconf 73' lang='grc' dir='ltr'><em>δι</em></span> <span class='ocrx_word' id='word_1_252' title='bbox 1531 1824 1744 1858; x_wconf 82' lang='lat' dir='ltr'><em>bibliotecam</em></span> <span class='ocrx_word' id='word_1_253' title='bbox 1775 1823 1919 1869; x_wconf 86' lang='lat' dir='ltr'><em>ingentis</em></span> <span class='ocrx_word' id='word_1_254' title='bbox 1944 1837 1999 1858; x_wconf 89' lang='lat' dir='ltr'><em>ex-</em></span> 
     </span>
     <span class='ocr_line' id='line_1_41' title="bbox 1350 1878 1999 1923; baseline 0.002 -12"><span class='ocrx_word' id='word_1_255' title='bbox 1350 1891 1362 1907; x_wconf 79' lang='lat'>«</span> <span class='ocrx_word' id='word_1_256' title='bbox 1387 1879 1495 1923; x_wconf 82' lang='lat' dir='ltr'><em>pensae</em></span> <span class='ocrx_word' id='word_1_257' title='bbox 1514 1886 1746 1923; x_wconf 87' lang='lat' dir='ltr'><em>compegerat.</em></span> <span class='ocrx_word' id='word_1_258' title='bbox 1771 1878 1999 1922; x_wconf 88' lang='lat' dir='ltr'><em>Tantamque</em></span> 
     </span>
     <span class='ocr_line' id='line_1_42' title="bbox 1350 1931 1998 1977; baseline 0.003 -15"><span class='ocrx_word' id='word_1_259' title='bbox 1350 1944 1363 1961; x_wconf 72' lang='grc' dir='ltr'><em>ι(</em></span> <span class='ocrx_word' id='word_1_260' title='bbox 1387 1932 1418 1964; x_wconf 86' lang='lat'>&amp;</span> <span class='ocrx_word' id='word_1_261' title='bbox 1446 1932 1597 1977; x_wconf 88' lang='lat' dir='ltr'><em>AEgypti</em></span> <span class='ocrx_word' id='word_1_262' title='bbox 1630 1932 1661 1964; x_wconf 73' lang='grc' dir='ltr'><em>δι</em></span> <span class='ocrx_word' id='word_1_263' title='bbox 1692 1943 1749 1975; x_wconf 89' lang='lat' dir='ltr'><em>per</em></span> <span class='ocrx_word' id='word_1_264' title='bbox 1779 1931 1813 1964; x_wconf 89' lang='lat' dir='ltr'><em>id</em></span> <span class='ocrx_word' id='word_1_265' title='bbox 1845 1931 1998 1964; x_wconf 88' lang='lat' dir='ltr'><em>locorum</em></span> 
     </span>
     <span class='ocr_line' id='line_1_43' title="bbox 1350 1984 1998 2029; baseline 0 -12"><span class='ocrx_word' id='word_1_266' title='bbox 1350 1998 1362 2014; x_wconf 71' lang='lat' dir='ltr'><em>&lt;t</em></span> <span class='ocrx_word' id='word_1_267' title='bbox 1387 1993 1633 2018; x_wconf 83' lang='lat' dir='ltr'><em>commemorat</em></span> <span class='ocrx_word' id='word_1_268' title='bbox 1653 1995 1770 2029; x_wconf 87' lang='lat' dir='ltr'><em>pacem</em></span> <span class='ocrx_word' id='word_1_269' title='bbox 1795 1984 1998 2017; x_wconf 84' lang='lat' dir='ltr'><em>Christianos</em></span> 
     </span>
     <span class='ocr_line' id='line_1_44' title="bbox 1350 2037 1999 2071; baseline 0.003 -3"><span class='ocrx_word' id='word_1_270' title='bbox 1350 2051 1362 2068; x_wconf 74' lang='grc' dir='ltr'><em>(ι</em></span> <span class='ocrx_word' id='word_1_271' title='bbox 1388 2038 1445 2070; x_wconf 90' lang='lat' dir='ltr'><em>sub</em></span> <span class='ocrx_word' id='word_1_272' title='bbox 1474 2039 1668 2071; x_wconf 78' lang='lat' dir='ltr'><em>Tur-corum</em></span> <span class='ocrx_word' id='word_1_273' title='bbox 1690 2037 1842 2070; x_wconf 87' lang='lat' dir='ltr'><em>dominio</em></span> <span class='ocrx_word' id='word_1_274' title='bbox 1867 2037 1999 2070; x_wconf 85' lang='lat' dir='ltr'><em>habuis-</em></span> 
     </span>
     <span class='ocr_line' id='line_1_45' title="bbox 1350 2091 1998 2132; baseline -0.002 -8"><span class='ocrx_word' id='word_1_275' title='bbox 1350 2103 1363 2121; x_wconf 89' lang='lat'>«</span> <span class='ocrx_word' id='word_1_276' title='bbox 1388 2091 1428 2132; x_wconf 92' lang='lat' dir='ltr'><em>se,</em></span> <span class='ocrx_word' id='word_1_277' title='bbox 1461 2101 1496 2124; x_wconf 87' lang='lat' dir='ltr'><em>ut</em></span> <span class='ocrx_word' id='word_1_278' title='bbox 1527 2091 1546 2124; x_wconf 84' lang='lat' dir='ltr'><em>sl</em></span> <span class='ocrx_word' id='word_1_279' title='bbox 1578 2091 1673 2124; x_wconf 87' lang='lat' dir='ltr'><em>alicui</em></span> <span class='ocrx_word' id='word_1_280' title='bbox 1695 2091 1797 2124; x_wconf 88' lang='lat' dir='ltr'><em>vianti</em></span> <span class='ocrx_word' id='word_1_281' title='bbox 1824 2091 1857 2124; x_wconf 91' lang='lat' dir='ltr'><em>in</em></span> <span class='ocrx_word' id='word_1_282' title='bbox 1882 2091 1998 2124; x_wconf 82' lang='lat' dir='ltr'><em>mediis</em></span> 
     </span>
     <span class='ocr_line' id='line_1_46' title="bbox 1350 2144 2000 2189; baseline 0.002 -12"><span class='ocrx_word' id='word_1_283' title='bbox 1350 2157 1362 2175; x_wconf 88' lang='lat'>«</span> <span class='ocrx_word' id='word_1_284' title='bbox 1386 2144 1474 2178; x_wconf 89' lang='lat' dir='ltr'><em>forte</em></span> <span class='ocrx_word' id='word_1_285' title='bbox 1499 2145 1600 2178; x_wconf 87' lang='lat' dir='ltr'><em>triviis</em></span> <span class='ocrx_word' id='word_1_286' title='bbox 1627 2145 1827 2186; x_wconf 83' lang='lat' dir='ltr'><em>iumentum,</em></span> <span class='ocrx_word' id='word_1_287' title='bbox 1856 2156 1925 2189; x_wconf 91' lang='lat' dir='ltr'><em>quo</em></span> <span class='ocrx_word' id='word_1_288' title='bbox 1943 2157 2000 2178; x_wconf 89' lang='lat' dir='ltr'><em>ne-</em></span> 
     </span>
     <span class='ocr_line' id='line_1_47' title="bbox 1350 2198 2000 2242; baseline 0 -10"><span class='ocrx_word' id='word_1_289' title='bbox 1350 2212 1362 2228; x_wconf 79' lang='lat'>«</span> <span class='ocrx_word' id='word_1_290' title='bbox 1386 2198 1520 2232; x_wconf 81' lang='lat' dir='ltr'><em>ceffaria</em></span> <span class='ocrx_word' id='word_1_291' title='bbox 1550 2199 1696 2240; x_wconf 89' lang='lat' dir='ltr'><em>veheret,</em></span> <span class='ocrx_word' id='word_1_292' title='bbox 1744 2198 2000 2242; x_wconf 83' lang='lat' dir='ltr'><em>defungeretur,</em></span> 
     </span>
     <span class='ocr_line' id='line_1_48' title="bbox 1351 2251 2001 2296; baseline 0.003 -13"><span class='ocrx_word' id='word_1_293' title='bbox 1351 2265 1363 2282; x_wconf 73' lang='grc' dir='ltr'><strong>α</strong></span> <span class='ocrx_word' id='word_1_294' title='bbox 1387 2252 1448 2293; x_wconf 90' lang='lat' dir='ltr'><em>ille,</em></span> <span class='ocrx_word' id='word_1_295' title='bbox 1482 2252 1600 2285; x_wconf 58' lang='lat' dir='ltr'><em>relifflis</em></span> <span class='ocrx_word' id='word_1_296' title='bbox 1634 2251 1778 2294; x_wconf 82' lang='lat' dir='ltr'><em>sarcinis,</em></span> <span class='ocrx_word' id='word_1_297' title='bbox 1814 2252 1857 2284; x_wconf 94' lang='lat' dir='ltr'><em>ad</em></span> <span class='ocrx_word' id='word_1_298' title='bbox 1889 2253 2001 2296; x_wconf 87' lang='lat' dir='ltr'><em>proxi—</em></span> 
     </span>
     <span class='ocr_line' id='line_1_49' title="bbox 1351 2305 2001 2350; baseline 0.005 -14"><span class='ocrx_word' id='word_1_299' title='bbox 1351 2320 1362 2335; x_wconf 84' lang='lat'>«</span> <span class='ocrx_word' id='word_1_300' title='bbox 1388 2318 1476 2338; x_wconf 88' lang='lat' dir='ltr'><em>mam</em></span> <span class='ocrx_word' id='word_1_301' title='bbox 1497 2307 1615 2339; x_wconf 88' lang='lat' dir='ltr'><em>urbem</em></span> <span class='ocrx_word' id='word_1_302' title='bbox 1633 2305 1807 2350; x_wconf 86' lang='lat' dir='ltr'><em>expeditus</em></span> <span class='ocrx_word' id='word_1_303' title='bbox 1826 2317 1888 2350; x_wconf 86' lang='lat' dir='ltr'><em>pro</em></span> <span class='ocrx_word' id='word_1_304' title='bbox 1906 2306 2001 2339; x_wconf 86' lang='lat' dir='ltr'><em>auxi—</em></span> 
     </span>
     <span class='ocr_line' id='line_1_50' title="bbox 1351 2359 2000 2403; baseline 0.003 -12"><span class='ocrx_word' id='word_1_305' title='bbox 1351 2373 1362 2390; x_wconf 69' lang='lat'>«</span> <span class='ocrx_word' id='word_1_306' title='bbox 1387 2359 1430 2392; x_wconf 90' lang='lat' dir='ltr'><em>lio</em></span> <span class='ocrx_word' id='word_1_307' title='bbox 1452 2368 1619 2403; x_wconf 83' lang='lat' dir='ltr'><em>pergeret,</em></span> <span class='ocrx_word' id='word_1_308' title='bbox 1638 2359 1752 2392; x_wconf 88' lang='lat' dir='ltr'><em>omnia</em></span> <span class='ocrx_word' id='word_1_309' title='bbox 1772 2371 1849 2403; x_wconf 88' lang='lat' dir='ltr'><em>quae</em></span> <span class='ocrx_word' id='word_1_310' title='bbox 1868 2359 2000 2393; x_wconf 88' lang='lat' dir='ltr'><em>dimise-</em></span> 
     </span>
     <span class='ocr_line' id='line_1_51' title="bbox 1351 2412 1999 2461; baseline 0.003 -17"><span class='ocrx_word' id='word_1_311' title='bbox 1351 2426 1363 2444; x_wconf 84' lang='lat'>«</span> <span class='ocrx_word' id='word_1_312' title='bbox 1387 2420 1436 2445; x_wconf 90' lang='lat' dir='ltr'><em>rat</em></span> <span class='ocrx_word' id='word_1_313' title='bbox 1455 2412 1584 2461; x_wconf 78' lang='lat' dir='ltr'><em>illibata</em></span> <span class='ocrx_word' id='word_1_314' title='bbox 1599 2413 1712 2457; x_wconf 89' lang='lat' dir='ltr'><em>procul</em></span> <span class='ocrx_word' id='word_1_315' title='bbox 1728 2412 1832 2446; x_wconf 89' lang='lat' dir='ltr'><em>dubio</em></span> <span class='ocrx_word' id='word_1_316' title='bbox 1849 2420 1999 2458; x_wconf 88' lang='lat' dir='ltr'><em>repertu-</em></span> 
     </span>
     <span class='ocr_line' id='line_1_52' title="bbox 1351 2466 1998 2500; baseline 0.003 -3"><span class='ocrx_word' id='word_1_317' title='bbox 1351 2480 1363 2497; x_wconf 95' lang='lat'>«</span> <span class='ocrx_word' id='word_1_318' title='bbox 1389 2478 1455 2499; x_wconf 75' lang='lat' dir='ltr'><em>rus,</em></span> <span class='ocrx_word' id='word_1_319' title='bbox 1472 2466 1590 2499; x_wconf 85' lang='lat' dir='ltr'><em>Nullus</em></span> <span class='ocrx_word' id='word_1_320' title='bbox 1605 2474 1719 2499; x_wconf 88' lang='lat' dir='ltr'><em>tamen</em></span> <span class='ocrx_word' id='word_1_321' title='bbox 1738 2466 1783 2499; x_wconf 92' lang='lat' dir='ltr'><em>ibi</em></span> <span class='ocrx_word' id='word_1_322' title='bbox 1795 2466 1998 2500; x_wconf 86' lang='lat' dir='ltr'><em>Christianus</em></span> 
     </span>
     <span class='ocr_line' id='line_1_53' title="bbox 1350 2519 1999 2565; baseline 0.003 -14"><span class='ocrx_word' id='word_1_323' title='bbox 1350 2533 1363 2551; x_wconf 71' lang='grc' dir='ltr'>α</span> <span class='ocrx_word' id='word_1_324' title='bbox 1388 2519 1574 2564; x_wconf 85' lang='lat' dir='ltr'><em>alienigena</em></span> <span class='ocrx_word' id='word_1_325' title='bbox 1594 2520 1705 2553; x_wconf 90' lang='lat' dir='ltr'><em>secure</em></span> <span class='ocrx_word' id='word_1_326' title='bbox 1723 2520 1849 2562; x_wconf 84' lang='lat' dir='ltr'><em>vivere,</em></span> <span class='ocrx_word' id='word_1_327' title='bbox 1863 2532 1924 2565; x_wconf 92' lang='lat' dir='ltr'><em>pro</em></span> <span class='ocrx_word' id='word_1_328' title='bbox 1943 2533 1999 2553; x_wconf 89' lang='lat' dir='ltr'><em>ex-</em></span> 
     </span>
     <span class='ocr_line' id='line_1_54' title="bbox 1352 2573 1999 2618; baseline 0.005 -15"><span class='ocrx_word' id='word_1_329' title='bbox 1352 2587 1363 2603; x_wconf 73' lang='lat' dir='ltr'><em>a</em></span> <span class='ocrx_word' id='word_1_330' title='bbox 1387 2573 1594 2618; x_wconf 84' lang='lat' dir='ltr'><em>ploratorum</em></span> <span class='ocrx_word' id='word_1_331' title='bbox 1629 2573 1823 2618; x_wconf 87' lang='lat' dir='ltr'><em>suspicione,</em></span> <span class='ocrx_word' id='word_1_332' title='bbox 1854 2581 1999 2618; x_wconf 88' lang='lat' dir='ltr'><em>poterat,</em></span> 
     </span>
     <span class='ocr_line' id='line_1_55' title="bbox 1351 2625 1998 2672; baseline 0.002 -15"><span class='ocrx_word' id='word_1_333' title='bbox 1351 2641 1363 2657; x_wconf 68' lang='grc' dir='ltr'><em>(ι</em></span> <span class='ocrx_word' id='word_1_334' title='bbox 1391 2626 1444 2660; x_wconf 82' lang='lat' dir='ltr'><em>nisi</em></span> <span class='ocrx_word' id='word_1_335' title='bbox 1465 2626 1567 2671; x_wconf 83' lang='lat' dir='ltr'><em>sigillo</em></span> <span class='ocrx_word' id='word_1_336' title='bbox 1589 2626 1799 2671; x_wconf 81' lang='lat' dir='ltr'><em>imperatoris</em></span> <span class='ocrx_word' id='word_1_337' title='bbox 1818 2625 1998 2672; x_wconf 87' lang='lat' dir='ltr'><em>Babylonij</em></span> 
     </span>
     <span class='ocr_line' id='line_1_56' title="bbox 1329 2680 2000 2726; baseline 0.003 -14"><span class='ocrx_word' id='word_1_338' title='bbox 1329 2694 1364 2719; x_wconf 41' lang='lat' dir='ltr'><em>s«</em></span> <span class='ocrx_word' id='word_1_339' title='bbox 1387 2680 1506 2723; x_wconf 73' lang='lat' dir='ltr'><em>f1·etus;</em></span> <span class='ocrx_word' id='word_1_340' title='bbox 1535 2680 1701 2726; x_wconf 68' lang='lat' dir='ltr'><em>indigenae</em></span> <span class='ocrx_word' id='word_1_341' title='bbox 1721 2691 1839 2725; x_wconf 87' lang='lat' dir='ltr'><em>pacem</em></span> <span class='ocrx_word' id='word_1_342' title='bbox 1863 2680 2000 2714; x_wconf 89' lang='lat' dir='ltr'><em>Turco-</em></span> 
     </span>
    </p>
   </div>
  </div>
 </body>
</html>
