2216 3435
584 141 697 200 xlviij
1155 152 1450 186 PRAEFATIO.

586 302 717 342 honore
727 301 911 360 spoliata.
937 300 1017 341 Nec
1032 311 1109 341 tam
1127 300 1312 340 inauditae
1327 298 1494 352 petitioni
1507 313 1644 338 morem
1656 296 1799 350 geffere
1814 307 1944 350 patres
1959 300 1989 342 ;'

584 369 620 407 in
644 368 852 426 adversum
867 368 1006 407 locutus
1025 368 1072 421 est
1093 366 1272 420 Cyrillus,
1293 362 1572 405 Alexandrinus
1590 362 1835 417 patriarcha,
1856 363 1973 403 Iuve-

586 434 771 490 nalisque,
790 444 872 473 voto
893 433 1161 487 defraudatus,
1181 433 1310 471 urbem
1329 430 1507 486 santtam
1528 429 1681 484 repetiit.
1703 438 1714 458 ¹
1744 427 1877 481 Neque
1899 444 1975 468 una

587 500 742 556 repulsa
764 508 958 548 contentus,
987 498 1081 537 idem
1103 496 1302 536 Iuvenalis
1317 511 1413 535 anno
1431 506 1511 547 450
1531 496 1578 534 ab
1599 494 1781 550 Ephestno
1798 495 1975 534 concilia-

587 565 685 616 bulo,
705 566 742 605 in
764 580 831 618 quo
851 565 1008 604 maiores
1028 578 1180 602 numero
1199 572 1311 602 erant
1329 560 1499 614 Eutychzj
1514 561 1708 614 fautores,
1740 561 1835 600 hanc
1854 559 1977 615 ipsam

587 630 812 684 impetravit
836 628 1127 683 patriarchatus
1155 627 1386 679 dignitatem,
1417 626 1611 680 imperiali
1616 626 1785 680 favente
1807 625 1976 665 auotori-

588 705 676 746 tate,
698 711 740 734 ac
756 695 905 735 tandem
927 708 1023 732 anno
1042 705 1134 745 451,
1156 692 1211 731 ad
1226 691 1343 746 fidem
1365 690 1599 730 orthodoxam
1620 691 1812 746 reversus,
1833 691 1881 731 ab
1901 689 1979 745 ipso

590 759 873 814 Chalcedonenst
911 758 1058 798 concilio
1101 758 1191 797 novi
1226 756 1428 811 privilegij
1460 755 1773 810 confirmationem
1813 755 1976 796 obtinuit.

590 825 742 882 Hieros
737 825 945 879 olymitanae
960 822 1116 879 ecclcfiae
1133 821 1226 862 Tres
1242 821 1462 875 Palastinae
1478 821 1627 875 concqff
1618 836 1651 860 ae
1654 821 1838 874 fuerunt,
1850 819 1977 860 Antio-

590 891 711 931 chenae
731 906 822 931 vero
843 890 947 929 Dua:
970 889 1174 929 Phoeniciae
1196 897 1304 940 atque
1325 886 1472 927 Arabia
1493 886 1645 926 reliaae.

645 957 730 997 Iam
756 956 857 996 illius
878 955 1055 1011 opusculi,
1075 955 1173 1007 quod
1187 954 1298 1008 infra
1321 952 1576 1002 exhibebimus,
1609 962 1701 992 aetas
1733 968 1774 991 ex
1803 951 1879 992 illis
1899 966 1981 1004 quae

586 1022 808 1077 praecedunt
840 1021 1006 1061 concludi
1029 1021 1149 1075 potest.
1181 1019 1270 1058 Non
1294 1029 1377 1058 ante
1399 1032 1539 1057 annum
1559 1030 1632 1070 451
1659 1017 1851 1073 scriptum
1866 1017 1982 1071 suit;

591 1086 847 1143 verisimiliter
862 1096 999 1136 autem,
1019 1101 1100 1125 cum
1116 1085 1279 1125 locorum
1294 1083 1443 1123 nomina
1450 1098 1621 1136 graecam
1637 1082 1808 1136 linguam
1823 1083 1982 1122 maxime

592 1152 795 1203 redoleant,
816 1168 957 1192 annum
975 1152 1067 1205 637,
1088 1166 1154 1203 quo
1170 1149 1380 1189 Sarraceni
1399 1148 1611 1203 Palaestina
1630 1148 1738 1203 potiti
1746 1148 1855 1204 sunt,
1877 1158 1981 1189 ante-

592 1219 693 1259 cedit.
712 1228 730 1248 2
752 1218 863 1273 ,Quin
885 1218 1009 1268 ctiam,
1034 1215 1075 1272 st
1093 1216 1194 1255 modo
1213 1215 1343 1255 lectori
1362 1229 1444 1267 quae
1471 1214 1582 1268 infra
1604 1214 1762 1253 dicemus
1786 1214 1981 1268 probave-

594 1284 725 1334 rimus,
758 1293 842 1323 ante
863 1297 1003 1322 annum
1023 1292 1100 1334 553
1122 1279 1242 1335 ipsum
1264 1288 1464 1319 exaratum
1472 1278 1602 1333 fuzffe
1621 1278 1910 1332 neceffi’fuerit.

647 1347 710 1388 Ad
726 1348 861 1388 calcem
881 1347 974 1387 enim
1000 1345 1148 1402 huiusce
1173 1343 1472 1396 Descriptionis
1499 1343 1725 1396 parrochiae
1754 1341 1984 1394 Ierusalem,

594 1414 772 1454 maiorem
789 1413 992 1466 quamdam
1005 1409 1213 1451 Antiochiae
1235 1420 1343 1462 atque
1359 1408 1634 1465 Hierosolyma:
1645 1408 1987 1480 patriarchatuum

595 1479 763 1519 notitiam
795 1479 886 1533 typis
906 1476 1148 1526 tradidimus,
1177 1490 1290 1527 quam
1311 1474 1481 1514 nonnulli
1500 1474 1632 1513 codices
1657 1473 1855 1513 Guillelmi
1876 1473 1914 1514 'J
1905 1474 1987 1527 jrij

596 1544 618 1584 h
620 1545 756 1597 storzae
776 1544 1072 1600 subiunxerunt,
1092 1556 1308 1594 quanquam
1340 1540 1487 1580 auc‘tori
1505 1555 1586 1579 eam
1607 1539 1863 1596 transcribere
1891 1549 1986 1579 certe

597 1610 634 1650 in
655 1610 776 1650 animo
795 1625 863 1648 non
874 1608 1030 1663 fuerit;
1061 1622 1173 1660 quam
1194 1606 1338 1659 quidem
1359 1605 1526 1644 notitiam
1553 1605 1666 1645 multo
1674 1605 1820 1662 sacras
1838 1605 1985 1660 expedi-

596 1675 706 1715 tiones
721 1673 948 1729 praeceſjff
968 1673 1162 1712 credimus.
1197 1671 1332 1724 ‘Quum
1363 1671 1456 1710 enim
1478 1669 1718 1709 Francorum
1740 1670 1865 1709 virtus
1888 1667 1986 1708 Ter—

597 1756 684 1780 ram
724 1740 896 1779 Santtam
940 1738 1152 1792 christiana?
1174 1737 1271 1792 fidei
1309 1735 1541 1789 reddidiffet,
1579 1735 1670 1774 novi
1699 1735 1830 1774 limites
1863 1734 1989 1786 cuique

599 1805 752 1860 ecclefiae
784 1805 960 1845 attributi
977 1803 1096 1861 sunt;
1125 1818 1206 1842 cum
1227 1817 1295 1840 non
1311 1817 1426 1840 omnes
1447 1801 1570 1850 urbes,
1590 1815 1682 1852 quas
1702 1800 1886 1852 quondam
1901 1799 1988 1838 An—

599 1871 781 1911 tiochenus
807 1869 1103 1925 patriarchatus
1124 1867 1354 1921 pcff’derat,
1381 1865 1460 1905 chr
1445 1866 1570 1920 stiam
1599 1865 1747 1905 dicionis
1761 1865 1851 1922 suae
1864 1864 1989 1920 jecis-

588 1937 690 1995 sent,
704 1951 798 1976 novo
806 1934 1061 1990 patriarchae,
1081 1933 1195 1972 latini
1217 1932 1361 1985 quidem
1378 1932 1487 1982 ritus,
1509 1946 1577 1970 non
1600 1946 1717 1970 omnes
1733 1931 1812 1986 fiae
1832 1929 1992 1970 attribui

596 2012 780 2055 poterant.
804 2001 929 2041 Inde
915 2016 987 2040 irae
1008 1999 1136 2039 multae
1158 1997 1461 2053 dfflnfionesque
1483 2006 1574 2036 ortae
1585 1994 1695 2052 sunt,
1710 1995 1929 2051 praesertim
1950 1995 1992 2034 de

604 2066 776 2122 'lyrensts
811 2066 963 2120 ecclestae
988 2065 1192 2120 primatia,
1230 2079 1322 2116 quas
1355 2063 1502 2102 tandem
1524 2062 1686 2116 sedavit
1715 2059 1913 2117 Paschalis
1933 2059 1990 2099 II.

600 2133 672 2173 Ille
697 2133 791 2172 enim
809 2132 984 2189 summus
1005 2130 1188 2185 pontifex,
1221 2130 1278 2168 die
1299 2134 1434 2168 ottava
1460 2126 1587 2182 menfis
1615 2126 1722 2178 iunij,
1753 2141 1849 2164 anno
1879 2138 1993 2176 1111,

595 2208 735 2252 petente
768 2196 960 2237 Balduino
995 2211 1093 2247 rege,
1131 2191 1490 2249 Hierosolymitanae
1523 2191 1681 2246 ecclestae
1722 2206 1838 2230 omnes
1872 2192 1993 2242 urbes,

600 2278 693 2316 quas
714 2263 877 2316 deinceps
895 2260 969 2318 sui
987 2261 1080 2301 iuris
1087 2261 1272 2315 facerent
1290 2257 1506 2312 Chrffliani,
1535 2257 1722 2306 attribuit,
1754 2257 1864 2296 etiam
1892 2256 1994 2308 illas,

601 2343 683 2381 quae
698 2329 870 2368 hattenus
887 2325 1274 2380 Antiochenifuiffent
1286 2323 1588 2379 patriarchatus.
1609 2332 1624 2362 3
1649 2322 1747 2362 Illas
1762 2320 1995 2376 dzſjenfiones

653 2429 665 2448 1
690 2417 820 2458 Labbe,
842 2427 898 2457 111,
917 2419 997 2457 642.
1340 2412 1372 2445 in
1403 2412 1517 2445 multis
1548 2412 1744 2451 concordat,
1772 2423 1792 2444 a
1822 2411 1943 2445 saeculo
1966 2413 1994 2444 V

650 2485 669 2505 2
694 2473 780 2504 Haec
796 2470 840 2503 est
863 2469 976 2502 saltem
996 2469 1105 2502 nostra
1129 2468 1256 2501 senten·
1340 2466 1382 2498 ad
1401 2467 1468 2498 VII
1488 2466 1641 2510 scriptam
1667 2464 1762 2498 fuiss'e
1784 2465 1993 2498 censuerunt.

602 2524 657 2558 tia.
675 2523 903 2563 Bollandistae,
918 2523 974 2567 qui
989 2523 1031 2555 de
1049 2523 1113 2555 hac
1129 2533 1162 2554 re
1176 2521 1257 2553 doc·
1391 2531 1406 2561 3
1422 2520 1475 2552 De
1485 2518 1893 2561 Rozieressartulairedu
1904 2517 1997 2551 Saint

604 2577 721 2610 tiffime
746 2576 967 2610 disseruerunt
986 2577 1074 2620 (AA.
1097 2577 1160 2616 SS„
1181 2573 1256 2617 maij
1342 2572 1650 2618 Sepulcre,p.13,n.
1668 2573 1799 2616 12,&p.
1816 2570 1996 2614 8‚n.9.Cf.

604 2632 647 2672 ΙΙ,
676 2643 708 2675 p.
749 2631 847 2674 805),
882 2630 968 2663 hanc
1010 2629 1177 2669 notitiam,
1208 2627 1258 2661 vel
1345 2626 1517 2661 Guillelmi
1537 2626 1638 2671 Tyrij
1658 2626 1737 2670 Hzst.
1755 2624 1996 2668 Hierosolimit„

604 2684 715 2729 potius
752 2684 929 2729 quoddam
965 2683 1146 2727 genuinum
1174 2693 1258 2725 opus
1330 2690 1394 2720 χι,
1411 2690 1439 2711 e.
1463 2690 1518 2720 27,
1546 2680 1578 2712 δι
1604 2689 1683 2720 xlv,
1714 2690 1741 2712 c.
1772 2691 1824 2719 14,
1849 2679 1881 2711 &
1905 2677 1996 2722 Rey,

605 2749 716 2783 graece
747 2738 917 2782 scriptum,
953 2736 1044 2781 quod
1084 2747 1160 2769 cum
1191 2735 1259 2779 ipsa
1344 2733 1509 2778 Lignages
1528 2733 1749 2771 rivuli-emer,
1771 2744 1800 2775 p.
1823 2743 1899 2772 709.
