2216 3435
619 226 707 275 140
1016 221 1274 255 IOHANNES
1301 221 1366 254 DE
1392 221 1600 255 TULBIA.

612 371 755 415 clerici
771 370 925 415 &laici
945 370 1117 416 fuerunt
1131 370 1404 432 congregati,
1418 370 1464 414 &
1481 387 1583 416 vera
1601 386 1703 415 crux
1720 386 1821 414 cum
1839 369 1997 416 vexillo

612 439 861 497 anteibant,
884 443 928 486 ὃ(
948 442 1213 486 intraverunt
1233 440 1453 486 civitatem
1473 439 1697 486 laudantes
1716 440 1936 486 Christum
1953 442 1999 486 ὃ(

613 513 790 557 Beatam
813 513 994 558 Mariam
1019 513 1064 557 ὃς
1083 528 1238 556 omnes
1262 511 1458 570 Sancffoe,
1484 514 1529 557 &
1553 514 1593 557 ‘T
1591 532 1610 557 e
1628 516 1760 557 ‘Deum
1787 513 1997 558 laudamus

613 586 658 630 &
683 586 832 630 Gloria
859 589 899 630 in
931 585 1086 646 excelsis
1111 587 1202 628 ‘Deo
1227 581 1447 645 plorando
1483 600 1560 645 pre
1593 582 1759 646 gaudio
1795 599 1999 630 cantave-

613 671 726 713 runt,
764 654 867 701 sicut
891 672 1029 700 mater
1060 653 1116 700 de
1141 652 1295 700 amisso
1322 653 1429 713 filio,
1462 671 1516 699 eo
1545 655 1727 701 invento
1754 653 1808 700 cle
1832 653 2000 719 gaudio

612 727 772 790 plorat,
800 725 854 772 {ic
874 727 1018 772 sansta
1040 724 1231 784 ecclefia,
1257 742 1342 787 que
1367 726 1425 771 est
1449 742 1586 772 mater
1607 726 1764 785 nostra,
1788 744 1875 772 una
1900 743 2002 772 cum

613 797 708 843 filiis
730 798 811 842 suis
832 796 886 842 de
917 797 1254 860 recuperacione
1274 797 1479 842 Damiate
1498 797 1617 842 letati
1637 797 1824 855 fuerunt,
1849 799 1894 843 &
1912 798 2003 860 ipse

616 869 819 915 dominus
857 869 1023 932 legatus
1048 866 1281 914 celebravit
1305 866 1478 914 miffam
1513 867 1569 914 ad
1605 868 1825 915 honorem
1849 870 1934 916 Dei
1958 871 2003 915 ὅ(

615 943 742 987 Beate
766 942 900 987 Marie
925 942 970 986 δε
994 941 1197 985 omnium
1220 941 1479 985 Sandiorum
1503 941 1548 985 ὃ(
1574 938 1678 986 ficut
1699 941 1744 985 in
1768 940 1841 986 illa
1866 939 1935 985 die
1958 940 2004 985 in

616 1013 783 1076 templo
808 1012 1044 1058 luminariis
1080 1011 1158 1057 fuit
1181 1012 1462 1073 presentatus,
1499 1013 1558 1057 ita
1578 1012 1810 1058 Christiani
1835 1010 2004 1057 obtule-

615 1101 714 1130 runt
752 1083 1008 1129 sacrificium
1045 1084 1144 1128 Deo
1181 1083 1226 1127 in
1266 1084 1472 1129 Damiata
1506 1084 1836 1130 inmaculatum.
1877 1084 2006 1130 Tunc

617 1155 892 1218 completum
929 1155 987 1200 est
1021 1155 1066 1200 in
1100 1155 1320 1211 Damiata‚
1347 1152 1452 1200 ficut
1487 1154 1643 1201 dicitur
1674 1157 1718 1201 in
1745 1155 2005 1219 evangelio:

617 1226 755 1272 homo
781 1227 963 1290 quidam
988 1225 1137 1272 habuit
1162 1225 1273 1272 duos
1293 1225 1404 1271 filios
1428 1228 1473 1272 ὃς
1493 1244 1602 1272 unus
1622 1227 1809 1273 militum
1834 1243 2006 1290 tempus

617 1299 720 1344 vixit
749 1299 963 1345 luxuriole
999 1301 1044 1344 ὅ(
1080 1298 1264 1361 perierat
1287 1300 1332 1343 ὃς
1367 1298 1618 1344 recordatus
1656 1298 1714 1345 est
1738 1300 1784 1344 ὃς
1807 1299 1927 1345 venit
1950 1297 2007 1344 ad

617 1370 869 1417 mercedem
887 1372 1018 1434 patris
1039 1371 1114 1430 sui,
1140 1372 1185 1415 ὃς
1205 1371 1295 1433 ipse
1314 1370 1529 1416 interfecit
1552 1370 1739 1417 vitulum
1761 1370 2008 1433 saginatum

617 1445 663 1488 ὅ(
687 1442 919 1489 celebravit
945 1443 1125 1504 nupcias
1150 1443 1286 1500 (Luc.‚
1312 1456 1394 1499 XV,
1432 1448 1605 1505 11-32).
1646 1445 1704 1488 lta
1729 1443 1839 1504 patri
1867 1441 2008 1487 celesti

620 1514 797 1577 placuit,
822 1532 989 1578 agnum
1028 1512 1113 1559 sine
1150 1513 1323 1559 macula
1346 1511 1421 1558 fibi
1451 1511 1536 1558 esse
1570 1512 1785 1572 oblatum,
1829 1515 1888 1574 ὃς,
1935 1511 2009 1558 ubi

620 1588 844 1634 Mahumet
886 1584 1110 1631 colebatur
1152 1586 1285 1648 usque
1324 1603 1442 1631 nunc
1468 1584 1584 1632 dic‘ta
1623 1586 1681 1632 est
1722 1586 2005 1644 macomeria,

622 1660 762 1707 modo
790 1660 845 1706 de
872 1659 1019 1723 gracia
1046 1658 1161 1704 dic'ta
1187 1658 1244 1704 est
1270 1659 1396 1722 virgo
1422 1659 1569 1705 Maria.
1597 1661 1755 1704 Amen.
