<?xml version="1.0" encoding="UTF-8"?>
<!DOCTYPE html PUBLIC "-//W3C//DTD XHTML 1.0 Transitional//EN"
    "http://www.w3.org/TR/xhtml1/DTD/xhtml1-transitional.dtd">
<html xmlns="http://www.w3.org/1999/xhtml" xml:lang="en" lang="en">
 <head>
  <title>
</title>
<meta http-equiv="Content-Type" content="text/html;charset=utf-8" />
  <meta name='ocr-system' content='tesseract 3.04.00' />
  <meta name='ocr-capabilities' content='ocr_page ocr_carea ocr_par ocr_line ocrx_word'/>
</head>
<body>
  <div class='ocr_page' id='page_1' title='image "./p1itinerahierosoly1tobl_0342.png"; bbox 0 0 2216 3435; ppageno 0'>
   <div class='ocr_carea' id='block_1_1' title="bbox 605 221 1764 266">
    <p class='ocr_par' dir='ltr' id='par_1_1' title="bbox 605 221 1764 266">
     <span class='ocr_line' id='line_1_1' title="bbox 605 221 1764 266; baseline -0.003 -2"><span class='ocrx_word' id='word_1_1' title='bbox 605 221 695 266; x_wconf 87' lang='lat'><strong>280</strong></span> <span class='ocrx_word' id='word_1_2' title='bbox 812 229 1246 262; x_wconf 86' lang='lat' dir='ltr'><strong>SANCTIMONIALIS</strong></span> <span class='ocrx_word' id='word_1_3' title='bbox 1284 228 1764 262; x_wconf 86' lang='lat' dir='ltr'><strong>HEYDENHEIMENSIS</strong></span> 
     </span>
    </p>
   </div>
   <div class='ocr_carea' id='block_1_2' title="bbox 606 308 1490 314">
    <p class='ocr_par' dir='ltr' id='par_1_2' title="bbox 606 308 1490 314">
     <span class='ocr_line' id='line_1_2' title="bbox 606 308 1490 314; baseline 0 0"><span class='ocrx_word' id='word_1_4' title='bbox 606 308 1490 314; x_wconf 95' lang='lat' dir='ltr'><strong> </strong></span> 
     </span>
    </p>
   </div>
   <div class='ocr_carea' id='block_1_3' title="bbox 602 374 1988 1368">
    <p class='ocr_par' dir='ltr' id='par_1_3' title="bbox 602 374 1988 1368">
     <span class='ocr_line' id='line_1_3' title="bbox 604 374 1981 438; baseline -0.001 -16"><span class='ocrx_word' id='word_1_5' title='bbox 604 376 688 422; x_wconf 92' lang='lat' dir='ltr'><strong>huc</strong></span> <span class='ocrx_word' id='word_1_6' title='bbox 711 374 876 422; x_wconf 82' lang='lat' dir='ltr'>ibidem</span> <span class='ocrx_word' id='word_1_7' title='bbox 901 376 1106 438; x_wconf 89' lang='lat' dir='ltr'><strong>operariis</strong></span> <span class='ocrx_word' id='word_1_8' title='bbox 1131 375 1266 420; x_wconf 88' lang='lat' dir='ltr'><strong>latum</strong></span> <span class='ocrx_word' id='word_1_9' title='bbox 1286 390 1418 437; x_wconf 90' lang='lat' dir='ltr'><strong>atque</strong></span> <span class='ocrx_word' id='word_1_10' title='bbox 1436 376 1671 437; x_wconf 83' lang='lat' dir='ltr'><strong>spatiosum</strong></span> <span class='ocrx_word' id='word_1_11' title='bbox 1695 374 1839 422; x_wconf 83' lang='lat' dir='ltr'><strong>divine</strong></span> <span class='ocrx_word' id='word_1_12' title='bbox 1863 375 1981 438; x_wconf 86' lang='lat' dir='ltr'><strong>sege-</strong></span> 
     </span>
     <span class='ocr_line' id='line_1_4' title="bbox 605 444 1983 510; baseline -0.001 -17"><span class='ocrx_word' id='word_1_13' title='bbox 605 449 655 493; x_wconf 89' lang='lat' dir='ltr'><strong>tis</strong></span> <span class='ocrx_word' id='word_1_14' title='bbox 682 464 904 510; x_wconf 77' lang='lat' dir='ltr'><strong>campum,</strong></span> <span class='ocrx_word' id='word_1_15' title='bbox 930 448 1045 492; x_wconf 78' lang='lat' dir='ltr'><strong>sacra</strong></span> <span class='ocrx_word' id='word_1_16' title='bbox 1072 447 1242 508; x_wconf 76' lang='lat' dir='ltr'>superni</span> <span class='ocrx_word' id='word_1_17' title='bbox 1266 444 1385 492; x_wconf 88' lang='lat' dir='ltr'><strong>verbi</strong></span> <span class='ocrx_word' id='word_1_18' title='bbox 1420 447 1507 492; x_wconf 77' lang='lat' dir='ltr'><strong>sata</strong></span> <span class='ocrx_word' id='word_1_19' title='bbox 1536 445 1730 504; x_wconf 80' lang='lat' dir='ltr'><strong>serendo,</strong></span> <span class='ocrx_word' id='word_1_20' title='bbox 1763 446 1895 508; x_wconf 78' lang='lat' dir='ltr'><strong>usque</strong></span> <span class='ocrx_word' id='word_1_21' title='bbox 1927 444 1983 491; x_wconf 90' lang='lat' dir='ltr'><strong>ad</strong></span> 
     </span>
     <span class='ocr_line' id='line_1_5' title="bbox 604 516 1985 581; baseline -0.001 -17"><span class='ocrx_word' id='word_1_22' title='bbox 604 516 784 565; x_wconf 79' lang='lat' dir='ltr'><strong>meffem</strong></span> <span class='ocrx_word' id='word_1_23' title='bbox 806 517 1084 581; x_wconf 81' lang='lat' dir='ltr'><strong>perducebat.</strong></span> <span class='ocrx_word' id='word_1_24' title='bbox 1114 518 1158 562; x_wconf 81' lang='lat' dir='ltr'><strong>Et</strong></span> <span class='ocrx_word' id='word_1_25' title='bbox 1184 516 1286 562; x_wconf 75' lang='lat' dir='ltr'><strong>sicut</strong></span> <span class='ocrx_word' id='word_1_26' title='bbox 1307 535 1409 579; x_wconf 87' lang='lat' dir='ltr'><strong>apes</strong></span> <span class='ocrx_word' id='word_1_27' title='bbox 1430 517 1770 580; x_wconf 77' lang='lat' dir='ltr'><strong>pmdenriffime,</strong></span> <span class='ocrx_word' id='word_1_28' title='bbox 1799 535 1883 579; x_wconf 88' lang='lat' dir='ltr'><strong>que</strong></span> <span class='ocrx_word' id='word_1_29' title='bbox 1907 535 1985 580; x_wconf 90' lang='lat' dir='ltr'><strong>per</strong></span> 
     </span>
     <span class='ocr_line' id='line_1_6' title="bbox 608 587 1983 654; baseline -0.001 -18"><span class='ocrx_word' id='word_1_30' title='bbox 608 608 825 654; x_wconf 80' lang='lat' dir='ltr'><strong>purpurea</strong></span> <span class='ocrx_word' id='word_1_31' title='bbox 846 590 1062 636; x_wconf 85' lang='lat' dir='ltr'><strong>violarum</strong></span> <span class='ocrx_word' id='word_1_32' title='bbox 1084 591 1243 635; x_wconf 66' lang='lat' dir='ltr'><strong>virec‘la</strong></span> <span class='ocrx_word' id='word_1_33' title='bbox 1264 591 1309 635; x_wconf 79' lang='grc' dir='ltr'><strong>ὅ(</strong></span> <span class='ocrx_word' id='word_1_34' title='bbox 1329 606 1404 651; x_wconf 85' lang='lat' dir='ltr'><strong>per</strong></span> <span class='ocrx_word' id='word_1_35' title='bbox 1420 589 1560 635; x_wconf 90' lang='lat' dir='ltr'><strong>fulvos</strong></span> <span class='ocrx_word' id='word_1_36' title='bbox 1588 588 1810 634; x_wconf 82' lang='lat' dir='ltr'>frondium</span> <span class='ocrx_word' id='word_1_37' title='bbox 1828 587 1983 634; x_wconf 82' lang='lat' dir='ltr'><strong>floscu-</strong></span> 
     </span>
     <span class='ocr_line' id='line_1_7' title="bbox 603 659 1982 725; baseline -0.001 -17"><span class='ocrx_word' id='word_1_38' title='bbox 603 663 669 708; x_wconf 90' lang='lat' dir='ltr'><strong>los</strong></span> <span class='ocrx_word' id='word_1_39' title='bbox 689 665 734 708; x_wconf 73' lang='grc' dir='ltr'><strong>ὅ(</strong></span> <span class='ocrx_word' id='word_1_40' title='bbox 760 680 835 725; x_wconf 86' lang='lat' dir='ltr'><strong>per</strong></span> <span class='ocrx_word' id='word_1_41' title='bbox 859 661 977 707; x_wconf 90' lang='lat' dir='ltr'><strong>olida</strong></span> <span class='ocrx_word' id='word_1_42' title='bbox 1003 661 1172 706; x_wconf 87' lang='lat' dir='ltr'><strong>olerum</strong></span> <span class='ocrx_word' id='word_1_43' title='bbox 1191 659 1346 706; x_wconf 83' lang='lat' dir='ltr'><strong>florida</strong></span> <span class='ocrx_word' id='word_1_44' title='bbox 1369 660 1543 705; x_wconf 89' lang='lat' dir='ltr'><strong>letalem</strong></span> <span class='ocrx_word' id='word_1_45' title='bbox 1559 661 1775 722; x_wconf 84' lang='lat' dir='ltr'><strong>liquantes</strong></span> <span class='ocrx_word' id='word_1_46' title='bbox 1793 662 1982 706; x_wconf 84' lang='lat' dir='ltr'>toxicam</span> 
     </span>
     <span class='ocr_line' id='line_1_8' title="bbox 605 729 1984 789; baseline -0.001 -10"><span class='ocrx_word' id='word_1_47' title='bbox 605 735 650 778; x_wconf 71' lang='grc' dir='ltr'><strong>δε</strong></span> <span class='ocrx_word' id='word_1_48' title='bbox 685 732 972 779; x_wconf 83' lang='lat' dir='ltr'><strong>suaviffimum</strong></span> <span class='ocrx_word' id='word_1_49' title='bbox 1015 729 1233 777; x_wconf 75' lang='lat' dir='ltr'><strong>sorbentes</strong></span> <span class='ocrx_word' id='word_1_50' title='bbox 1268 732 1442 783; x_wconf 78' lang='lat' dir='ltr'><strong>succum</strong></span> <span class='ocrx_word' id='word_1_51' title='bbox 1481 732 1676 789; x_wconf 55' lang='lat' dir='ltr'><strong>nec&#39;laris,</strong></span> <span class='ocrx_word' id='word_1_52' title='bbox 1725 734 1770 777; x_wconf 67' lang='grc' dir='ltr'><strong>ὃς</strong></span> <span class='ocrx_word' id='word_1_53' title='bbox 1807 731 1861 776; x_wconf 79' lang='lat' dir='ltr'><strong>fic</strong></span> <span class='ocrx_word' id='word_1_54' title='bbox 1889 749 1984 778; x_wconf 90' lang='lat' dir='ltr'><strong>cru-</strong></span> 
     </span>
     <span class='ocr_line' id='line_1_9' title="bbox 604 802 1984 868; baseline 0 -18"><span class='ocrx_word' id='word_1_55' title='bbox 604 804 719 851; x_wconf 85' lang='lat' dir='ltr'>ribus</span> <span class='ocrx_word' id='word_1_56' title='bbox 752 807 797 850; x_wconf 88' lang='lat'>&amp;</span> <span class='ocrx_word' id='word_1_57' title='bbox 822 820 918 848; x_wconf 92' lang='lat' dir='ltr'><strong>toto</strong></span> <span class='ocrx_word' id='word_1_58' title='bbox 946 820 1134 865; x_wconf 88' lang='lat' dir='ltr'><strong>corpore</strong></span> <span class='ocrx_word' id='word_1_59' title='bbox 1165 803 1320 848; x_wconf 86' lang='lat' dir='ltr'><strong>referta</strong></span> <span class='ocrx_word' id='word_1_60' title='bbox 1346 802 1402 848; x_wconf 90' lang='lat' dir='ltr'><strong>ad</strong></span> <span class='ocrx_word' id='word_1_61' title='bbox 1433 804 1617 850; x_wconf 87' lang='lat' dir='ltr'><strong>alvearia</strong></span> <span class='ocrx_word' id='word_1_62' title='bbox 1642 804 1852 868; x_wconf 83' lang='lat' dir='ltr'><strong>gestando</strong></span> <span class='ocrx_word' id='word_1_63' title='bbox 1882 821 1984 867; x_wconf 89' lang='lat' dir='ltr'><strong>pro-</strong></span> 
     </span>
     <span class='ocr_line' id='line_1_10' title="bbox 603 872 1985 939; baseline -0.001 -17"><span class='ocrx_word' id='word_1_64' title='bbox 603 893 776 939; x_wconf 87' lang='lat' dir='ltr'><strong>perant:</strong></span> <span class='ocrx_word' id='word_1_65' title='bbox 803 874 856 920; x_wconf 80' lang='lat' dir='ltr'><strong>{ic</strong></span> <span class='ocrx_word' id='word_1_66' title='bbox 875 877 919 920; x_wconf 93' lang='lat'>&amp;</span> <span class='ocrx_word' id='word_1_67' title='bbox 946 874 1013 919; x_wconf 87' lang='lat' dir='ltr'><strong>ille</strong></span> <span class='ocrx_word' id='word_1_68' title='bbox 1034 873 1183 919; x_wconf 89' lang='lat' dir='ltr'><strong>beatus</strong></span> <span class='ocrx_word' id='word_1_69' title='bbox 1204 872 1389 919; x_wconf 79' lang='lat' dir='ltr'><strong>barilion</strong></span> <span class='ocrx_word' id='word_1_70' title='bbox 1409 874 1689 921; x_wconf 84' lang='lat' dir='ltr'><strong>Willibaldus</strong></span> <span class='ocrx_word' id='word_1_71' title='bbox 1706 877 1750 920; x_wconf 91' lang='lat' dir='ltr'><strong>in</strong></span> <span class='ocrx_word' id='word_1_72' title='bbox 1767 874 1985 935; x_wconf 81' lang='lat' dir='ltr'><strong>omnibus,</strong></span> 
     </span>
     <span class='ocr_line' id='line_1_11' title="bbox 603 944 1985 1011; baseline -0.001 -17"><span class='ocrx_word' id='word_1_73' title='bbox 603 966 688 1011; x_wconf 88' lang='lat' dir='ltr'><strong>que</strong></span> <span class='ocrx_word' id='word_1_74' title='bbox 719 948 804 993; x_wconf 88' lang='lat' dir='ltr'><strong>late</strong></span> <span class='ocrx_word' id='word_1_75' title='bbox 827 945 1048 991; x_wconf 88' lang='lat' dir='ltr'><strong>lustrando</strong></span> <span class='ocrx_word' id='word_1_76' title='bbox 1074 946 1260 1008; x_wconf 89' lang='lat' dir='ltr'><strong>propriis</strong></span> <span class='ocrx_word' id='word_1_77' title='bbox 1291 944 1497 992; x_wconf 87' lang='lat' dir='ltr'><strong>cernebat</strong></span> <span class='ocrx_word' id='word_1_78' title='bbox 1531 945 1780 1005; x_wconf 81' lang='lat' dir='ltr'><strong>luminibus,</strong></span> <span class='ocrx_word' id='word_1_79' title='bbox 1816 948 1985 1009; x_wconf 84' lang='lat' dir='ltr'><strong>optima</strong></span> 
     </span>
     <span class='ocr_line' id='line_1_12' title="bbox 605 1016 1987 1083; baseline -0.001 -18"><span class='ocrx_word' id='word_1_80' title='bbox 605 1019 810 1083; x_wconf 80' lang='lat' dir='ltr'><strong>eligendo</strong></span> <span class='ocrx_word' id='word_1_81' title='bbox 829 1018 1075 1082; x_wconf 84' lang='lat' dir='ltr'><strong>arripiebat,</strong></span> <span class='ocrx_word' id='word_1_82' title='bbox 1103 1017 1442 1081; x_wconf 87' lang='lat' dir='ltr'><strong>arripiendoque</strong></span> <span class='ocrx_word' id='word_1_83' title='bbox 1467 1016 1670 1064; x_wconf 87' lang='lat' dir='ltr'><strong>omnibus</strong></span> <span class='ocrx_word' id='word_1_84' title='bbox 1696 1017 1769 1064; x_wconf 82' lang='lat' dir='ltr'><strong>fibi</strong></span> <span class='ocrx_word' id='word_1_85' title='bbox 1794 1018 1987 1065; x_wconf 88' lang='lat' dir='ltr'><strong>subdito-</strong></span> 
     </span>
     <span class='ocr_line' id='line_1_13' title="bbox 602 1089 1987 1155; baseline 0 -19"><span class='ocrx_word' id='word_1_86' title='bbox 602 1109 698 1136; x_wconf 85' lang='lat' dir='ltr'><strong>rum</strong></span> <span class='ocrx_word' id='word_1_87' title='bbox 722 1090 1014 1155; x_wconf 81' lang='lat' dir='ltr'><strong>phalangibus</strong></span> <span class='ocrx_word' id='word_1_88' title='bbox 1048 1093 1162 1136; x_wconf 55' lang='lat' dir='ltr'><strong>recffe</strong></span> <span class='ocrx_word' id='word_1_89' title='bbox 1193 1091 1534 1136; x_wconf 81' lang='lat' dir='ltr'><strong>conversationis</strong></span> <span class='ocrx_word' id='word_1_90' title='bbox 1562 1089 1749 1136; x_wconf 86' lang='lat' dir='ltr'><strong>studium</strong></span> <span class='ocrx_word' id='word_1_91' title='bbox 1780 1089 1892 1136; x_wconf 93' lang='lat' dir='ltr'><strong>bene</strong></span> <span class='ocrx_word' id='word_1_92' title='bbox 1927 1091 1987 1137; x_wconf 91' lang='lat' dir='ltr'><strong>vi-</strong></span> 
     </span>
     <span class='ocr_line' id='line_1_14' title="bbox 604 1161 1988 1224; baseline 0 -16"><span class='ocrx_word' id='word_1_93' title='bbox 604 1162 751 1208; x_wconf 87' lang='lat' dir='ltr'><strong>vendo</strong></span> <span class='ocrx_word' id='word_1_94' title='bbox 788 1165 830 1208; x_wconf 92' lang='lat' dir='ltr'><strong>in</strong></span> <span class='ocrx_word' id='word_1_95' title='bbox 860 1161 1011 1220; x_wconf 80' lang='lat' dir='ltr'><strong>verbo,</strong></span> <span class='ocrx_word' id='word_1_96' title='bbox 1049 1163 1092 1207; x_wconf 88' lang='lat' dir='ltr'><strong>in</strong></span> <span class='ocrx_word' id='word_1_97' title='bbox 1130 1163 1337 1208; x_wconf 89' lang='lat' dir='ltr'><strong>vitiorum</strong></span> <span class='ocrx_word' id='word_1_98' title='bbox 1368 1161 1612 1221; x_wconf 80' lang='lat' dir='ltr'><strong>obstaculis,</strong></span> <span class='ocrx_word' id='word_1_99' title='bbox 1648 1163 1693 1207; x_wconf 89' lang='lat' dir='ltr'><strong>in</strong></span> <span class='ocrx_word' id='word_1_100' title='bbox 1733 1163 1908 1224; x_wconf 83' lang='lat' dir='ltr'><strong>pietate,</strong></span> <span class='ocrx_word' id='word_1_101' title='bbox 1943 1162 1988 1208; x_wconf 88' lang='lat' dir='ltr'><strong>in</strong></span> 
     </span>
     <span class='ocr_line' id='line_1_15' title="bbox 603 1232 1988 1297; baseline 0.001 -19"><span class='ocrx_word' id='word_1_102' title='bbox 603 1232 816 1293; x_wconf 85' lang='lat' dir='ltr'><strong>bonitate,</strong></span> <span class='ocrx_word' id='word_1_103' title='bbox 858 1236 902 1280; x_wconf 92' lang='lat' dir='ltr'><strong>in</strong></span> <span class='ocrx_word' id='word_1_104' title='bbox 935 1235 1158 1297; x_wconf 73' lang='lat' dir='ltr'><strong>patientia,</strong></span> <span class='ocrx_word' id='word_1_105' title='bbox 1202 1235 1243 1278; x_wconf 88' lang='lat' dir='ltr'><strong>in</strong></span> <span class='ocrx_word' id='word_1_106' title='bbox 1280 1232 1532 1280; x_wconf 86' lang='lat' dir='ltr'><strong>abstinentia</strong></span> <span class='ocrx_word' id='word_1_107' title='bbox 1573 1235 1732 1296; x_wconf 86' lang='lat' dir='ltr'><strong>peritus</strong></span> <span class='ocrx_word' id='word_1_108' title='bbox 1772 1234 1988 1295; x_wconf 84' lang='lat' dir='ltr'><strong>prolatam</strong></span> 
     </span>
     <span class='ocr_line' id='line_1_16' title="bbox 602 1304 1056 1368; baseline -0.002 -17"><span class='ocrx_word' id='word_1_109' title='bbox 602 1304 811 1368; x_wconf 86' lang='lat' dir='ltr'><strong>prebebat</strong></span> <span class='ocrx_word' id='word_1_110' title='bbox 836 1323 1056 1351; x_wconf 87' lang='lat' dir='ltr'><strong>normam.</strong></span> 
     </span>
    </p>
   </div>
   <div class='ocr_carea' id='block_1_4' title="bbox 636 1464 1958 1525">
    <p class='ocr_par' dir='ltr' id='par_1_4' title="bbox 636 1464 1958 1525">
     <span class='ocr_line' id='line_1_17' title="bbox 636 1464 1958 1525; baseline 0.001 -15"><span class='ocrx_word' id='word_1_111' title='bbox 636 1464 834 1511; x_wconf 77' lang='lat' dir='ltr'><strong>XXXIX.</strong></span> <span class='ocrx_word' id='word_1_112' title='bbox 861 1468 1049 1524; x_wconf 81' lang='lat' dir='ltr'><strong>Undique</strong></span> <span class='ocrx_word' id='word_1_113' title='bbox 1075 1467 1127 1509; x_wconf 79' lang='lat' dir='ltr'><strong>ad</strong></span> <span class='ocrx_word' id='word_1_114' title='bbox 1153 1467 1371 1525; x_wconf 81' lang='lat' dir='ltr'><strong>apostolum</strong></span> <span class='ocrx_word' id='word_1_115' title='bbox 1398 1469 1686 1511; x_wconf 77' lang='lat' dir='ltr'><strong>‘Baioariorum</strong></span> <span class='ocrx_word' id='word_1_116' title='bbox 1713 1468 1958 1525; x_wconf 81' lang='lat' dir='ltr'><strong>confluunt.⁰</strong></span> 
     </span>
    </p>
   </div>
   <div class='ocr_carea' id='block_1_5' title="bbox 601 1587 1991 2652">
    <p class='ocr_par' dir='ltr' id='par_1_5' title="bbox 601 1587 1991 2652">
     <span class='ocr_line' id='line_1_18' title="bbox 669 1587 1988 1651; baseline 0 -18"><span class='ocrx_word' id='word_1_117' title='bbox 669 1589 744 1633; x_wconf 80' lang='lat' dir='ltr'><strong>Ast</strong></span> <span class='ocrx_word' id='word_1_118' title='bbox 768 1589 858 1633; x_wconf 90' lang='lat' dir='ltr'><strong>cito</strong></span> <span class='ocrx_word' id='word_1_119' title='bbox 877 1589 1108 1651; x_wconf 87' lang='lat' dir='ltr'><strong>postquam</strong></span> <span class='ocrx_word' id='word_1_120' title='bbox 1124 1588 1192 1633; x_wconf 87' lang='lat' dir='ltr'><strong>ille</strong></span> <span class='ocrx_word' id='word_1_121' title='bbox 1215 1588 1404 1633; x_wconf 84' lang='lat' dir='ltr'><strong>strenuus</strong></span> <span class='ocrx_word' id='word_1_122' title='bbox 1419 1588 1523 1634; x_wconf 84' lang='lat' dir='ltr'><strong>almi</strong></span> <span class='ocrx_word' id='word_1_123' title='bbox 1537 1588 1621 1634; x_wconf 89' lang='lat' dir='ltr'><strong>Dei</strong></span> <span class='ocrx_word' id='word_1_124' title='bbox 1638 1587 1797 1633; x_wconf 86' lang='lat' dir='ltr'><strong>athleta</strong></span> <span class='ocrx_word' id='word_1_125' title='bbox 1815 1588 1988 1633; x_wconf 89' lang='lat' dir='ltr'><strong>monas-</strong></span> 
     </span>
     <span class='ocr_line' id='line_1_19' title="bbox 605 1657 1989 1722; baseline -0.001 -18"><span class='ocrx_word' id='word_1_126' title='bbox 605 1660 798 1706; x_wconf 86' lang='lat' dir='ltr'><strong>terialem</strong></span> <span class='ocrx_word' id='word_1_127' title='bbox 828 1658 1060 1704; x_wconf 69' lang='lat' dir='ltr'><strong>mansionis</strong></span> <span class='ocrx_word' id='word_1_128' title='bbox 1084 1659 1234 1704; x_wconf 90' lang='lat' dir='ltr'><strong>locum</strong></span> <span class='ocrx_word' id='word_1_129' title='bbox 1258 1659 1497 1706; x_wconf 87' lang='lat' dir='ltr'><strong>inhabitare</strong></span> <span class='ocrx_word' id='word_1_130' title='bbox 1523 1661 1653 1722; x_wconf 81' lang='lat' dir='ltr'><strong>cepit,</strong></span> <span class='ocrx_word' id='word_1_131' title='bbox 1690 1659 1830 1704; x_wconf 91' lang='lat' dir='ltr'><strong>statim</strong></span> <span class='ocrx_word' id='word_1_132' title='bbox 1864 1657 1989 1704; x_wconf 86' lang='lat' dir='ltr'><strong>undi-</strong></span> 
     </span>
     <span class='ocr_line' id='line_1_20' title="bbox 604 1729 1988 1794; baseline -0.001 -17"><span class='ocrx_word' id='word_1_133' title='bbox 604 1749 689 1794; x_wconf 90' lang='lat' dir='ltr'><strong>que</strong></span> <span class='ocrx_word' id='word_1_134' title='bbox 715 1731 768 1776; x_wconf 92' lang='lat' dir='ltr'><strong>de</strong></span> <span class='ocrx_word' id='word_1_135' title='bbox 800 1731 878 1776; x_wconf 91' lang='lat' dir='ltr'><strong>illis</strong></span> <span class='ocrx_word' id='word_1_136' title='bbox 904 1732 1136 1793; x_wconf 84' lang='lat' dir='ltr'><strong>regionum</strong></span> <span class='ocrx_word' id='word_1_137' title='bbox 1161 1732 1398 1793; x_wconf 86' lang='lat' dir='ltr'><strong>provinciis</strong></span> <span class='ocrx_word' id='word_1_138' title='bbox 1424 1734 1469 1777; x_wconf 69' lang='grc' dir='ltr'><strong>ὃς</strong></span> <span class='ocrx_word' id='word_1_139' title='bbox 1497 1730 1777 1775; x_wconf 89' lang='lat' dir='ltr'><strong>nihilominus</strong></span> <span class='ocrx_word' id='word_1_140' title='bbox 1813 1729 1867 1775; x_wconf 92' lang='lat' dir='ltr'><strong>de</strong></span> <span class='ocrx_word' id='word_1_141' title='bbox 1898 1730 1988 1775; x_wconf 89' lang='lat' dir='ltr'><strong>aliis</strong></span> 
     </span>
     <span class='ocr_line' id='line_1_21' title="bbox 601 1801 1987 1865; baseline -0.001 -18"><span class='ocrx_word' id='word_1_142' title='bbox 601 1802 856 1865; x_wconf 80' lang='lat' dir='ltr'><strong>longinquis</strong></span> <span class='ocrx_word' id='word_1_143' title='bbox 890 1803 1122 1864; x_wconf 83' lang='lat' dir='ltr'><strong>regionum</strong></span> <span class='ocrx_word' id='word_1_144' title='bbox 1152 1801 1358 1847; x_wconf 88' lang='lat' dir='ltr'><strong>limitibus</strong></span> <span class='ocrx_word' id='word_1_145' title='bbox 1383 1802 1439 1848; x_wconf 89' lang='lat' dir='ltr'><strong>ad</strong></span> <span class='ocrx_word' id='word_1_146' title='bbox 1464 1801 1787 1848; x_wconf 81' lang='lat' dir='ltr'><strong>laluberrimum</strong></span> <span class='ocrx_word' id='word_1_147' title='bbox 1813 1802 1901 1846; x_wconf 91' lang='lat' dir='ltr'><strong>eius</strong></span> <span class='ocrx_word' id='word_1_148' title='bbox 1926 1801 1987 1845; x_wconf 85' lang='lat' dir='ltr'><strong>sa-</strong></span> 
     </span>
     <span class='ocr_line' id='line_1_22' title="bbox 603 1871 1989 1937; baseline -0.001 -18"><span class='ocrx_word' id='word_1_149' title='bbox 603 1875 766 1937; x_wconf 84' lang='lat' dir='ltr'><strong>pientie</strong></span> <span class='ocrx_word' id='word_1_150' title='bbox 792 1872 990 1936; x_wconf 57' lang='lat' dir='ltr'><strong>dogmab</strong></span> <span class='ocrx_word' id='word_1_151' title='bbox 1014 1871 1235 1919; x_wconf 84' lang='lat' dir='ltr'><strong>confluere</strong></span> <span class='ocrx_word' id='word_1_152' title='bbox 1266 1891 1491 1936; x_wconf 79' lang='lat' dir='ltr'><strong>ceperunt,</strong></span> <span class='ocrx_word' id='word_1_153' title='bbox 1526 1891 1638 1936; x_wconf 87' lang='lat' dir='ltr'><strong>quos</strong></span> <span class='ocrx_word' id='word_1_154' title='bbox 1672 1873 1740 1918; x_wconf 92' lang='lat' dir='ltr'><strong>ille</strong></span> <span class='ocrx_word' id='word_1_155' title='bbox 1773 1871 1989 1935; x_wconf 91' lang='lat' dir='ltr'><strong>quodam-</strong></span> 
     </span>
     <span class='ocr_line' id='line_1_23' title="bbox 606 1942 1988 2007; baseline -0.001 -17"><span class='ocrx_word' id='word_1_156' title='bbox 606 1945 744 1990; x_wconf 90' lang='lat' dir='ltr'><strong>modo</strong></span> <span class='ocrx_word' id='word_1_157' title='bbox 771 1961 941 1999; x_wconf 74' lang='lat' dir='ltr'><strong>omnes,</strong></span> <span class='ocrx_word' id='word_1_158' title='bbox 973 1960 1018 1988; x_wconf 89' lang='lat' dir='ltr'><strong>ut</strong></span> <span class='ocrx_word' id='word_1_159' title='bbox 1042 1944 1203 2007; x_wconf 79' lang='lat' dir='ltr'><strong>gallina</strong></span> <span class='ocrx_word' id='word_1_160' title='bbox 1229 1962 1313 2006; x_wconf 86' lang='lat' dir='ltr'><strong>que</strong></span> <span class='ocrx_word' id='word_1_161' title='bbox 1339 1944 1412 1990; x_wconf 88' lang='lat' dir='ltr'><strong>sub</strong></span> <span class='ocrx_word' id='word_1_162' title='bbox 1441 1945 1516 1990; x_wconf 86' lang='lat' dir='ltr'><strong>alis</strong></span> <span class='ocrx_word' id='word_1_163' title='bbox 1540 1945 1646 1990; x_wconf 82' lang='lat' dir='ltr'><strong>solet</strong></span> <span class='ocrx_word' id='word_1_164' title='bbox 1672 1945 1769 1990; x_wconf 83' lang='lat' dir='ltr'><strong>suos</strong></span> <span class='ocrx_word' id='word_1_165' title='bbox 1796 1942 1988 2007; x_wconf 81' lang='lat' dir='ltr'><strong>tegendo</strong></span> 
     </span>
     <span class='ocr_line' id='line_1_24' title="bbox 603 2013 1989 2078; baseline -0.002 -16"><span class='ocrx_word' id='word_1_166' title='bbox 603 2017 789 2062; x_wconf 88' lang='lat' dir='ltr'><strong>enutrire</strong></span> <span class='ocrx_word' id='word_1_167' title='bbox 815 2017 939 2071; x_wconf 83' lang='lat' dir='ltr'><strong>fetus,</strong></span> <span class='ocrx_word' id='word_1_168' title='bbox 969 2017 1027 2060; x_wconf 89' lang='lat' dir='ltr'><strong>ita</strong></span> <span class='ocrx_word' id='word_1_169' title='bbox 1054 2015 1120 2061; x_wconf 87' lang='lat' dir='ltr'><strong>ille</strong></span> <span class='ocrx_word' id='word_1_170' title='bbox 1146 2033 1269 2078; x_wconf 86' lang='lat' dir='ltr'><strong>pater</strong></span> <span class='ocrx_word' id='word_1_171' title='bbox 1288 2015 1569 2062; x_wconf 88' lang='lat' dir='ltr'><strong>Willibaldus</strong></span> <span class='ocrx_word' id='word_1_172' title='bbox 1590 2018 1635 2061; x_wconf 85' lang='lat'>&amp;</span> <span class='ocrx_word' id='word_1_173' title='bbox 1653 2032 1790 2060; x_wconf 89' lang='lat' dir='ltr'><strong>mater</strong></span> <span class='ocrx_word' id='word_1_174' title='bbox 1813 2013 1989 2060; x_wconf 73' lang='lat' dir='ltr'><strong>Ecclesia</strong></span> 
     </span>
     <span class='ocr_line' id='line_1_25' title="bbox 604 2086 1987 2151; baseline -0.001 -19"><span class='ocrx_word' id='word_1_175' title='bbox 604 2088 749 2150; x_wconf 88' lang='lat' dir='ltr'><strong>plures</strong></span> <span class='ocrx_word' id='word_1_176' title='bbox 775 2104 851 2149; x_wconf 89' lang='lat' dir='ltr'><strong>per</strong></span> <span class='ocrx_word' id='word_1_177' title='bbox 875 2105 1006 2133; x_wconf 89' lang='lat' dir='ltr'><strong>evum</strong></span> <span class='ocrx_word' id='word_1_178' title='bbox 1025 2088 1095 2132; x_wconf 78' lang='lat' dir='ltr'><strong>sue</strong></span> <span class='ocrx_word' id='word_1_179' title='bbox 1117 2088 1286 2149; x_wconf 89' lang='lat' dir='ltr'><strong>pietatis</strong></span> <span class='ocrx_word' id='word_1_180' title='bbox 1301 2105 1451 2149; x_wconf 86' lang='lat' dir='ltr'><strong>parma</strong></span> <span class='ocrx_word' id='word_1_181' title='bbox 1472 2086 1765 2151; x_wconf 73' lang='lat' dir='ltr'><strong>protegendo,</strong></span> <span class='ocrx_word' id='word_1_182' title='bbox 1788 2087 1987 2132; x_wconf 82' lang='lat' dir='ltr'><strong>Domino</strong></span> 
     </span>
     <span class='ocr_line' id='line_1_26' title="bbox 605 2157 1990 2221; baseline -0.002 -16"><span class='ocrx_word' id='word_1_183' title='bbox 605 2157 828 2205; x_wconf 88' lang='lat' dir='ltr'><strong>deferebat</strong></span> <span class='ocrx_word' id='word_1_184' title='bbox 856 2158 1092 2220; x_wconf 89' lang='lat' dir='ltr'><strong>adoptivos</strong></span> <span class='ocrx_word' id='word_1_185' title='bbox 1128 2176 1265 2205; x_wconf 70' lang='lat' dir='ltr'><strong>natos</strong></span> <span class='ocrx_word' id='word_1_186' title='bbox 1304 2160 1348 2204; x_wconf 77' lang='lat' dir='ltr'><strong>Et</strong></span> <span class='ocrx_word' id='word_1_187' title='bbox 1372 2158 1753 2221; x_wconf 85' lang='lat' dir='ltr'><strong>quemadmodum</strong></span> <span class='ocrx_word' id='word_1_188' title='bbox 1790 2157 1990 2203; x_wconf 86' lang='lat' dir='ltr'><strong>alumnus</strong></span> 
     </span>
     <span class='ocr_line' id='line_1_27' title="bbox 607 2230 1990 2291; baseline -0.001 -14"><span class='ocrx_word' id='word_1_189' title='bbox 607 2232 706 2277; x_wconf 81' lang='lat' dir='ltr'><strong>suos</strong></span> <span class='ocrx_word' id='word_1_190' title='bbox 733 2231 845 2276; x_wconf 85' lang='lat' dir='ltr'><strong>alere</strong></span> <span class='ocrx_word' id='word_1_191' title='bbox 871 2231 978 2276; x_wconf 73' lang='lat' dir='ltr'><strong>solet</strong></span> <span class='ocrx_word' id='word_1_192' title='bbox 1001 2232 1202 2288; x_wconf 68' lang='lat' dir='ltr'><strong>infantes,</strong></span> <span class='ocrx_word' id='word_1_193' title='bbox 1230 2233 1287 2278; x_wconf 88' lang='lat' dir='ltr'><strong>ita</strong></span> <span class='ocrx_word' id='word_1_194' title='bbox 1311 2232 1444 2278; x_wconf 81' lang='lat' dir='ltr'><strong>&amp;ille</strong></span> <span class='ocrx_word' id='word_1_195' title='bbox 1472 2231 1730 2278; x_wconf 86' lang='lat' dir='ltr'><strong>enutriendo</strong></span> <span class='ocrx_word' id='word_1_196' title='bbox 1756 2230 1990 2291; x_wconf 87' lang='lat' dir='ltr'><strong>divineque</strong></span> 
     </span>
     <span class='ocr_line' id='line_1_28' title="bbox 607 2301 1991 2366; baseline -0.002 -17"><span class='ocrx_word' id='word_1_197' title='bbox 607 2305 776 2366; x_wconf 89' lang='lat' dir='ltr'><strong>pietatis</strong></span> <span class='ocrx_word' id='word_1_198' title='bbox 812 2302 923 2348; x_wconf 64' lang='lat' dir='ltr'><strong>latore</strong></span> <span class='ocrx_word' id='word_1_199' title='bbox 958 2303 1110 2348; x_wconf 87' lang='lat' dir='ltr'><strong>leniter</strong></span> <span class='ocrx_word' id='word_1_200' title='bbox 1146 2303 1351 2350; x_wconf 44' lang='lat' dir='ltr'><strong>laciando</strong></span> <span class='ocrx_word' id='word_1_201' title='bbox 1393 2303 1610 2366; x_wconf 79' lang='lat' dir='ltr'><strong>pascebat,</strong></span> <span class='ocrx_word' id='word_1_202' title='bbox 1652 2302 1894 2365; x_wconf 78' lang='lat' dir='ltr'><strong>usquedum</strong></span> <span class='ocrx_word' id='word_1_203' title='bbox 1932 2301 1991 2346; x_wconf 84' lang='lat' dir='ltr'><strong>illi</strong></span> 
     </span>
     <span class='ocr_line' id='line_1_29' title="bbox 606 2373 1991 2437; baseline -0.001 -17"><span class='ocrx_word' id='word_1_204' title='bbox 606 2375 776 2420; x_wconf 90' lang='lat' dir='ltr'><strong>confoti</strong></span> <span class='ocrx_word' id='word_1_205' title='bbox 803 2376 848 2419; x_wconf 74' lang='grc' dir='ltr'><strong>ὅ(</strong></span> <span class='ocrx_word' id='word_1_206' title='bbox 873 2373 927 2419; x_wconf 93' lang='lat' dir='ltr'><strong>de</strong></span> <span class='ocrx_word' id='word_1_207' title='bbox 960 2374 1142 2420; x_wconf 88' lang='lat' dir='ltr'><strong>infantia</strong></span> <span class='ocrx_word' id='word_1_208' title='bbox 1173 2374 1328 2420; x_wconf 89' lang='lat' dir='ltr'><strong>eruditi</strong></span> <span class='ocrx_word' id='word_1_209' title='bbox 1358 2375 1665 2437; x_wconf 84' lang='lat' dir='ltr'><strong>eleganterque</strong></span> <span class='ocrx_word' id='word_1_210' title='bbox 1686 2374 1834 2420; x_wconf 71' lang='lat' dir='ltr'><strong>edoffi</strong></span> <span class='ocrx_word' id='word_1_211' title='bbox 1857 2373 1991 2435; x_wconf 88' lang='lat' dir='ltr'><strong>usque</strong></span> 
     </span>
     <span class='ocr_line' id='line_1_30' title="bbox 606 2444 1988 2509; baseline -0.002 -17"><span class='ocrx_word' id='word_1_212' title='bbox 606 2444 663 2492; x_wconf 89' lang='lat' dir='ltr'><strong>ad</strong></span> <span class='ocrx_word' id='word_1_213' title='bbox 693 2447 928 2492; x_wconf 89' lang='lat' dir='ltr'><strong>iuvenilem</strong></span> <span class='ocrx_word' id='word_1_214' title='bbox 959 2446 1136 2509; x_wconf 89' lang='lat' dir='ltr'><strong>pulchre</strong></span> <span class='ocrx_word' id='word_1_215' title='bbox 1170 2446 1328 2492; x_wconf 84' lang='lat' dir='ltr'><strong>indolis</strong></span> <span class='ocrx_word' id='word_1_216' title='bbox 1361 2445 1633 2508; x_wconf 86' lang='lat' dir='ltr'><strong>pubertatem</strong></span> <span class='ocrx_word' id='word_1_217' title='bbox 1661 2456 1988 2509; x_wconf 72' lang='lat' dir='ltr'><strong>pervenerunt,‘</strong></span> 
     </span>
     <span class='ocr_line' id='line_1_31' title="bbox 605 2517 1990 2581; baseline -0.002 -18"><span class='ocrx_word' id='word_1_218' title='bbox 605 2520 649 2563; x_wconf 92' lang='lat'>&amp;</span> <span class='ocrx_word' id='word_1_219' title='bbox 665 2535 796 2576; x_wconf 69' lang='lat' dir='ltr'><strong>nunc,</strong></span> <span class='ocrx_word' id='word_1_220' title='bbox 820 2517 1059 2563; x_wconf 84' lang='lat' dir='ltr'><strong>secundum</strong></span> <span class='ocrx_word' id='word_1_221' title='bbox 1075 2518 1262 2581; x_wconf 83' lang='lat' dir='ltr'><strong>magistri</strong></span> <span class='ocrx_word' id='word_1_222' title='bbox 1276 2517 1547 2580; x_wconf 87' lang='lat' dir='ltr'><strong>precedentis</strong></span> <span class='ocrx_word' id='word_1_223' title='bbox 1562 2517 1825 2580; x_wconf 80' lang='lat' dir='ltr'><strong>exemplum,</strong></span> <span class='ocrx_word' id='word_1_224' title='bbox 1846 2517 1990 2561; x_wconf 55' lang='lat' dir='ltr'><strong>saneta</strong></span> 
     </span>
     <span class='ocr_line' id='line_1_32' title="bbox 609 2587 1991 2652; baseline -0.001 -19"><span class='ocrx_word' id='word_1_225' title='bbox 609 2589 817 2635; x_wconf 50' lang='lat' dir='ltr'><strong>sediantes</strong></span> <span class='ocrx_word' id='word_1_226' title='bbox 844 2590 1108 2652; x_wconf 86' lang='lat' dir='ltr'><strong>dogmatum</strong></span> <span class='ocrx_word' id='word_1_227' title='bbox 1124 2588 1144 2617; x_wconf 56' lang='lat' dir='ltr'><strong>‘s</strong></span> <span class='ocrx_word' id='word_1_228' title='bbox 1159 2588 1292 2646; x_wconf 81' lang='lat' dir='ltr'><strong>dona,</strong></span> <span class='ocrx_word' id='word_1_229' title='bbox 1324 2588 1469 2634; x_wconf 89' lang='lat' dir='ltr'><strong>multis</strong></span> <span class='ocrx_word' id='word_1_230' title='bbox 1494 2590 1658 2634; x_wconf 87' lang='lat' dir='ltr'><strong>micant</strong></span> <span class='ocrx_word' id='word_1_231' title='bbox 1681 2587 1991 2634; x_wconf 70' lang='lat' dir='ltr'><strong>adminiculis⁶</strong></span> 
     </span>
    </p>
   </div>
   <div class='ocr_carea' id='block_1_6' title="bbox 605 2686 1988 2786">
    <p class='ocr_par' dir='ltr' id='par_1_6' title="bbox 605 2686 1988 2786">
     <span class='ocr_line' id='line_1_33' title="bbox 652 2686 1988 2722; baseline -0.002 0"><span class='ocrx_word' id='word_1_232' title='bbox 652 2701 681 2722; x_wconf 88' lang='lat' dir='ltr'><strong>a.</strong></span> <span class='ocrx_word' id='word_1_233' title='bbox 714 2686 841 2721; x_wconf 72' lang='lat' dir='ltr'><strong>‘Titulus</strong></span> <span class='ocrx_word' id='word_1_234' title='bbox 870 2690 901 2720; x_wconf 84' lang='lat' dir='ltr'><strong>d.</strong></span> <span class='ocrx_word' id='word_1_235' title='bbox 926 2687 959 2720; x_wconf 88' lang='lat' dir='ltr'><strong>in</strong></span> <span class='ocrx_word' id='word_1_236' title='bbox 984 2689 1015 2720; x_wconf 91' lang='lat' dir='ltr'><strong>P.</strong></span> <span class='ocrx_word' id='word_1_237' title='bbox 1042 2707 1087 2711; x_wconf 85' lang='lat'><strong>—</strong></span> <span class='ocrx_word' id='word_1_238' title='bbox 1118 2689 1149 2720; x_wconf 87' lang='lat' dir='ltr'><strong>b.</strong></span> <span class='ocrx_word' id='word_1_239' title='bbox 1179 2690 1256 2722; x_wconf 82' lang='lat' dir='ltr'><strong>Inde</strong></span> <span class='ocrx_word' id='word_1_240' title='bbox 1378 2689 1410 2721; x_wconf 86' lang='lat' dir='ltr'><strong>d.</strong></span> <span class='ocrx_word' id='word_1_241' title='bbox 1432 2689 1503 2721; x_wconf 71' lang='grc' dir='ltr'><em>ΜΖ).</em></span> <span class='ocrx_word' id='word_1_242' title='bbox 1524 2689 1623 2721; x_wconf 79' lang='lat' dir='ltr'><strong>addit</strong></span> <span class='ocrx_word' id='word_1_243' title='bbox 1638 2689 1716 2722; x_wconf 80' lang='lat' dir='ltr'><strong>eius.</strong></span> <span class='ocrx_word' id='word_1_244' title='bbox 1733 2708 1775 2712; x_wconf 89' lang='lat'>—</span> <span class='ocrx_word' id='word_1_245' title='bbox 1796 2700 1822 2720; x_wconf 87' lang='lat' dir='ltr'><strong>e.</strong></span> <span class='ocrx_word' id='word_1_246' title='bbox 1843 2688 1914 2721; x_wconf 88' lang='lat' dir='ltr'><strong>Mb.</strong></span> <span class='ocrx_word' id='word_1_247' title='bbox 1930 2687 1988 2719; x_wconf 84' lang='lat' dir='ltr'><strong>ad-</strong></span> 
     </span>
     <span class='ocr_line' id='line_1_34' title="bbox 605 2741 1506 2786; baseline 0 -12"><span class='ocrx_word' id='word_1_248' title='bbox 605 2741 721 2786; x_wconf 77' lang='lat' dir='ltr'><strong>rursus</strong></span> <span class='ocrx_word' id='word_1_249' title='bbox 737 2742 807 2775; x_wconf 87' lang='lat' dir='ltr'><strong>Mb.</strong></span> <span class='ocrx_word' id='word_1_250' title='bbox 818 2761 862 2765; x_wconf 76' lang='lat'><strong>-</strong></span> <span class='ocrx_word' id='word_1_251' title='bbox 874 2752 900 2773; x_wconf 90' lang='lat' dir='ltr'><strong>c.</strong></span> <span class='ocrx_word' id='word_1_252' title='bbox 920 2741 992 2774; x_wconf 87' lang='lat' dir='ltr'><strong>Mb.</strong></span> <span class='ocrx_word' id='word_1_253' title='bbox 1007 2741 1156 2786; x_wconf 82' lang='lat' dir='ltr'><strong>peruenti</strong></span> <span class='ocrx_word' id='word_1_254' title='bbox 1170 2742 1252 2774; x_wconf 78' lang='lat' dir='ltr'><strong>sunt.</strong></span> <span class='ocrx_word' id='word_1_255' title='bbox 1342 2741 1506 2774; x_wconf 81' lang='lat' dir='ltr'><strong>minicula.</strong></span> 
     </span>
    </p>
   </div>
  </div>
 </body>
</html>
