2216 3435
395 216 460 248 DE
496 215 632 247 LOCIS
668 214 1061 247 TRANSMARINIS
1096 214 1277 247 SACRIS.
1444 217 1526 260 127

206 359 267 400 Ibi
289 360 344 399 est
365 357 651 397 monasterium
674 357 910 411 puellarum.
932 357 986 397 Et
1007 358 1060 397 ibi
1082 358 1163 397 vidi
1188 358 1326 397 testam
1348 359 1526 399 hominis

160 419 351 459 inclusam
385 419 423 457 in
455 417 592 456 loculo
624 431 743 457 aureo
766 428 908 456 ornato
937 417 1121 470 gemmis,
1151 431 1273 470 quam
1295 417 1436 456 dicunt
1456 417 1532 457 effe

157 488 279 531 caput
309 477 491 529 martyris
516 476 754 527 Theodote,
785 477 823 515 in
855 491 934 529 qua
968 475 1083 515 multi
1120 490 1265 528 aquam
1301 490 1371 528 pro
1409 476 1532 515 bene-

161 536 338 575 dicffione
369 536 573 585 bibebant,
604 535 642 575 &
663 550 737 589 ego
769 536 863 575 bibi.
896 535 962 575 De
984 535 1090 589 Syon
1115 549 1208 574 vero
1231 535 1352 589 usque
1375 535 1414 574 in
1436 535 1533 574 bali-

160 595 280 635 licam
297 594 439 634 San&oe
462 594 596 634 Nlarie
616 595 683 633 ubi
706 595 761 634 est
781 595 1042 648 congregatio
1073 609 1219 647 magna
1238 594 1533 633 monachorum

158 669 203 694 ac
234 653 462 703 mulierum,
498 652 630 692 mense
661 653 988 704 innumerabiles,
1017 653 1120 693 leffila
1150 653 1414 706 languentum
1445 653 1533 706 plus

153 712 286 752 minus
321 713 394 752 tria
427 713 549 752 milia.
585 712 638 752 Et
673 713 876 752 oravimus
908 713 946 751 in
970 713 1146 765 pretorio
1178 712 1244 751 ubi
1283 713 1442 752 auditus
1478 712 1534 751 est

155 770 374 821 Dominus,
407 771 445 811 δι
475 772 599 811 modo
630 771 685 811 est
715 769 876 811 basilica
896 771 1040 811 Sancste
1062 771 1223 824 Sophie.
1259 773 1371 810 Ante
1398 771 1532 810 ruinas

153 829 292 883 templi
329 830 556 871 Salomonis
595 830 663 870 sub
699 831 832 883 platea
865 845 967 883 aqua
1003 831 1178 870 decurrit
1213 844 1234 868 a
1268 830 1379 869 fonte
1414 829 1534 883 Syloa

153 888 262 929 secus
294 890 497 942 porticum
521 889 760 929 Salomonis.
791 887 837 928 In
870 889 951 942 ipsa
980 887 1145 929 ecclefia
1175 888 1231 928 est
1260 888 1369 929 sedes
1391 889 1431 928 in
1455 904 1533 942 qua

152 947 250 987 sedit
280 947 442 1002 Pylatus
471 949 633 1001 quando
664 948 818 987 audivit
848 947 1092 987 Dominum.
1124 947 1241 988 Petra
1271 959 1407 987 autem
1436 963 1536 1002 qua-

152 1006 353 1059 drangulis
375 1007 414 1046 in
437 1021 515 1060 qua
534 1020 624 1046 reus
645 1006 863 1057 levabatur,
895 1018 938 1046 ut
958 1007 1006 1046 ab
1037 1007 1226 1047 omnibus
1255 1008 1458 1046 audiretur
1497 1006 1535 1046 &

152 1066 366 1116 videretur,
377 1067 415 1105 in
426 1081 471 1105 ea
483 1065 637 1106 levatus
650 1064 706 1104 est
718 1065 924 1106 Dominus
937 1067 1099 1119 quando
1110 1068 1269 1106 auditus
1282 1066 1338 1106 est
1351 1066 1534 1121 aPylatO.

204 1123 347 1178 Ibique
367 1122 553 1163 remanfit
571 1138 733 1177 ymago,
759 1125 861 1176 pede
883 1124 1111 1177 pulchrum,
1133 1126 1357 1176 modicum,
1378 1125 1531 1165 subtile.

153 1184 311 1223 Natura
341 1183 593 1232 communis,
628 1182 795 1235 pulchra
825 1183 968 1233 facies,
989 1183 1137 1235 capillo
1159 1183 1402 1224 subanelato.
1440 1184 1537 1224 Μᾶ-

153 1257 251 1282 num
296 1242 522 1282 formosam.
564 1241 695 1295 Digiti
742 1241 866 1295 longi.
909 1241 1126 1296 Quantum
1172 1258 1318 1297 ymago
1359 1242 1537 1297 defignat

154 1316 232 1354 que
255 1301 369 1341 illum
386 1302 592 1340 viventem
614 1300 652 1340 &
673 1301 842 1353 pedibus
859 1301 1135 1341 ambulantem
1153 1303 1260 1355 pieta
1277 1302 1332 1342 est
1354 1303 1390 1343 &
1413 1300 1538 1356 posita

153 1362 192 1400 in
215 1361 298 1414 ipso
322 1361 509 1413 pretorio.
536 1360 646 1399 Nam
669 1360 718 1398 de
746 1359 827 1412 ipsa
850 1371 961 1413 petra
981 1361 1107 1400 multe
1128 1360 1230 1401 fiunt
1253 1363 1432 1412 virtutes,
1459 1361 1537 1401 tol-

153 1420 281 1460 lentes
313 1419 536 1459 mensuram
567 1420 616 1458 de
646 1419 726 1472 ipsa
756 1419 919 1472 vestigia
944 1419 1128 1473 &ligant
1162 1434 1232 1473 per
1252 1418 1428 1473 fingulos
1450 1421 1536 1459 lan-

156 1493 271 1532 gores
301 1478 339 1519 &
359 1477 554 1517 sanantur.
586 1477 640 1518 Et
669 1477 750 1531 ipsa
780 1489 891 1531 petra
920 1490 1060 1518 ornata
1089 1494 1138 1518 ex
1169 1494 1264 1519 auro
1298 1480 1336 1519 &
1357 1491 1536 1534 argento·

157 1537 258 1577 Inde
279 1538 464 1577 venimus
485 1538 532 1576 ad
556 1551 692 1577 arcum
714 1538 780 1577 ubi
803 1538 879 1577 fuit
898 1539 1115 1592 antiquitas
1137 1550 1253 1592 porta
1273 1540 1460 1579 civitatis.

209 1596 256 1637 In
289 1597 371 1650 ipso
404 1596 495 1636 loco
527 1596 614 1636 sunt
634 1611 736 1649 aque
759 1597 912 1649 putide,
933 1597 972 1636 in
995 1597 1141 1651 quibus
1163 1596 1298 1638 miffus
1319 1598 1374 1638 est
1395 1599 1539 1638 Hiere-

160 1658 260 1697 mias
291 1657 499 1710 propheta.
532 1655 598 1695 Ab
628 1669 721 1695 arcu
756 1655 826 1695 illo
862 1656 1197 1697 descendentibus
1228 1658 1345 1698 nobis
1375 1673 1397 1697 a
1427 1658 1538 1698 fonte

163 1717 281 1771 Syloa
312 1729 381 1768 per
401 1716 545 1768 gradus
566 1715 729 1765 multos,
751 1715 806 1754 est
827 1715 881 1754 ibi
904 1713 1063 1755 basilica
1084 1715 1288 1767 volubilis,
1318 1715 1367 1756 de
1389 1716 1541 1771 subqua

161 1773 282 1827 surgit
302 1774 435 1827 Syloa,
466 1788 544 1827 que
566 1773 687 1813 habet
707 1773 802 1813 solia
823 1775 903 1814 duo
925 1789 974 1813 ex
996 1788 1195 1814 marmore
1217 1790 1338 1815 manu
1361 1776 1538 1816 hominis

160 1832 277 1883 faita,
317 1832 355 1872 &
389 1834 492 1873 inter
526 1833 620 1873 solia
654 1833 832 1872 clausura
866 1833 1152 1873 cancellorum.
1192 1833 1239 1874 In
1280 1836 1425 1888 quibus
1465 1850 1537 1889 pro

163 1891 448 1932 benedicitione
480 1894 518 1932 in
548 1908 672 1932 unum
705 1892 886 1932 lavantur
906 1893 993 1943 viri,
1015 1894 1054 1932 in
1077 1894 1200 1933 alium
1221 1908 1316 1933 vero
1339 1894 1538 1935 mulieres.

159 1949 205 1989 In
239 1952 385 2004 quibus
416 1953 529 2006 aquis
561 1953 688 1992 multa
718 1952 995 2003 ostenduntur,
1025 1954 1151 1992 immo
1183 1952 1221 1992 &
1251 1953 1393 2006 leprosi
1422 1968 1540 1993 mun-

165 2012 324 2062 dantur,
359 2011 397 2051 &
433 2022 524 2051 ante
559 2012 704 2051 atrium
739 2011 794 2051 est
829 2011 978 2064 piscina
1011 2013 1171 2065 grandis
1206 2027 1327 2051 manu
1364 2014 1540 2053 hominis

164 2071 333 2121 munita,
349 2072 388 2110 in
407 2086 484 2124 qua
502 2070 684 2111 lavantur
702 2071 876 2124 populus
894 2070 1051 2110 affidue.
1073 2071 1184 2111 Nam
1202 2071 1279 2111 illis
1296 2073 1414 2112 certis
1432 2073 1540 2113 horis

158 2128 249 2169 solis
265 2130 353 2170 fons
373 2130 451 2183 ipse
469 2131 603 2184 irrigat
624 2144 747 2184 aquas
769 2130 914 2170 multas
936 2145 1014 2183 que
1031 2130 1278 2170 descendunt
1299 2145 1369 2184 per
1390 2131 1538 2171 vallem

158 2187 345 2242 Iosaphat
361 2204 438 2243 que
455 2189 493 2229 &
513 2189 737 2230 Gethrnani
756 2200 935 2239 vocatur,
952 2189 990 2228 &
1009 2190 1287 2243 ingrediuntur
1310 2191 1348 2230 in
1366 2189 1538 2231 Iordane

158 2247 296 2299 fluvio,
312 2249 379 2288 ubi
396 2247 578 2289 Iordanis
595 2248 730 2288 deficit
746 2250 785 2288 in
803 2263 913 2287 mare
931 2247 1153 2288 Salinarum
1173 2248 1306 2290 subtus
1318 2250 1538 2290 Sodomam

160 2307 198 2347 &
221 2307 482 2349 Gomorram.
519 2308 630 2348 Nam
652 2309 776 2347 modo
799 2307 837 2348 &
860 2307 938 2360 ipse
960 2308 1048 2347 fons
1071 2307 1191 2362 Sylda
1213 2309 1313 2348 infra
1332 2310 1539 2350 civitatem

161 2367 332 2408 inclusus
349 2367 417 2417 est,
433 2368 526 2420 quia
540 2366 740 2417 Eudoxia,
757 2366 920 2420 augusta
937 2381 1037 2405 uxor
1049 2366 1254 2407 Iustiniani
1275 2368 1541 2422 imperatoris,

160 2427 314 2466 addidit
331 2440 466 2466 muros
482 2427 519 2465 in
534 2427 697 2466 civitate
709 2426 936 2476 Ierusalem,
953 2425 1083 2479 &ipsa
1095 2427 1268 2467 munivit
1282 2427 1536 2481 sepulchrum

161 2485 199 2525 δι
229 2483 429 2525 bafilicam
460 2485 578 2525 saneti
603 2485 808 2538 Stephani,
839 2485 876 2525 δέ
899 2485 978 2538 ipsa
998 2485 1109 2524 suum
1132 2486 1252 2526 habet
1283 2486 1539 2540 sepulchrum

164 2544 273 2583 iuxta
294 2543 548 2596 sepulchrum
571 2543 690 2584 saneti
714 2544 919 2596 Stephani.

215 2602 268 2642 Et
293 2603 394 2642 infra
424 2602 630 2655 sepulchra
660 2602 747 2643 sunt
775 2601 922 2657 greffus
952 2603 1043 2657 xxvj
1077 2603 1114 2642 δι
1146 2603 1285 2644 beatus
1312 2605 1538 2658 Stephanus

161 2661 371 2714 requiescit
401 2661 496 2701 foris
528 2672 684 2714 portam
711 2661 847 2716 sagitte
879 2662 1041 2701 iactum.
1075 2662 1169 2701 Una
1199 2664 1322 2702 modo
1354 2675 1469 2716 porta
1489 2679 1538 2703 ex

161 2720 327 2759 nomine
359 2717 476 2772 ipsius
506 2721 687 2773 martyris
716 2732 896 2770 vocatur,
925 2719 963 2760 δε
993 2721 1047 2760 est
1079 2721 1124 2759 ad
1149 2722 1254 2761 viam
1283 2736 1360 2774 que
1382 2721 1540 2774 respicit

164 2780 209 2817 ad
242 2779 497 2818 occidentem
532 2794 610 2832 que
637 2779 842 2820 descendit
870 2780 918 2819 ab
948 2778 1047 2833 Iope
1079 2779 1117 2820 δι
1145 2780 1314 2822 Cesarea
1345 2779 1540 2820 Palestine
