2216 3435
620 217 710 264 216
1052 231 1190 264 BEDA
1226 230 1557 264 VENERABILIS

612 377 740 423 instar
773 376 1008 426 fluviorum
1042 396 1118 442 per
1153 379 1382 425 orientales
1413 377 1607 424 defluens
1632 395 1794 441 portas,
1827 378 1992 424 cunetis

612 449 758 494 secum
798 450 1039 513 platearum
1070 449 1267 497 sordibus
1295 452 1441 513 raptis,
1471 451 1514 496 in
1541 450 1652 496 valle
1685 449 1882 514 Iosaphat
1905 466 1991 496 tor-

614 537 781 567 rentem
803 521 985 568 Cedron
1010 538 1179 586 augeat.

611 700 651 744 ll.
693 702 758 744 ‘De
794 701 952 763 ecclefia
991 703 1322 760 Constantiniana
1359 701 1399 745 ὃ·
1437 702 1713 762 Golgotlzcma,
1749 703 1799 745 de
1833 702 1990 763 ecclesia

652 773 954 832 resurrecqionis
975 772 1015 816 ὃ»
1035 773 1280 833 desepulcro
1300 776 1488 829 Domini,
1510 774 1559 817 de
1577 774 1716 833 lapide
1735 774 1786 817 ad
1804 776 1943 832 ostium

755 847 996 888 monumenti
1022 845 1226 901 advoluto,
1254 847 1302 888 de
1326 845 1484 904 eccl'efia
1510 845 1655 889 sanae
1679 845 1849 902 marie,

835 917 883 959 de
902 916 1028 959 calice
1049 918 1221 961 Domini
1240 915 1280 960 ἃ
1302 918 1553 977 despongia,
1575 917 1624 960 de
1641 917 1770 961 altare

972 989 1201 1046 oAbralmm,
1226 989 1273 1031 de
1299 988 1435 1032 lancea
1459 987 1622 1032 militis.

678 1093 867 1158 Ingreffis
892 1111 999 1157 ergo
1025 1112 1049 1139 a
1068 1094 1395 1157 septentrionali
1414 1109 1535 1156 parte
1556 1092 1706 1139 urbem
1724 1095 1917 1157 primum
1939 1093 1994 1140 de

611 1166 718 1210 locis
733 1166 884 1211 sanclis
902 1183 984 1229 pro
1005 1166 1260 1212 conditione
1283 1166 1525 1229 platearum
1547 1164 1854 1212 divertendum
1867 1166 1924 1211 est
1936 1165 1994 1212 ad

612 1239 809 1301 ecclesiam
826 1241 1211 1298 Constantinianum,
1236 1255 1321 1300 que
1339 1243 1571 1298 martyrium
1591 1237 1844 1300 appellatur.
1864 1238 1994 1283 Hanc

610 1309 921 1355 Constantinus
959 1312 1211 1372 imperator,
1250 1327 1304 1355 eo
1343 1307 1464 1371 quod
1501 1308 1558 1354 ibi
1598 1326 1699 1354 crux
1723 1310 1909 1355 Domini
1938 1307 1994 1355 ab

611 1381 782 1426 Helena
807 1397 942 1427 matre
968 1397 1136 1444 reperta
1162 1380 1223 1440 sit,
1249 1380 1482 1444 magnifice
1506 1382 1551 1425 ἃ
1576 1382 1698 1444 regio
1728 1380 1844 1426 cultu
1870 1380 1994 1426 cons-

613 1454 751 1498 truxit,
779 1452 949 1499 Dehinc
980 1452 1035 1499 ab
1070 1453 1224 1498 occasu
1254 1454 1514 1514 Golgotlzczna
1543 1451 1713 1498 videtur
1737 1454 1911 1515 ecclesia,
1949 1453 1993 1497 in

615 1541 699 1585 qua
723 1526 854 1570 etiam
876 1542 1001 1588 rupes
1020 1539 1201 1587 apparet
1225 1525 1309 1583 illa,
1331 1541 1415 1586 que
1441 1523 1669 1586 quondam
1689 1524 1841 1586 ipsam,
1861 1522 1993 1570 affixo

613 1597 797 1641 Domini
821 1613 1020 1659 corpore,
1047 1613 1221 1641 crucem
1242 1596 1430 1658 pertulit,
1455 1611 1709 1658 argenteam
1735 1594 1874 1640 modo
1899 1612 1994 1658 per-

608 1666 826 1730 grandem
846 1668 1048 1714 sustinens
1066 1684 1256 1724 crucem,
1274 1665 1495 1729 pendente
1515 1683 1678 1728 magna
1697 1665 1879 1729 desuper
1897 1684 1994 1713 erea

609 1754 706 1784 rota
725 1756 825 1784 cum
849 1738 1137 1802 lampadibus.
1167 1739 1277 1784 Infra
1302 1739 1442 1801 ipsum
1468 1754 1572 1784 vero
1594 1737 1744 1782 locum
1759 1738 1995 1784 Dominice

610 1811 749 1856 crucis
775 1811 913 1857 excisa
936 1812 980 1856 in
1005 1827 1126 1873 petra
1152 1826 1304 1872 crypta
1329 1810 1400 1866 est,
1428 1811 1471 1854 in
1499 1826 1584 1871 qua
1609 1809 1734 1872 super
1757 1809 1889 1855 altare
1912 1826 1994 1872 pro

613 1880 828 1928 defuntffis
852 1882 1077 1928 honoratis
1108 1881 1362 1927 sacrificium
1392 1881 1500 1926 solet
1524 1879 1683 1939 offerri,
1714 1879 1860 1943 positis
1884 1882 1995 1927 inte-

613 1953 695 1998 rim
735 1955 779 1999 in
817 1954 962 2017 platea
995 1952 1267 2017 corporibus.
1305 1953 1442 1998 Huius
1486 1969 1665 2014 quoque
1698 1951 1754 1997 ad
1791 1953 1996 1999 occasum

613 2023 787 2071 ecclefie
822 2026 1124 2084 σὲνοισ-ταίσ-εως,
1163 2026 1250 2070 hoc
1291 2025 1349 2070 est
1390 2025 1708 2070 resurrediionis
1744 2024 1996 2083 Dominice‚

613 2096 802 2143 rotunda
815 2096 1005 2156 eeclesia,
1020 2096 1152 2143 tribus
1165 2098 1306 2142 cincla
1320 2095 1566 2159 parietibuS,
1578 2095 1815 2141 duodecim
1829 2095 1995 2140 colum-

613 2168 677 2213 nis
702 2168 969 2228 sustentatur,
995 2170 1104 2215 inter
1129 2170 1313 2232 parietes
1339 2166 1529 2231 singulos
1555 2167 1691 2212 latum
1715 2165 1878 2212 habens
1903 2167 1995 2229 spa-

612 2240 721 2285 tium
740 2240 821 2300 vie,
842 2257 926 2302 que
944 2241 1024 2286 tria
1043 2241 1191 2286 altaria
1210 2241 1253 2285 in
1273 2237 1406 2286 tribus
1424 2238 1532 2284 locis
1546 2239 1717 2301 parietis
1736 2237 1868 2298 medij
1890 2255 1998 2284 con-

613 2311 735 2369 tinet,
758 2311 845 2357 hoc
870 2312 942 2372 est,
968 2312 1149 2370 australi,
1179 2310 1418 2374 aquilonali
1443 2312 1488 2356 ὃς
1512 2308 1785 2356 occidentali.
1811 2310 1909 2355 l-lec
1933 2308 1996 2356 bis

614 2397 843 2443 quaternas
868 2398 1032 2446 portas,
1057 2382 1102 2428 id
1124 2382 1181 2428 est
1206 2382 1405 2427 introitus
1424 2398 1501 2444 per
1519 2398 1599 2426 tres
1618 2398 1641 2426 e
1659 2382 1840 2444 regione
1857 2381 1996 2443 parie-

615 2469 674 2498 tes
699 2452 844 2512 habet,
870 2472 892 2500 e
921 2453 1074 2516 quibus
1103 2470 1290 2515 quatuor
1320 2452 1375 2498 ad
1394 2453 1644 2499 vulturnum
1665 2454 1710 2497 &
1735 2468 1923 2514 quatuor
1939 2451 1994 2498 ad

614 2541 766 2570 eurum
808 2526 1014 2587 speciant.
1057 2526 1195 2571 Huius
1230 2526 1274 2570 in
1314 2524 1462 2570 medio
1504 2540 1792 2570 monumentum
1823 2527 1996 2569 ‘Domini

611 2595 851 2642 rotundum
876 2598 918 2643 in
939 2613 1058 2659 petra
1085 2597 1272 2642 excisum
1299 2596 1369 2655 est,
1395 2596 1514 2640 cuius
1547 2595 1720 2640 culmen
1747 2595 1995 2640 intrinsecus

610 2667 721 2712 stans
754 2667 892 2712 homo
923 2685 1056 2713 manu
1091 2668 1347 2731 contingere
1372 2666 1527 2729 potest,
1552 2664 1607 2711 ab
1639 2666 1806 2710 oriente
1834 2663 1997 2711 habens

613 2739 854 2797 introitum,
877 2740 945 2783 cui
964 2739 1070 2800 lapis
1089 2738 1160 2783 ille
1179 2755 1365 2801 magnus
1380 2736 1600 2800 appofitus
1615 2737 1690 2782 est:
1711 2734 1833 2798 quod
1850 2735 1998 2781 intrin-
