2216 3435
617 203 683 235 DE
718 203 856 236 LOCIS
893 202 1113 235 SANCTIS.
1466 204 1548 254 175

178 345 234 392 de
259 364 347 409 quo
372 346 573 393 videlicet
604 349 781 393 corroso
817 350 960 411 spurio
998 351 1043 394 ὃς
1068 367 1118 394 ex
1144 350 1266 394 omni
1290 365 1411 411 parte
1437 350 1553 395 secu-

176 416 292 463 ribus
317 419 583 476 circumciso,
609 418 869 464 hastularum
889 419 944 465 ad
965 419 1149 466 diversas
1175 418 1288 465 orbis
1309 422 1553 482 provincias

177 489 385 551 particule
408 489 695 551 asportantur,
723 489 780 535 ob
807 490 996 536 eiusdem
1021 508 1201 552 quercus
1225 493 1552 537 venerationem

179 562 224 604 ὅς
247 558 612 617 recordationem,
639 559 713 605 sub
739 578 838 622 qua,
866 578 910 606 ut
942 562 1127 623 superius
1158 579 1554 608 commemoratum

179 630 250 689 est,
269 631 543 693 Angelorum
558 631 787 694 quondam
807 635 1044 678 conventio
1066 633 1120 679 ad
1138 633 1359 679 Abraham
1378 635 1555 696 patriar-

177 701 306 746 cham
326 702 492 747 famosa
510 704 555 747 ὃς
572 702 847 764 predicabilis
866 704 1002 749 fuerat
1022 704 1289 750 condonata.
1315 708 1356 749 ln
1377 705 1554 749 circuitu

176 771 367 817 eiusdem
401 771 588 832 ecclefie,
626 791 711 835 que
749 773 912 820 ibidem
937 774 996 820 ob
1020 776 1107 820 loci
1130 776 1239 821 illius
1264 775 1555 820 honorificen-

176 845 282 889 tiam
314 844 556 890 construcff‘ta
603 844 808 904 habetur,
845 864 985 909 pauca
1023 846 1212 908 quedam
1256 846 1555 909 religiosorum

176 913 422 960 habitacula
447 913 653 961 fabricata
678 918 980 964 monstrantur.

240 986 322 1032 Sed
348 987 402 1033 de
427 988 488 1033 his
514 989 589 1034 ista
615 988 828 1034 sufficiant
852 988 1020 1048 dixiffe3
1049 988 1104 1034 ad
1131 990 1212 1034 alia
1241 1006 1487 1052 pergamus.

208 1167 276 1212 Xl.
314 1171 380 1212 ‘De
408 1171 563 1228 pineto,
597 1186 642 1210 ex
675 1185 747 1226 quo
774 1167 884 1226 ligna
911 1170 950 1210 in
976 1167 1139 1210 camelis
1164 1167 1217 1209 od
1243 1170 1354 1226 ignis
1379 1169 1518 1227 minis-

368 1243 470 1283 teria
499 1242 538 1282 in
564 1239 859 1298 Hierosolymis
876 1239 1123 1297 perficiendo
1148 1240 1350 1281 velluntur.

237 1364 559 1428 Egredientibus
592 1364 645 1410 de
671 1363 855 1410 Hebron
888 1365 931 1410 in
970 1365 1114 1426 campi
1149 1363 1376 1410 latitudine
1402 1363 1474 1409 sita
1501 1364 1556 1410 ad

174 1436 470 1498 aquilonalem
489 1436 684 1499 plagam,
704 1433 819 1480 haud
834 1435 990 1497 procul
1014 1453 1038 1480 a
1058 1437 1256 1498 margine
1275 1437 1341 1481 vie
1367 1435 1422 1481 ad
1446 1434 1557 1480 smis-

175 1523 300 1566 tram,
326 1508 512 1552 occurrit
535 1506 710 1569 pinosus
735 1523 827 1551 non
846 1505 1021 1569 grandis
1040 1523 1184 1563 mons,
1210 1505 1341 1552 tribus
1368 1505 1557 1551 millibus

174 1596 199 1624 a
229 1577 411 1625 Hebron
443 1577 613 1637 distans,
645 1577 698 1623 de
733 1579 851 1623 cuius
889 1579 1071 1640 pineto‘2
1102 1579 1232 1639 pinea
1262 1577 1317 1623 ad
1349 1577 1556 1623 Hieroso-

172 1650 338 1709 lymam
360 1651 492 1711 usque
512 1651 555 1695 in
576 1649 749 1694 camelis
767 1648 981 1695 vehuntur
998 1649 1116 1711 ligna
1137 1648 1192 1693 ad
1219 1649 1343 1693 focos
1363 1650 1553 1694 nutrien—

174 1719 268 1766 dos.
290 1724 333 1766 ln
352 1721 541 1780 camelis,
561 1722 763 1782 inquam,
789 1738 892 1765 nam
912 1721 956 1765 in
978 1721 1102 1764 omni
1122 1718 1263 1778 Iudea,
1288 1736 1333 1764 ut
1352 1720 1554 1765 Arculfus

174 1792 315 1851 refert,
341 1792 524 1854 plaustra
547 1792 616 1839 vel
639 1790 814 1836 currusb
837 1808 935 1836 raro
961 1792 1135 1853 reperiri
1160 1789 1350 1853 possunt.

672 1970 757 2015 XII.
795 1973 861 2014 “De
885 1973 1051 2014 Iericho.

241 2099 401 2146 Iericho
443 2098 569 2157 urbis,
609 2116 744 2160 quam
784 2099 916 2157 losue,
952 2097 1131 2143 Iordane
1167 2096 1424 2156 transmiffO,
1460 2095 1554 2141 sub-

174 2172 311 2230 vertit,
337 2188 438 2234 rege
463 2170 569 2215 illius
596 2171 836 2227 interfee'm,
863 2170 1029 2214 sandius
1050 2170 1189 2214 noster
1208 2168 1406 2213 Arculfus
1434 2168 1556 2212 cons-

174 2243 290 2304 pexit
313 2242 477 2299 locum,
504 2258 584 2303 pro
613 2258 699 2302 qua
725 2241 849 2285 Hiels
874 2239 927 2285 de
948 2240 1105 2298 Bethel,
1130 2258 1179 2285 ex
1207 2238 1316 2284 tribu
1342 2239 1556 2302 Ephraim,

174 2313 303 2358 aliam
335 2313 544 2369 exstruxit,
583 2329 715 2373 quam
742 2311 883 2356 noster
908 2311 1101 2357 Salvator
1126 2312 1197 2356 sua
1222 2311 1432 2373 presentia
1462 2308 1554 2356 vifi-

174 2400 264 2430 tare
289 2382 492 2446 dignatus
512 2383 581 2428 est.
609 2383 711 2445 Qe
738 2381 898 2427 eodem
924 2398 1137 2444 tempore,
1167 2399 1254 2443 quo
1283 2381 1552 2426 Hierusalem

174 2470 482 2517 oppugnantes
521 2451 776 2499 obsidebant
800 2454 1000 2511 Romani,
1039 2468 1218 2515 propter
1243 2453 1401 2499 civium
1426 2451 1553 2515 perfi-

177 2525 296 2571 diam
320 2541 447 2587 capta
481 2526 526 2569 ὃς
551 2523 761 2569 ἀείὶωᾶἰει
786 2524 855 2569 est.
897 2525 972 2568 Pro
999 2541 1085 2585 qua
1118 2524 1240 2568 tertia
1270 2522 1449 2568 condita
1482 2523 1555 2581 est,

175 2613 263 2658 que
280 2595 376 2659 post
398 2595 532 2640 multa
552 2611 803 2657 temporum
828 2594 1052 2640 intervalla
1075 2596 1119 2639 ὃ(
1143 2594 1233 2656 ipsa
1258 2593 1452 2640 subversa
1477 2593 1552 2639 est:

220 2725 248 2746 a.
273 2715 308 2746 L.
326 2713 423 2745 addit
436 2719 557 2744 monte.
575 2731 616 2735 —
633 2713 663 2743 b.
680 2711 899 2757 L.plaustralis
919 2711 1017 2745 etiam
1031 2723 1152 2745 ωτι-υς.
1171 2731 1212 2736 --
1226 2724 1252 2745 ς,
1269 2713 1318 2744 Sic
1331 2723 1398 2756 ego,
1413 2711 1458 2744 al.
1472 2715 1551 2744 Oza.
