2216 3435
578 220 669 268 244
799 213 1234 250 SANCTIMONIALIS
1282 211 1763 245 HEYDENHEIMENSIS

575 364 704 409 nica⁰
722 362 776 408 de
801 379 946 426 gente,
980 362 1100 406 istinc
1128 360 1395 406 venientium
1429 357 1669 417 noviffima,
1700 361 1745 404 ὃς
1774 375 1865 404 non
1894 357 1959 403 so-

575 436 667 480 lum
687 436 823 491 annis,
852 433 921 479 sed
939 435 983 478 ὅ(
1003 430 1240 487 bonoribus,
1265 433 1310 475 &
1335 429 1389 476 de
1414 430 1590 475 illorum
1619 431 1954 492 comparatione

578 505 889 552 contribulium
926 520 1125 548 meorum
1162 499 1278 563 quasi
1327 500 1605 547 homuncula.
1647 500 1735 564 Ego
1777 499 1956 563 quidem

577 576 701 624 vobis
721 574 926 640 religiosis
952 591 1002 620 ac
1026 573 1249 619 catholicis
1272 572 1384 630 viris,
1411 571 1569 617 celestis
1588 570 1851 617 bibliothece
1876 572 1953 616 mi-

577 649 725 707 nistris,
748 647 806 693 ob
832 646 1060 692 utilitatem
1079 644 1291 689 memoria
1313 659 1454 705 pauca
1480 642 1826 706 perstringendo,
1850 660 1955 705 pau-

575 720 698 766 latim
723 719 776 764 de
800 715 1090 781 primordialis
1114 716 1200 761 vite
1224 715 1312 760 eius
1331 713 1568 760 venerandi
1592 712 1954 760 viriWillibaldi⁶

575 792 776 855 proemio
802 789 1017 852 disputare
1041 786 1331 833 decreveram.
1358 784 1441 832 Sed
1468 802 1616 831 tamen
1640 787 1846 848 precipue
1873 804 1958 849 ego

577 863 739 909 femina
771 861 997 925 fragilique
1022 860 1139 905 sexus
1171 856 1465 903 imbecillitate
1501 855 1803 918 corruptibilis,
1843 857 1962 903 nulla

576 934 853 998 prerogativa
885 932 1088 994 sapientie
1113 928 1281 975 suffulta
1315 945 1389 974 aut
1419 945 1682 992 magnarum
1714 928 1872 974 virium
1895 929 1962 973 in-

579 1004 734 1052 dustria
759 1004 883 1061 elata,
904 1002 976 1048 sed
1001 1003 1243 1065 spontanea
1265 1000 1500 1047 voluntatis
1529 1017 1627 1045 mea
1650 1000 1861 1046 violentia
1886 1017 1965 1045 co-

583 1078 691 1134 affla,
728 1076 844 1122 velut
880 1073 1072 1136 quadam
1095 1074 1248 1136 ignara
1274 1089 1408 1134 parva
1439 1070 1493 1117 de
1515 1072 1705 1134 pestoris
1730 1069 1961 1134 prudentia

583 1164 721 1209 pauca
741 1146 976 1208 decerpens
995 1147 1040 1191 ὅ(
1057 1163 1108 1191 ex
1126 1144 1270 1190 multis
1289 1141 1502 1188 frondosis
1523 1143 1820 1206 frugiferisque
1837 1141 1964 1189 arbo-

584 1217 697 1264 ribus
734 1217 893 1264 florum
923 1219 1127 1264 varietate
1159 1216 1415 1261 onustorum
1447 1215 1603 1278 exigua
1639 1213 1830 1276 qualibet
1859 1231 1963 1273 arte,

583 1290 733 1336 saltem
758 1290 956 1335 extremis
988 1290 1033 1334 in
1058 1289 1201 1347 ramis,
1235 1287 1370 1334 vestre
1396 1286 1609 1331 memorie
1636 1302 1797 1348 coapta
1819 1303 1962 1349 pauca

579 1379 822 1424 excerpere,
861 1361 1176 1423 compaginare
1212 1357 1480 1421 ediffereque
1513 1375 1583 1403 me
1616 1355 1732 1403 libet.
1769 1357 1813 1403 Et
1847 1375 1965 1404 nunc

581 1435 810 1496 reciproco
842 1433 1040 1478 sermone
1065 1429 1264 1477 iterando
1291 1429 1406 1488 dico,
1443 1446 1535 1475 non
1567 1429 1743 1491 proprie
1774 1429 1965 1492 presum-

585 1505 712 1550 tionis
738 1502 998 1567 primordio,
1035 1519 1126 1548 non
1150 1502 1402 1548 temeritatis
1426 1499 1609 1546 audacia
1631 1500 1651 1528 d
1665 1499 1752 1545 hoc
1774 1501 1966 1563 incipere

584 1574 659 1621 nisi
685 1592 731 1620 ut
750 1575 822 1623 vix
847 1574 1003 1621 audeo.

645 1645 729 1694 Sed
761 1647 863 1709 quia
892 1663 1009 1691 nunc
1040 1647 1231 1709 primum
1257 1645 1342 1690 Dei
1376 1645 1514 1708 gratia
1537 1642 1859 1706 venerandique
1879 1644 1958 1690 viri

583 1735 701 1766 tante
731 1717 901 1765 visionis
939 1716 1244 1781 magnitudine
1275 1716 1498 1778 vestreque
1528 1716 1792 1761 audior-itatis
1828 1715 1966 1761 excel-

581 1791 714 1837 lentia
756 1792 801 1836 ὃς
854 1789 1136 1834 nihilominus
1190 1786 1302 1833 bene
1352 1786 1500 1833 valido
1546 1787 1679 1833 vestre
1729 1786 1964 1833 voluntatis

581 1862 741 1908 auxilio
776 1878 907 1923 atque
939 1860 1148 1906 consensu
1180 1859 1452 1922 aliquatenus
1486 1877 1557 1904 me
1582 1856 1815 1904 credebam
1844 1856 1967 1920 poss'e

580 1934 824 1996 impetrare,
854 1950 898 1978 ut
929 1933 1038 1978 tanti
1063 1932 1207 1995 operis
1234 1929 1533 1976 celsitudinem
1558 1946 1765 1991 tantaque
1785 1930 1970 1975 miracu-

580 2005 726 2051 lorum
757 2021 931 2050 necnon
959 2003 1090 2049 etiam
1122 2004 1328 2049 virtutum
1353 2000 1488 2065 signa,
1522 2019 1606 2064 que
1631 2002 1851 2047 Dominus
1883 2019 1965 2064 pro

582 2076 763 2121 humani
797 2078 965 2140 generis
1004 2076 1133 2122 salute
1166 2076 1207 2121 se
1243 2073 1533 2133 humiliando,
1573 2072 1882 2119 descendendo
1921 2074 1966 2119 in

580 2147 760 2193 humani
789 2148 985 2211 corporis
1015 2145 1292 2203 assumtione,
1330 2144 1475 2192 divine
1511 2143 1737 2190 roboratus
1768 2146 1964 2208 potentie

581 2219 827 2282 privilegio,
861 2220 1044 2282 prestare
1079 2235 1208 2280 atque
1234 2216 1440 2280 perficere
1476 2215 1679 2279 dignatus
1718 2218 1776 2262 est
1805 2217 1851 2261 in
1875 2216 1961 2261 hoc

582 2290 768 2349 mundo,
795 2292 960 2353 suisque
979 2290 1114 2335 oculis
1136 2288 1372 2336 venerandi
1392 2289 1471 2334 viri
1487 2286 1730 2334 Willibaldi
1758 2304 1965 2351 corpora-

584 2362 676 2408 liter
700 2363 880 2426 cognita
904 2362 1069 2424 suisque
1095 2361 1252 2424 plantis
1283 2378 1360 2423 per
1391 2360 1542 2405 omnia
1577 2357 1804 2422 palpando
1829 2376 1964 2422 pene-

584 2433 830 2495 trandoque
855 2432 1070 2480 visibiliter
1095 2449 1405 2494 comparuere:
1437 2431 1519 2477 hec
1544 2431 1694 2476 omnia
1717 2429 1965 2476 intimando

584 2506 921 2570 perstringimus.
953 2505 998 2550 Et
1021 2521 1115 2550 non
1140 2504 1282 2550 solum
1306 2501 1439 2567 figna‚
1475 2519 1560 2565 que
1584 2501 1712 2548 nobis
1738 2519 1815 2564 per
1838 2519 1966 2547 evan-

631 2636 661 2657 a.
685 2626 722 2657 In
742 2625 776 2657 P.
795 2626 844 2657 ad
859 2636 967 2668 marg.
984 2636 1097 2657 manus
1124 2625 1227 2668 quaed.
1361 2633 1390 2655 c.
1422 2623 1456 2655 C.
1471 2620 1686 2667 Uuyllibaldi.
1700 2640 1741 2645 —
1760 2620 1791 2653 d.
1805 2619 1961 2653 instanter

583 2678 651 2711 XV
664 2677 782 2720 Jaeculi
796 2677 947 2722 scripfit:
972 2677 1130 2710 Rosvvida
1158 2689 1231 2710 mo·
1315 2675 1400 2709 freta
1416 2675 1514 2708 addit
1531 2675 1564 2708 P.

586 2731 689 2766 nialis.
702 2751 745 2756 —
761 2733 793 2766 b,
813 2733 848 2765 C.
871 2732 951 2766 &R
972 2732 1084 2766 etiam.
