2216 3435
667 139 727 189 92
1083 134 1380 168 ANTONINUS
1417 133 1649 167 MARTYR

664 285 749 345 est,
774 285 879 330 item
902 285 946 331 in
982 285 1202 331 civitatem
1228 285 1420 341 ‘Tr-ierim,
1459 300 1544 345 que
1571 284 1616 329 ὃς
1638 283 1730 346 ipsa
1763 281 1957 329 subversa
1992 284 2050 330 est

663 356 862 403 suniliter.
900 355 1073 402 Deinde
1099 356 1296 403 venimus
1335 357 1377 400 in
1413 356 1633 401 civitatem
1661 352 2050 418 splendidiffimam

664 435 867 492 Berytum,
903 432 947 476 in
979 448 1066 493 qua
1101 448 1240 493 nuper
1278 430 1356 475 fuit
1386 427 1574 474 studium
1596 429 1859 475 litterarum:
1895 447 1980 492 que
2005 431 2050 475 &

660 504 752 567 ipsa
776 502 973 551 subversa
1010 503 1101 547 fuit.
1142 503 1328 547 Dicente
1364 499 1491 547 nobis
1522 500 1732 563 episcopo
1759 502 1956 560 civitatis,
1982 501 2051 545 cui

661 577 842 639 cognite
878 576 1048 620 fuerant
1071 573 1254 636 persone
1279 573 1556 629 nominatim,
1592 573 1783 635 exceptis
1814 574 2051 636 peregrinis

661 647 837 711 triginta
874 647 1007 692 millia
1032 645 1088 691 ad
1112 643 1242 691 breve
1269 646 1419 691 misere
1444 644 1512 689 hic
1531 645 1762 707 perierunt.
1787 644 1876 707 Ipsa
1901 645 2049 691 civitas

659 719 770 765 iacet
795 717 870 764 sub
897 718 1117 763 montanis
1142 719 1295 762 Libani.

781 900 822 942 ΙΙ.
848 899 990 954 Sidon,
1018 898 1256 959 oqsclepius,
1284 899 1313 941 S
1317 915 1469 958 arepta,
1497 900 1639 958 Tyrus,
1675 898 1915 943 Ptolemais.

727 1041 766 1083 A
796 1039 951 1098 Beryto
976 1040 1175 1085 venimus
1198 1041 1407 1094 Sidonem,
1447 1056 1532 1100 que
1557 1040 1601 1083 &
1625 1039 1716 1101 ipsa
1744 1057 1796 1084 ex
1820 1056 1943 1102 parte
1971 1040 2053 1085 ruit

660 1112 705 1156 &
729 1108 908 1155 adheret
925 1109 1102 1156 Libano.
1133 1111 1351 1155 Homines
1382 1111 1425 1155 in
1466 1128 1515 1156 ea
1541 1110 1719 1173 peffimi.
1746 1111 1791 1155 Et
1811 1111 1897 1156 illic
1922 1112 2053 1157 currit

662 1181 816 1228 fluvius
841 1184 1077 1244 cAsclepius,
1098 1184 1142 1227 ὅ(
1165 1183 1263 1227 fons
1288 1182 1390 1227 inde
1412 1183 1554 1246 surgit.
1576 1184 1644 1228 De
1665 1182 1828 1229 Sidone
1853 1183 2052 1229 venimus

661 1256 692 1299 S
694 1272 885 1316 areptam,
924 1271 1008 1315 que
1034 1254 1182 1300 civitas
1220 1253 1398 1299 modica
1423 1256 1467 1298 ὃς
1489 1253 1616 1300 valde
1641 1254 1869 1300 christiana
1894 1254 1976 1300 est:
2006 1255 2051 1299 in

661 1344 748 1389 qua
784 1325 1045 1371 cenaculum
1066 1326 1137 1383 est,
1161 1325 1284 1388 quod
1312 1326 1476 1372 facium
1502 1327 1642 1372 fuerat
1660 1326 1802 1384 Helie,
1828 1329 1873 1372 ὃς
1899 1327 2049 1385 Ιεᾶὶυε,

660 1397 734 1444 ubi
752 1396 962 1455 recubuit,
979 1399 1023 1443 ἃ
1042 1397 1187 1444 alveus
1207 1415 1492 1456 marmoreus,
1509 1397 1582 1444 ubi
1600 1398 1673 1444 illa
1691 1398 1845 1444 mulier
1864 1398 2051 1444 fermen-

659 1470 774 1516 tavit.
804 1472 846 1515 In
872 1486 962 1531 quo
987 1468 1090 1513 loco
1117 1469 1255 1514 multa
1274 1468 1529 1529 offeruntur,
1549 1472 1595 1515 ὃς
1619 1471 1793 1516 virtutes
1812 1470 1948 1516 multe
1965 1470 2052 1515 illic

657 1541 780 1587 fiunt.
818 1540 1024 1586 Exeuntes
1055 1540 1110 1586 de
1136 1542 1317 1604 Sarepta
1338 1543 1538 1587 venimus
1568 1543 1613 1587 in
1639 1542 1861 1588 civitatem
1887 1542 2049 1604 Tyrum,

658 1632 682 1660 a
703 1614 880 1675 Sarepta
905 1612 1106 1658 milliario
1132 1613 1332 1675 septimo.
1353 1614 1492 1673 Tyrus
1517 1615 1668 1660 civitas
1693 1612 1823 1659 habet
1847 1613 2050 1660 homines

657 1701 884 1747 potentes:
916 1685 1004 1730 vita
1040 1684 1233 1748 pessima,
1267 1702 1386 1731 tanta
1424 1686 1604 1745 luxuria,
1646 1703 1811 1748 quanta
1842 1685 1929 1731 dici
1958 1702 2051 1733 non

658 1757 814 1821 potest,
840 1774 1039 1821 gynecea
1060 1756 1250 1820 publica,
1277 1760 1321 1803 ὃς
1347 1758 1610 1804 olosericum
1629 1760 1674 1803 ὅ(
1699 1757 1866 1805 diversa
1889 1775 2053 1822 genera

659 1829 857 1875 telarum.
891 1829 1049 1876 Exinde
1085 1830 1284 1875 venimus
1312 1832 1627 1892 Ptolemaidam,
1661 1830 1884 1877 civitatem
1915 1830 2052 1876 hone-

660 1899 783 1960 stam,
810 1899 883 1946 ubi
907 1902 1154 1948 invenimus
1179 1902 1439 1947 monasteria
1465 1901 1595 1948 bona.

663 2082 721 2126 Ill.
750 2083 780 2125 S
771 2084 1019 2141 ycaminum,
1049 2086 1173 2142 castra
1197 2083 1559 2138 Samaritanorum,
1591 2086 1866 2139 monasterium
1896 2083 2054 2144 Helzsei

992 2158 1032 2198 in
1057 2171 1188 2199 monte
1214 2154 1417 2209 Carmelo,
1449 2157 1718 2214 Porphyrion,

728 2295 901 2341 Contra
934 2294 1264 2354 Ptolemaidem,
1302 2295 1418 2340 sexto
1444 2294 1662 2354 milliario,
1688 2295 1839 2340 civitas
1861 2295 1933 2354 est,
1965 2312 2051 2357 que

662 2383 843 2413 vocatur
866 2370 1133 2427 sycaminum,
1168 2366 1245 2413 sub
1275 2384 1407 2412 monte
1441 2369 1641 2424 Cat-melo,
1678 2365 1766 2426 ubi,
1798 2366 2000 2411 milliario
2026 2383 2051 2410 a

662 2437 913 2498 Sycamino,
938 2439 1036 2484 sunt
1054 2444 1178 2499 castra
1197 2442 1557 2495 Samaritanorum,
1579 2441 1624 2484 ὅ(
1642 2439 1769 2502 supra
1790 2438 1883 2500 ipsa
1901 2437 2048 2497 castra,

661 2509 863 2554 milliario
888 2510 1029 2570 semis,
1050 2514 1326 2571 monasterium
1344 2512 1507 2571 Helisei
1521 2510 1753 2572 prophete,
1772 2507 1846 2555 ubi
1863 2510 2051 2554 occurrit

660 2582 698 2626 ei
716 2581 885 2640 mulier,
905 2582 1026 2627 cuius
1050 2581 1189 2627 filium
1213 2582 1439 2627 suscitavit.
1462 2585 1505 2627 In
1525 2598 1680 2627 monte
1700 2581 1909 2628 Carmelo
1928 2581 2047 2627 inve-

660 2653 776 2698 nitur
800 2669 921 2715 petra
946 2652 1124 2698 modica
1148 2652 1354 2718 rotunda,
1385 2670 1484 2715 que,
1517 2652 1698 2716 quando
1723 2654 1882 2717 agitur,
1906 2653 2047 2713 sonat,

664 2725 765 2787 quia
796 2723 933 2771 solida
965 2725 1033 2771 est.
1067 2725 1184 2771 Talis
1214 2725 1274 2772 est
1302 2726 1433 2773 virtus
1462 2741 1610 2789 petre:
1638 2723 1666 2770 si
1696 2725 1896 2789 suspensa
1922 2724 2050 2771 fuerit
