2216 3435
526 374 602 403 1219

474 506 553 534 Nov.
573 514 599 544 5.

453 1519 533 1546 Nov.
551 1526 600 1546 22.

454 1869 535 1897 Nov.
552 1877 601 1907 ²3·

635 210 642 237 1
661 195 718 256 38
1046 203 1301 236 IOHANNES
1326 202 1391 234 DE
1418 201 1612 234 TULBIA

623 354 694 409 cst,
717 356 762 399 ὅ(
782 353 921 398 nullus
940 353 1143 415 princeps
1169 350 1223 395 de
1247 367 1296 396 ea
1317 350 1446 412 plene
1470 346 1634 393 laudari
1659 348 1799 410 potest
1822 345 1896 392 nifi
1924 347 2007 407 ille,

622 427 690 470 cui
709 426 800 470 laus
818 427 863 471 ὃς
891 424 1031 488 gloria
1058 423 1259 486 pertinet,
1285 424 1329 467 ὅς
1355 421 1574 466 convenit.

686 497 914 543 LV1-LV11.
951 498 1084 541 Anno
1106 494 1290 540 Domini
1316 494 1359 538 M
1375 533 1382 539 .
1398 492 1503 538 CC.
1525 493 1607 549 xix,
1628 500 1638 520 ¹
1659 490 1899 537 indifflone
1918 492 2005 549 viij,

622 572 773 632 quinta
784 568 853 615 die
870 571 1056 614 intrante
1071 567 1216 611 mense
1229 564 1510 623 Novembris,
1526 566 1569 610 in
1584 565 1731 628 vigilia
1742 565 1886 610 saneti
1903 564 2007 608 Leo-

621 641 744 688 nardi
758 640 942 698 abbatis,
958 641 1001 685 in
1020 638 1178 697 media,
1196 656 1361 684 annum
1375 655 1512 683 unum
1526 639 1571 682 &
1582 637 1746 682 menses
1757 636 1950 698 quinque
1963 637 2008 681 ὅς

620 713 921 759 hebdomadas
947 711 1068 768 duas,
1094 712 1138 755 ὃ(
1166 710 1285 755 diem
1309 727 1444 755 unum
1471 709 1624 754 stantes
1651 708 1883 754 Christiani
1907 723 2008 752 ante

620 787 887 842 Damiatam,
917 802 941 829 a
967 780 1168 827 manibus
1187 783 1468 827 inimicorum
1493 781 1630 826 crucis
1655 797 1754 825 eam
1776 779 2007 841 usurpave-

620 873 732 913 runt,
756 873 955 918 tempore
976 855 1167 912 Honorij
1193 854 1348 899 summi
1369 852 1587 916 pontificis
1607 855 1652 898 ὅ(
1671 852 1843 898 domini
1860 849 2008 896 Frede-

619 930 694 974 rici
714 928 1003 991 imperatoriS,
1029 928 1074 972 ὅ(
1091 935 1107 954 2
1125 927 1168 971 in
1192 943 1391 988 tempore
1415 924 1630 983 Iohannis,
1650 925 1763 987 regis
1786 922 2009 969 Ierusalem

619 1003 664 1046 ὅ(
690 1001 860 1063 Pelagij,
898 1000 1037 1044 Rome
1064 998 1211 1062 legati,
1236 1000 1281 1043 ὅ(
1306 996 1522 1060 Radulphi
1549 995 1807 1058 patriarche,
1832 995 2009 1042 volente

622 1073 821 1118 Domino
847 1073 892 1117 ὃς
917 1087 1202 1134 cooperante,
1236 1072 1307 1131 qui
1342 1070 1493 1114 omnia
1521 1069 1634 1127 fecit,
1659 1066 1893 1113 Christiani
1918 1068 2009 1113 Da-

619 1145 799 1189 miatam
842 1141 897 1188 ad
928 1143 1144 1187 honorem
1169 1143 1253 1187 Dei
1279 1142 1324 1186 &
1355 1142 1558 1186 omnium
1583 1141 1833 1185 sanffmrum
1855 1138 2009 1184 lucrati

621 1215 726 1261 sunt.
747 1220 797 1260 Et
826 1235 896 1261 vos
922 1235 1071 1273 omnes,
1088 1219 1157 1275 qui
1178 1216 1322 1276 legitis
1341 1214 1638 1274 &intelligitis
1657 1216 1758 1257 hanc
1782 1214 2005 1272 hystoriam,

613 1307 689 1349 pro
717 1293 852 1334 anima
870 1290 1097 1350 presbyteri
1116 1291 1307 1333 Iohannis
1331 1288 1379 1331 de
1398 1285 1545 1330 Tulhia
1572 1301 1696 1343 orate,
1721 1288 1789 1344 qui
1809 1288 1881 1329 hoc
1901 1301 2008 1329 com-

611 1363 754 1422 posuit
789 1361 829 1405 &
869 1363 925 1405 ibi
954 1364 1062 1420 fuit,
1106 1360 1146 1405 ὃ]
1181 1376 1417 1419 quecumque
1454 1362 1721 1418 contigerunt,
1764 1358 2008 1416 Christianis

610 1435 774 1494 scripfir
809 1434 849 1479 ὃ»
886 1435 1103 1478 denotavit.
1141 1433 1277 1478 Nono
1304 1430 1480 1476 decimo
1518 1428 1589 1475 die
1627 1428 1724 1491 post
1754 1428 2009 1490 captionem

621 1521 743 1564 terre,
784 1506 827 1550 in
866 1504 936 1550 die
971 1505 1127 1551 Sancite
1152 1503 1330 1562 Cecilie,
1363 1516 1642 1566 perrexerunt
1677 1499 1910 1546 Christiani
1951 1497 2008 1544 ad

620 1576 818 1633 castrum,
845 1575 967 1638 quod
997 1575 1152 1621 dicitur
1174 1572 1472 1632 Thamifium3
1506 1589 1595 1618 erat
1620 1572 1738 1617 enim
1763 1571 1885 1617 fortis
1916 1571 2007 1616 Da-

621 1649 752 1693 miata
787 1650 831 1693 ὅ(
856 1648 994 1706 locus,
1031 1646 1105 1693 ubi
1134 1646 1257 1692 multi
1288 1644 1491 1709 peribant
1519 1646 1564 1689 &
1589 1643 1758 1689 nullum
1787 1645 2010 1707 Paganum

620 1718 680 1765 ibi
710 1721 981 1778 invenerunt,
1018 1720 1063 1764 ὃς
1088 1718 1321 1764 Christiani
1346 1715 1590 1762 habuerunt
1614 1731 1782 1760 metum
1815 1716 1861 1760 ἃ
1885 1731 2010 1777 puta-

620 1808 788 1850 verunt,
813 1789 929 1836 aliud
956 1789 1056 1847 effe,
1087 1807 1220 1852 quam
1249 1789 1330 1835 fuit
1353 1791 1399 1834 &
1424 1805 1500 1850 per
1524 1786 1635 1833 duos
1660 1785 1750 1833 dies
1769 1802 1870 1832 ante
1894 1785 2011 1832 aliud
2025 1795 2050 1827 f.
2069 1805 2116 1836 37-

622 1863 807 1908 castrum
837 1864 1044 1909 steterunt
1068 1864 1113 1908 ὃς
1138 1863 1182 1907 in
1210 1860 1279 1907 die
1306 1861 1450 1907 Sanc‘ti
1475 1859 1718 1906 Clementis
1743 1859 1856 1904 intus
1880 1860 2012 1904 intra-

622 1951 791 1993 verunt,
820 1936 865 1980 ὃς
890 1934 1031 1980 nullus
1057 1935 1252 1997 paganus
1280 1932 1340 1979 ibi
1362 1948 1497 1989 erant,
1524 1933 1569 1977 δε
1593 1928 1649 1976 s1c
1671 1930 1903 1977 Christiani
1926 1928 2013 1976 fine

623 2022 766 2052 morte
791 2006 876 2052 ulla
904 2006 1089 2052 castrum
1112 2003 1302 2063 Thamfij
1327 2004 1480 2050 lucrati
1504 2003 1613 2048 sunt.

689 2077 931 2123 LV111-L1X.
974 2080 1015 2122 ln
1042 2077 1122 2122 hiis
1156 2093 1261 2123 vero
1306 2073 1454 2121 diebus
1496 2091 1590 2120 orta
1632 2073 1690 2120 est
1731 2089 1895 2137 magna
1930 2070 2013 2118 dis-

624 2147 775 2194 cordia
800 2150 910 2195 inter
933 2149 1130 2214 legatum
1171 2150 1216 2194 &
1256 2165 1422 2212 regem,
1458 2162 1640 2209 propter
1669 2144 1792 2208 quod
1826 2162 1898 2190 rex
1938 2161 2012 2206 pe-

624 2218 741 2266 tebat
789 2214 1038 2266 dominium
1086 2219 1281 2278 civitatis,
1323 2219 1369 2264 ὃς
1417 2218 1586 2281 legatus
1632 2216 1774 2263 noluit
1818 2217 1858 2261 ei
1905 2231 2012 2260 con-

624 2290 776 2337 cedere
814 2294 859 2337 &
906 2307 1087 2355 propter
1133 2291 1393 2349 thesaurum,
1432 2287 1556 2351 quod
1593 2286 1773 2334 nolebat
1817 2286 2010 2343 reddere,

622 2364 667 2408 &
700 2364 743 2408 in
776 2379 945 2409 tantum
967 2363 1141 2408 intravit
1168 2360 1385 2408 discordia
1405 2362 1517 2406 inter
1544 2360 1640 2405 illos
1666 2361 1711 2405 ὃς
1736 2360 1848 2406 inter
1869 2375 2012 2405 totum

623 2435 873 2493 exercitum,
916 2433 1037 2496 quod
1075 2450 1146 2479 rex
1176 2434 1361 2480 armavit
1396 2448 1478 2478 tres
1519 2431 1680 2495 galeas,
1719 2432 1764 2476 δε
1801 2429 1856 2476 de
1896 2447 2011 2476 exer-

623 2507 707 2552 citu
745 2504 924 2552 volebat
963 2504 1179 2564 recedere,
1214 2506 1260 2551 &
1301 2521 1455 2550 omnes
1497 2504 1558 2550 sui
1604 2503 1774 2562 secum3
1815 2501 1902 2547 hoc
1950 2502 2010 2549 vi-

674 2658 684 2677 1
721 2648 797 2680 Cod.
822 2646 948 2689 praebet
976 2646 1209 2679 MCCXVIII.
1234 2665 1278 2669 —-
1359 2643 1476 2677 verbis
1491 2642 1610 2676 iussum
1630 2642 1923 2685 Romaeusquead
1935 2652 2010 2685 por—

623 2711 640 2731 2
665 2700 702 2731 In
719 2698 826 2731 codice
845 2699 900 2731 hoc
915 2698 1278 2743 locofizffosequuntur,
1359 2697 1481 2730 tionem
1502 2697 1580 2729 dare
1600 2696 1747 2740 legimus.

621 2763 689 2797 quae
715 2751 907 2797 insequenti
929 2757 1070 2795 pagtna,
1087 2752 1150 2792 fol.
1177 2763 1230 2793 37,
1256 2763 1278 2794 ᾳ
