2216 3435
565 168 620 233 56
734 182 903 216 GESTA
939 183 1350 218 CRUCIGERORUM
1387 184 1766 219 RHENANORUM.

440 351 517 382 ¹2¹9
557 341 794 378 ornatum¹
830 333 958 380 seculi
992 351 1093 380 cum
1117 333 1235 379 varia
1270 332 1520 396 supelleffili
1554 334 1597 380 in
1642 332 1935 396 superhabun-

556 402 724 451 dancia.

621 476 789 523 Civitas
814 476 895 523 hec
915 493 1059 540 preter
1076 477 1318 523 naturalem
1342 475 1466 524 fitum
1484 478 1586 538 loci,
1612 496 1702 542 quo
1727 478 1933 538 munitur,

555 547 712 611 triplici
737 549 925 613 cingitur
948 566 1089 608 mum,
1116 547 1298 595 turribus
1322 549 1504 596 latericis
1529 551 1672 596 multis
1692 553 1738 596 &
1762 551 1933 613 magnis

554 619 778 666 fortiffime
812 620 996 679 firmata,
1035 620 1165 667 clavis
1190 622 1235 666 ὃ(
1259 621 1527 667 antemurale
1557 624 1687 668 totius
1712 622 1863 686 Egypti
1889 623 1934 667 ὅ(

552 691 661 737 inter
687 709 843 738 terram
862 692 1005 738 Gesen
1031 693 1076 737 ὃ(
1101 709 1283 754 campos
1301 692 1505 739 Thaneos
1530 692 1616 739 fita.
1642 695 1716 740 Ista
1741 695 1799 740 est
1825 711 1933 740 terra
1954 702 2173 743 V-›f·131‘’‚t·

552 764 696 810 Gesen
721 764 932 826 pascualis
954 766 1000 810 ὅ(
1033 762 1265 823 uberrima,
1299 782 1433 827 quam
1456 767 1680 828 pecierunt
1703 765 1775 826 filij
1803 764 1932 812 Iacob

551 852 576 880 a
600 835 835 895 Pharaone,
872 853 974 899 rege
998 835 1166 899 Egypti.
1198 837 1417 895 Damiata,
1443 838 1588 883 inclita
1613 839 1656 883 in
1687 839 1844 901 regnis,
1872 837 1932 883 fa-

551 908 673 952 mosa
697 907 884 953 multum
908 908 952 953 in
976 906 1173 971 superbia
1197 906 1445 968 Babylonis,
1470 910 1513 954 in
1538 911 1645 955 mari
1670 909 1933 955 dominatrix

551 978 894 1037 christianorum,
936 980 1155 1043 spoliatrix
1188 981 1233 1025 in
1269 979 1438 1026 accessu
1475 982 1800 1044 persecutorum
1836 981 1932 1027 suo-

550 1070 658 1111 rum,
691 1069 768 1115 per
799 1069 960 1115 paucas
991 1054 1036 1098 ὅ(
1066 1051 1264 1098 modicas
1295 1053 1426 1098 scalas
1461 1053 1790 1116 comprehensa,
1816 1070 1933 1099 nunc

547 1123 772 1170 humiliata
807 1125 865 1170 est
895 1122 967 1169 sub
1006 1125 1176 1187 potenti
1201 1142 1334 1170 manu
1360 1126 1443 1171 Dei
1466 1127 1525 1185 ὃς,
1551 1125 1762 1184 adultero,
1799 1143 1931 1188 quem

548 1195 622 1241 diu
658 1196 841 1256 tenuisti,
876 1195 1054 1242 tandem
1078 1198 1296 1259 proietsto,
1334 1198 1500 1243 reversa
1524 1198 1582 1244 est
1608 1196 1665 1243 ad
1689 1214 1932 1243 amatorem

547 1269 691 1314 Tuum
717 1268 909 1331 priorem
933 1270 992 1324 &‚
1022 1286 1107 1330 que
1132 1269 1248 1331 prius
1271 1268 1537 1332 parturiebas
1561 1270 1743 1333 spuriOS,
1773 1268 1931 1315 abhinc

546 1340 767 1404 legitimos
792 1340 931 1403 paries
955 1338 1079 1386 filios.
1118 1339 1401 1387 Achonienfis
1428 1341 1657 1404 episcopus
1681 1342 1769 1387 iam
1794 1359 1845 1387 ex
1866 1341 1930 1386 Te

547 1413 793 1458 animarum
828 1412 1046 1474 primicias
1075 1413 1174 1458 Deo
1204 1412 1330 1459 solvit
1354 1414 1398 1458 ὃ(
1422 1413 1625 1476 parvulos
1648 1415 1768 1459 Tuos
1790 1414 1929 1460 eciam

547 1486 679 1530 morti
722 1485 949 1547 proximos
994 1485 1039 1529 ὅ(
1083 1482 1354 1547 baptismatis
1405 1484 1522 1531 unda
1567 1486 1930 1532 sacramentaliter

547 1555 835 1602 emundando
857 1556 1006 1602 vitales
1035 1555 1236 1602 reddidit.
1263 1557 1556 1621 Multipliciter
1575 1559 1773 1604 Tuorum
1800 1558 1927 1604 scele-
1946 1571 2031 1611 B.‚p.
2049 1580 2119 1610 240,
2135 1582 2160 1601 c.
2180 1580 2192 1602 1

545 1645 642 1674 rum
683 1645 816 1691 penas
852 1627 1077 1685 exsolvisti,
1119 1645 1220 1673 cum
1249 1627 1409 1691 absque
1446 1631 1519 1689 eis,
1557 1631 1630 1691 qui
1665 1631 1709 1675 in
1741 1632 1806 1676 Te
1841 1631 1928 1677 vivi

544 1700 655 1758 sunt,
697 1698 995 1762 comprehenfi
1021 1717 1101 1746 xxx
1136 1700 1463 1746 interfefflorum
1499 1701 1616 1747 milia
1651 1701 1721 1748 vel
1744 1701 1928 1764 amplius

548 1788 872 1835 computantur,
901 1788 1012 1833 quos
1031 1770 1113 1817 five
1133 1772 1246 1817 ferro
1266 1772 1335 1818 vel
1352 1773 1455 1836 igne
1475 1772 1672 1835 percuffit
1693 1774 1926 1831 Dominus,

546 1843 774 1907 spurcicias
803 1844 847 1889 in
885 1844 949 1889 Te
978 1842 1226 1889 commissas
1257 1843 1312 1890 de
1341 1860 1486 1890 cetero
1520 1843 1780 1909 dedignatus
1814 1845 1929 1891 susti-

545 1932 660 1962 nere.
680 1914 886 1962 Gaudeat
905 1916 1037 1978 igitur
1055 1915 1300 1962 universalis
1320 1915 1495 1962 ecclesia
1513 1934 1595 1980 pro
1614 1916 1686 1962 tali
1704 1916 1927 1980 triumpho

545 2003 688 2050 grates
713 1987 901 2033 referens
926 1988 1041 2047 Deo,
1075 1988 1149 2049 qui
1173 1987 1259 2033 vite
1282 1989 1326 2033 ἃ
1347 1988 1498 2033 mortis
1522 1986 1654 2034 habet
1679 1989 1926 2051 imperium,

545 2057 616 2102 cui
639 2057 697 2103 est
720 2058 880 2118 honor,
905 2059 1037 2106 virtus
1055 2060 1101 2104 ὅ(
1126 2060 1333 2122 potencia
1357 2075 1434 2121 per
1456 2058 1625 2106 infinita
1647 2059 1789 2105 secula
1807 2060 1926 2105 secu-

543 2127 712 2177 lorum!
748 2131 905 2177 Amen.

596 2255 608 2275 1
632 2244 672 2276 V.
687 2251 934 2277 ornamentum.
