2216 3435
577 223 644 256 DE
667 222 804 255 Loffls
830 221 1051 255 SANCTIS.
1443 223 1506 270 97

124 387 175 432 X.
222 387 472 443 Salamaida,
515 391 662 431 therme
700 389 882 449 Moyfis,
927 404 1034 430 mare
1067 385 1316 442 Salinarum,
1359 386 1504 445 Segor,

537 474 822 502 monumentum
851 457 1094 515 cAbsalonis.

192 579 237 624 Et
272 579 331 625 ibi
360 597 499 642 prope
535 580 592 625 est
628 580 790 638 civitas,
830 596 914 641 que
946 595 1129 626 vocatur
1151 580 1406 634 Salamaida,
1434 577 1508 624 ubi

126 651 422 698 remanserunt
457 650 542 696 due
567 651 689 696 semis
715 649 846 696 tribus
871 650 1061 695 filiorum
1087 649 1220 708 Israel,
1258 650 1507 712 priusquam

124 715 345 762 transirent
378 715 618 762 Iordanem.
645 719 696 761 <ln
732 733 820 777 quo
854 716 956 760 loco
984 715 1151 761 therme
1176 715 1286 773 sunt,
1322 732 1407 777 que
1431 732 1508 760 vo-

125 804 276 833 cantur
306 791 455 833 therme
488 791 671 850 WoXfis,
704 785 777 832 ubi
808 788 939 832 etiam
967 785 1122 849 leprosi
1159 785 1438 831 mundantur.
1464 785 1509 830 Et

124 856 182 903 ibi
207 859 263 904 est
290 858 389 903 fons
418 875 583 920 aquam
614 856 777 903 habens
811 857 1113 916 dulcissimam,
1152 874 1236 918 que
1267 874 1348 919 pro
1373 873 1508 902 catar-

129 929 247 974 thico
286 928 458 988 bibitur,
494 932 538 975 δε
576 929 736 974 multos
769 929 888 974 sanat
916 929 1162 991 languores,
1194 944 1286 972 non
1319 927 1455 990 longe
1486 945 1510 972 a

129 1003 492 1057 marisalinarum,
520 1002 565 1046 in
592 999 714 1062 quod
737 999 926 1044 Iordanis
947 997 1186 1061 ingreditur
1207 996 1350 1043 subtus
1370 997 1510 1044 Sodo-

131 1090 249 1116 mam
275 1074 319 1117 ὃς
344 1072 671 1118 Gomorrham:
700 1070 753 1115 ad
781 1072 898 1115 cuius
919 1071 1033 1115 littus
1059 1068 1254 1114 bitumen
1274 1069 1512 1132 &sulphur

131 1143 360 1206 colligitur.
398 1146 440 1189 ln
468 1160 556 1205 quo
584 1142 692 1187 mari
718 1142 862 1186 mense
890 1141 993 1186 Iulio
1019 1143 1063 1185 ἅ
1088 1141 1284 1203 Augusto
1310 1142 1355 1186 ὃς
1380 1141 1511 1202 usque

132 1213 327 1259 medium
345 1213 635 1276 septembrem
653 1230 749 1259 toto
770 1211 839 1257 die
858 1213 1000 1257 iacent
1017 1210 1192 1273 leprosi,
1212 1211 1268 1257 ad
1286 1212 1512 1274 vesperum

133 1302 278 1331 autem
302 1285 500 1330 lavantur
524 1285 568 1329 in
587 1283 682 1347 ipsis
700 1285 874 1330 thermis
893 1282 1049 1342 Moyfis
1073 1285 1117 1328 ὃς
1135 1283 1379 1344 aliquoties,
1402 1300 1512 1344 quos

132 1356 236 1414 vult,
273 1357 494 1401 Dominus
529 1355 733 1414 mundat,
772 1373 875 1400 nam
898 1355 943 1399 in
968 1354 1249 1417 generalitate
1283 1355 1341 1399 est
1369 1354 1513 1416 aliqua

130 1428 357 1488 paramitia
383 1426 719 1493 [uapoeptfflloe]
742 1430 785 1471 ln
807 1443 896 1488 quo
916 1426 1024 1470 mari
1050 1425 1155 1469 nihil
1172 1425 1388 1471 invenitur
1407 1426 1512 1471 vivi-

130 1497 327 1557 ficatum3
363 1514 445 1543 nec
478 1498 612 1560 ligna,
649 1514 729 1542 nec
763 1497 887 1560 palee
921 1495 980 1542 ibi
1006 1512 1170 1555 natant,
1201 1513 1343 1558 neque
1368 1496 1507 1541 homo

132 1586 279 1615 natare
303 1570 457 1632 potest,
482 1569 554 1615 sed
580 1568 795 1631 quidquid
820 1570 862 1613 in
900 1567 1005 1613 illud
1032 1570 1275 1630 proietstum
1300 1567 1440 1626 fuerit,
1469 1568 1512 1612 in

136 1640 407 1702 profundum
448 1639 727 1704 demergitur.
771 1642 838 1686 De
876 1639 1057 1684 Iordane
1098 1640 1232 1701 usque
1271 1637 1327 1684 ad
1366 1638 1514 1685 locum

133 1712 268 1769 illum,
292 1713 337 1756 in
362 1728 451 1773 quo
479 1712 646 1771 Moyses
669 1710 724 1757 de
749 1728 934 1773 corpore
954 1711 1097 1768 exivit,
1119 1711 1215 1756 sunt
1239 1710 1371 1755 millia
1396 1714 1514 1768 0610,

135 1779 179 1821 ὃς
206 1776 359 1822 exinde
390 1794 481 1821 non
513 1777 699 1822 multum
730 1777 865 1839 longe
890 1775 946 1821 ad
969 1779 1113 1836 Segor,
1148 1777 1192 1821 in
1220 1774 1376 1838 quibus
1406 1775 1513 1820 locis

137 1848 231 1892 sunt
255 1847 378 1892 multi
405 1849 594 1893 eremite.
620 1847 821 1894 Vidimus
846 1850 891 1893 ὅς
913 1846 974 1892 ibi
1000 1865 1286 1893 monumentum
1310 1848 1511 1909 cAbsalom

136 1917 206 1976 filij
229 1916 385 1964 David.

534 2072 602 2118 Xl.
630 2075 844 2134 Jorduuir,
872 2076 1104 2135 epiphania.

197 2203 433 2247 ‘senuimus
446 2207 726 2263 theophanium
747 2208 857 2247 iuxta
874 2205 1096 2257 Iordanem,
1115 2204 1159 2246 ὃ(
1175 2200 1282 2246 flunt
1304 2199 1513 2246 mirabilia

133 2274 177 2318 in
202 2273 273 2318 illa
298 2275 427 2318 nocie
460 2274 503 2317 in
528 2274 647 2332 loco,
679 2272 751 2318 ubi
777 2271 1017 2335 baptizatus
1049 2274 1105 2317 est
1131 2273 1361 2317 Dominus.
1390 2271 1433 2317 Et
1457 2272 1514 2317 est

133 2343 192 2390 ibi
217 2344 404 2390 tumulus
431 2345 631 2390 cancellis
660 2343 965 2401 circumdatus,
1001 2346 1045 2388 ὃ(
1080 2344 1122 2388 in
1154 2343 1271 2401 loco,
1304 2341 1376 2388 ubi
1401 2360 1514 2404 aqua

135 2415 258 2462 rediit
292 2417 337 2462 in
373 2416 546 2461 alveum
581 2418 716 2475 suum,
755 2414 890 2478 posita
928 2416 985 2461 est
1023 2433 1125 2460 crux
1156 2415 1301 2478 lignea
1326 2415 1439 2459 intus
1470 2416 1514 2460 in

134 2505 262 2550 aqua,
287 2489 332 2532 &
358 2486 517 2550 gradus
544 2486 812 2533 descendunt
835 2488 967 2548 usque
991 2486 1046 2531 ad
1071 2504 1231 2548 aquam
1259 2503 1309 2532 ex
1334 2503 1514 2547 utraque

133 2575 252 2620 parte
277 2559 367 2620 ripe
396 2558 520 2603 strata
540 2575 772 2603 marmore.
800 2561 842 2603 ln
862 2558 1017 2621 vigiliis
1043 2557 1308 2619 theophanie
1328 2556 1514 2620 grandes

132 2627 241 2675 fiunt
276 2630 435 2694 vigilie,
476 2648 660 2693 magnus
695 2628 753 2675 ibi
787 2629 834 2674 fit
869 2646 1111 2675 conventus
1154 2629 1435 2692 populorum,
1471 2630 1515 2673 ὃς

133 2700 250 2763 gallo
295 2718 445 2763 quarta
478 2717 550 2746 aut
590 2703 742 2763 quinta
776 2702 869 2747 vice
912 2718 1109 2760 canente,
1146 2700 1254 2746 fiunt
1290 2701 1513 2750 matutine,

135 2771 382 2836 Completis
412 2774 647 2831 matutinis,
678 2771 919 2818 albescente
949 2772 1033 2833 die,
1067 2771 1311 2836 procedunt
1340 2771 1516 2818 diaconi

1315 2871 1351 2902 13
