2216 3435
541 270 923 303 HoDOEPORICoN
958 272 989 303 S.
1017 271 1338 305 WILLIBALDI.
1534 261 1616 308 261

323 438 382 480 XI
394 435 437 481 V.
463 436 662 491 Tiberias,
689 436 985 496 Capharnaum,
1013 436 1249 495 Bethsaida,
1275 437 1554 496 magdalum,

809 507 1051 566 Clzoro‘gain.
1074 516 1092 533 ‘²

322 629 366 674 Et
388 626 490 673 inde
514 626 758 691 pergebant
781 626 837 672 ad
857 626 1022 686 urbem,
1044 644 1128 689 que
1146 643 1328 674 vocatur
1345 627 1361 656 ‘²
1379 629 1625 676 Tiberiadis.

259 699 330 745 llla
366 699 444 743 stat
472 699 516 744 in
540 698 683 743 littore
714 699 855 755 maris,
893 697 965 743 ubi
1000 700 1218 744 Dominus
1254 697 1630 761 superambulabat

258 768 372 814 slecis
392 766 589 830 pedibus,
613 770 658 812 ἅ
676 768 830 825 Petrus,
856 769 979 830 super
997 768 1161 814 undam
1178 768 1406 815 ambulans
1431 770 1487 815 acl
1514 788 1629 828 eum,

258 839 473 885 demersus
490 849 503 866 ί
525 839 596 883 est.
615 837 637 866 ἅ
652 837 709 884 lbi
727 839 822 883 sunt:
840 839 971 884 multe
991 838 1163 885 ecclefie
1181 841 1463 904 &synagoga
1482 840 1631 886 ludeo-

257 928 368 969 rum,
403 908 475 954 sed
505 911 550 954 ὃς
576 920 788 973 magnuse
811 909 955 954 honor
985 909 1241 956 dominicus.
1265 909 1324 955 Ibi
1350 911 1522 956 fuerunt
1556 913 1628 958 ali-

258 997 444 1044 quantos
469 979 572 1039 dies,
596 983 641 1026 ὃς
661 980 722 1026 ibi
740 979 930 1026 Iordanis
951 980 1094 1026 transit
1113 999 1190 1043 per
1214 981 1409 1026 medium
1430 1000 1561 1029 mare.
1588 984 1632 1028 Et

258 1051 360 1097 inde
379 1051 501 1098 ibant
519 1054 631 1099 circa
651 1072 768 1099 mare
787 1055 832 1098 ὃς
849 1052 1088 1116 pergebant
1107 1054 1223 1098 secus
1238 1053 1383 1097 vicum
1398 1051 1417 1087 f
1434 1056 1632 1115 Magda-

258 1124 356 1167 Iene.
384 1122 428 1168 Et
447 1122 679 1169 veniebant
702 1123 758 1169 ad
785 1123 905 1168 illum
931 1124 1110 1169 vicum?
1132 1126 1422 1183 Caphm‘naum,
1448 1122 1520 1168 ubi
1540 1126 1631 1169 Do-

260 1195 401 1239 minus
420 1195 624 1256 principis
643 1194 776 1239 filiam
800 1195 1024 1253 suscitavit,
1052 1193 1122 1239 ubi
1151 1195 1230 1239 fuit
1248 1193 1404 1240 domus
1423 1196 1467 1239 ὃς
1491 1212 1633 1240 murus

260 1283 458 1328 magnus.
487 1265 565 1310 hEt
593 1264 649 1310 fic
684 1264 881 1310 dixerunt
905 1265 963 1309 illi
993 1265 1208 1323 homines,
1248 1265 1369 1327 quod
1404 1264 1632 1311 Zebedeus

259 1354 360 1381 cum
390 1336 483 1382 filiis
513 1338 592 1382 suis
619 1337 808 1381 [ohanne
827 1338 872 1381 ὅ(
904 1336 1061 1382 Iacobo
1086 1336 1144 1382 ibi
1166 1338 1323 1382 fuerint
1347 1336 1563 1381 collocati.
1590 1334 1634 1379 Et

258 1407 359 1453 inde
381 1407 621 1471 pergebant
638 1408 648 1435 f
670 1407 725 1452 ad
745 1410 1005 1469 Bethsaidam
1021 1431 1033 1452 .·
1058 1407 1159 1453 inde
1179 1424 1299 1453 erant
1316 1408 1456 1452 Petrus
1477 1409 1521 1451 ὃς
1540 1409 1628 1452 An-

260 1478 397 1523 dreas.
428 1477 485 1524 lbi
504 1479 562 1524 est
586 1495 704 1523 nunc
723 1477 911 1535 ecclesia,
929 1477 1002 1523 ubi
1021 1480 1135 1540 prius
1161 1495 1250 1523 erat
1268 1478 1426 1523 domus
1444 1478 1630 1522 illorum.

260 1549 304 1594 Et
322 1550 407 1595 illic
431 1566 656 1595 manentes
671 1567 802 1594 unam
816 1553 1006 1608 nodkem,
1028 1568 1157 1595 mane
1170 1549 1413 1613 pergebant
1431 1548 1486 1594 ad
1507 1553 1540 1595 C
1543 1567 1634 1594 oro-

260 1619 406 1682 {aimj
430 1619 503 1666 ubi
535 1622 753 1666 Dominus
791 1619 1076 1666 demoniacos
1112 1622 1290 1679 curavit,
1327 1623 1372 1666 ὃς
1409 1619 1634 1666 diabolum

261 1690 458 1737 mittebat
482 1692 525 1736 in
548 1709 730 1755 gregem
756 1709 1005 1754 porcorum.
1034 1690 1091 1736 lbi
1122 1692 1200 1737 fuit
1232 1691 1407 1737 ecclefia
1432 1692 1634 1737 Christia-

262 1779 432 1808 norum.

339 1925 431 1968 XV.
457 1926 523 1967 Ior
547 1923 586 1967 δ’
611 1926 722 1979 Dan,
749 1925 951 1978 Iordanis,
971 1925 1149 1983 paludes
1175 1924 1367 1978 merom,
1397 1925 1568 1984 Cesarea

842 1996 1043 2055 Philippi.
1061 1995 1075 2021 k

327 2116 371 2161 Et
389 2115 448 2161 ibi
474 2134 660 2174 orantes,
686 2115 929 2180 pergebant
946 2115 1064 2174 inde,
1090 2119 1134 2162 ὃς
1154 2115 1388 2162 veniebant
1405 2116 1461 2161 ad
1486 2116 1634 2161 locum

263 2188 397 2246 illum,
422 2186 492 2233 ubi
518 2187 634 2233 duo!
659 2188 800 2234 fontes
826 2187 880 2233 cle
911 2204 1020 2233 terra
1045 2205 1265 2244 emanant,
1292 2192 1358 2233 Ior
1381 2189 1426 2232 &
1452 2192 1562 2243 Dan,
1590 2189 1635 2231 ὃ(

263 2274 380 2317 tunc,
404 2259 624 2305 venientes
646 2258 700 2304 de
725 2275 876 2304 monte
907 2258 1110 2304 deorsum
1133 2260 1178 2303 in
1203 2276 1338 2304 unum
1364 2258 1548 2315 collecffi,
1575 2258 1634 2302 fa-

261 2331 381 2375 ciunt
399 2333 619 2376 Iordanem.
638 2329 694 2375 lbi
712 2329 995 2376 morabantur
1008 2341 1031 2357 Μ
1047 2348 1178 2375 unam
1198 2332 1374 2374 nocfhzm
1393 2330 1502 2374 inter
1520 2328 1632 2374 duos

263 2401 418 2458 fontes,
433 2413 450 2430 '¹
467 2403 513 2446 ὃ(
535 2402 722 2464 pastores
741 2400 906 2447 dabant
929 2400 1055 2447 nobis
1074 2419 1222 2447 acrum
1240 2401 1308 2447 lac
1325 2399 1484 2447 bibere.
1512 2400 1556 2446 Et
1575 2400 1634 2447 ibi

309 2526 338 2547 a.
363 2512 488 2546 ‘litulus
507 2514 537 2546 d.
566 2513 598 2545 in
624 2514 710 2554 Mb.,
732 2514 784 2554 C.,
806 2514 837 2545 P.
861 2533 907 2537 —
992 2514 1028 2545 R.
1046 2525 1138 2545 mura
1158 2524 1291 2556 magna.
1312 2532 1354 2537 —
1372 2512 1389 2544 ἰ.
1407 2514 1440 2546 C.
1451 2522 1636 2557 pergentes.

263 2570 294 2601 b.
327 2569 396 2600 Mb.
424 2566 554 2600 dicitur.
573 2587 618 2590 —
641 2578 669 2600 c.
690 2568 773 2608 Mb.,
795 2569 828 2600 R.
850 2567 907 2599 de-
994 2586 1028 2590 —
1046 2567 1070 2609 j.
1092 2567 1160 2598 Mb.
1180 2565 1366 2599 Corazaim.
1388 2586 1433 2590 ——
1455 2566 1487 2598 k.
1512 2566 1637 2599 ‘Titulus

264 2629 433 2665 mergatus
445 2632 452 2663 3
466 2619 675 2653 P.dimersus.
687 2621 817 2653 —d.ad
831 2631 906 2653 eum
992 2619 1022 2650 d.
1037 2617 1070 2651 in
1092 2621 1139 2655 C..
1156 2620 1239 2659 Mb.,
1252 2619 1282 2651 P.
1302 2638 1341 2642 —
1363 2619 1380 2652 l.
1401 2620 1482 2659 Mb.,
1497 2620 1634 2652 lx'.duos.

265 2675 348 2708 ...est
369 2676 402 2707 d.
426 2673 460 2706 in
480 2675 513 2707 C.
542 2694 573 2698 —
590 2685 617 2706 e.
639 2675 854 2718 Mb.magna;
875 2675 906 2706 P.
993 2693 1034 2698 —
1057 2686 1098 2706 m.
1112 2674 1439 2714 Mb.,!<.morabant.
1455 2686 1540 2706 —n.
1556 2675 1638 2717 Mb.,

264 2739 389 2772 magno
409 2727 543 2760 honore.
563 2746 609 2750 —
626 2726 646 2759 f.
659 2727 741 2767 Mb.,
755 2728 803 2767 R„
823 2727 907 2760 vico.
994 2730 1029 2761 R.
1049 2728 1178 2760 duabus
1199 2726 1354 2760 fontibus.

263 2801 308 2807 -—
325 2794 358 2826 g.
380 2782 466 2823 Mb.,
486 2782 521 2813 R.
541 2779 595 2813 illo
613 2779 696 2814 vico.
714 2801 759 2805 —
777 2780 807 2813 h.
824 2781 908 2823 Mb.,
