<?xml version="1.0" encoding="UTF-8"?>
<!DOCTYPE html PUBLIC "-//W3C//DTD XHTML 1.0 Transitional//EN"
    "http://www.w3.org/TR/xhtml1/DTD/xhtml1-transitional.dtd">
<html xmlns="http://www.w3.org/1999/xhtml" xml:lang="en" lang="en">
 <head>
  <title>
</title>
<meta http-equiv="Content-Type" content="text/html;charset=utf-8" />
  <meta name='ocr-system' content='tesseract 3.04.00' />
  <meta name='ocr-capabilities' content='ocr_page ocr_carea ocr_par ocr_line ocrx_word'/>
</head>
<body>
  <div class='ocr_page' id='page_1' title='image "./p1itinerahierosoly1tobl_0766.png"; bbox 0 0 2216 3435; ppageno 0'>
   <div class='ocr_carea' id='block_1_1' title="bbox 598 226 1460 263">
    <p class='ocr_par' dir='ltr' id='par_1_1' title="bbox 598 226 1460 263">
     <span class='ocr_line' id='line_1_1' title="bbox 598 226 1460 263; baseline -0.005 -1"><span class='ocrx_word' id='word_1_1' title='bbox 598 232 688 263; x_wconf 89' lang='lat'>220</span> <span class='ocrx_word' id='word_1_2' title='bbox 1156 226 1460 260; x_wconf 86' lang='lat' dir='ltr'><strong>PROPHETIA</strong></span> 
     </span>
    </p>
   </div>
   <div class='ocr_carea' id='block_1_2' title="bbox 589 354 1980 1637">
    <p class='ocr_par' dir='ltr' id='par_1_2' title="bbox 589 354 1980 1637">
     <span class='ocr_line' id='line_1_2' title="bbox 592 354 1978 422; baseline -0.002 -17"><span class='ocrx_word' id='word_1_3' title='bbox 592 361 637 405; x_wconf 89' lang='lat' dir='ltr'>O</span> <span class='ocrx_word' id='word_1_4' title='bbox 665 359 828 422; x_wconf 78' lang='lat' dir='ltr'>Egipte‚</span> <span class='ocrx_word' id='word_1_5' title='bbox 864 377 916 406; x_wconf 90' lang='lat' dir='ltr'>ve</span> <span class='ocrx_word' id='word_1_6' title='bbox 949 358 1053 407; x_wconf 77' lang='lat' dir='ltr'>tibi!</span> <span class='ocrx_word' id='word_1_7' title='bbox 1097 358 1311 421; x_wconf 84' lang='lat' dir='ltr'>quoniam</span> <span class='ocrx_word' id='word_1_8' title='bbox 1337 354 1563 403; x_wconf 80' lang='lat' dir='ltr'>vocaberis</span> <span class='ocrx_word' id='word_1_9' title='bbox 1597 356 1732 402; x_wconf 88' lang='lat' dir='ltr'>Terra</span> <span class='ocrx_word' id='word_1_10' title='bbox 1757 355 1907 419; x_wconf 82' lang='lat' dir='ltr'>Nigra,</span> <span class='ocrx_word' id='word_1_11' title='bbox 1932 358 1978 402; x_wconf 91' lang='lat'>&amp;</span> 
     </span>
     <span class='ocr_line' id='line_1_3' title="bbox 590 428 1978 493; baseline -0.001 -18"><span class='ocrx_word' id='word_1_12' title='bbox 590 431 714 476; x_wconf 82' lang='lat' dir='ltr'>huius</span> <span class='ocrx_word' id='word_1_13' title='bbox 739 431 929 476; x_wconf 85' lang='lat' dir='ltr'>nominis</span> <span class='ocrx_word' id='word_1_14' title='bbox 955 428 1165 493; x_wconf 78' lang='lat' dir='ltr'>expofitio</span> <span class='ocrx_word' id='word_1_15' title='bbox 1190 428 1272 474; x_wconf 90' lang='lat' dir='ltr'>hec</span> <span class='ocrx_word' id='word_1_16' title='bbox 1307 428 1386 474; x_wconf 89' lang='lat' dir='ltr'>est:</span> <span class='ocrx_word' id='word_1_17' title='bbox 1418 428 1550 473; x_wconf 82' lang='lat' dir='ltr'>Terra</span> <span class='ocrx_word' id='word_1_18' title='bbox 1589 444 1772 490; x_wconf 85' lang='lat' dir='ltr'>propter</span> <span class='ocrx_word' id='word_1_19' title='bbox 1795 443 1978 490; x_wconf 83' lang='lat' dir='ltr'>peccata</span> 
     </span>
     <span class='ocr_line' id='line_1_4' title="bbox 591 497 1978 566; baseline -0.002 -19"><span class='ocrx_word' id='word_1_20' title='bbox 591 501 833 566; x_wconf 78' lang='lat' dir='ltr'>denigrata,</span> <span class='ocrx_word' id='word_1_21' title='bbox 884 504 986 566; x_wconf 84' lang='lat' dir='ltr'>igne</span> <span class='ocrx_word' id='word_1_22' title='bbox 1021 499 1300 547; x_wconf 63' lang='lat' dir='ltr'>combureris</span> <span class='ocrx_word' id='word_1_23' title='bbox 1343 498 1451 562; x_wconf 79' lang='lat'>(24)</span> <span class='ocrx_word' id='word_1_24' title='bbox 1492 498 1537 544; x_wconf 79' lang='lat' dir='ltr'>Et</span> <span class='ocrx_word' id='word_1_25' title='bbox 1570 499 1614 544; x_wconf 85' lang='lat' dir='ltr'>in</span> <span class='ocrx_word' id='word_1_26' title='bbox 1650 497 1801 544; x_wconf 84' lang='lat' dir='ltr'>diebus</span> <span class='ocrx_word' id='word_1_27' title='bbox 1843 499 1978 544; x_wconf 88' lang='lat' dir='ltr'>macri</span> 
     </span>
     <span class='ocr_line' id='line_1_5' title="bbox 590 569 1977 636; baseline -0.002 -18"><span class='ocrx_word' id='word_1_28' title='bbox 590 574 780 618; x_wconf 79' lang='lat' dir='ltr'>hominis</span> <span class='ocrx_word' id='word_1_29' title='bbox 806 574 1100 636; x_wconf 81' lang='lat' dir='ltr'>prenominati</span> <span class='ocrx_word' id='word_1_30' title='bbox 1127 570 1392 618; x_wconf 85' lang='lat' dir='ltr'>subvertetur</span> <span class='ocrx_word' id='word_1_31' title='bbox 1420 569 1644 616; x_wconf 82' lang='lat' dir='ltr'>Ierusalem</span> <span class='ocrx_word' id='word_1_32' title='bbox 1662 572 1707 616; x_wconf 73' lang='grc' dir='ltr'>ὃ(</span> <span class='ocrx_word' id='word_1_33' title='bbox 1726 586 1861 616; x_wconf 85' lang='lat' dir='ltr'>turres</span> <span class='ocrx_word' id='word_1_34' title='bbox 1888 571 1977 616; x_wconf 86' lang='lat' dir='ltr'>eius</span> 
     </span>
     <span class='ocr_line' id='line_1_6' title="bbox 590 642 1978 706; baseline -0.002 -16"><span class='ocrx_word' id='word_1_35' title='bbox 590 663 641 690; x_wconf 88' lang='lat' dir='ltr'>ac</span> <span class='ocrx_word' id='word_1_36' title='bbox 666 646 810 690; x_wconf 81' lang='lat' dir='ltr'>menia</span> <span class='ocrx_word' id='word_1_37' title='bbox 837 645 1075 692; x_wconf 78' lang='lat' dir='ltr'>diruentur.</span> <span class='ocrx_word' id='word_1_38' title='bbox 1122 645 1230 706; x_wconf 78' lang='lat'>(25)</span> <span class='ocrx_word' id='word_1_39' title='bbox 1273 642 1382 688; x_wconf 77' lang='lat' dir='ltr'>Flete.</span> <span class='ocrx_word' id='word_1_40' title='bbox 1419 642 1542 705; x_wconf 86' lang='lat' dir='ltr'>super</span> <span class='ocrx_word' id='word_1_41' title='bbox 1579 659 1677 687; x_wconf 89' lang='lat' dir='ltr'>eam</span> <span class='ocrx_word' id='word_1_42' title='bbox 1714 658 1869 687; x_wconf 90' lang='lat' dir='ltr'>omnes</span> <span class='ocrx_word' id='word_1_43' title='bbox 1904 643 1978 704; x_wconf 88' lang='lat' dir='ltr'>qui</span> 
     </span>
     <span class='ocr_line' id='line_1_7' title="bbox 590 712 1978 776; baseline -0.002 -15"><span class='ocrx_word' id='word_1_44' title='bbox 590 715 791 763; x_wconf 84' lang='lat' dir='ltr'>habitatis</span> <span class='ocrx_word' id='word_1_45' title='bbox 822 717 975 763; x_wconf 84' lang='lat' dir='ltr'>orbem</span> <span class='ocrx_word' id='word_1_46' title='bbox 999 720 1006 763; x_wconf 77' lang='grc'><strong>1</strong></span> <span class='ocrx_word' id='word_1_47' title='bbox 1036 715 1081 761; x_wconf 81' lang='lat' dir='ltr'>Et</span> <span class='ocrx_word' id='word_1_48' title='bbox 1105 713 1276 760; x_wconf 79' lang='lat' dir='ltr'>dabitur</span> <span class='ocrx_word' id='word_1_49' title='bbox 1300 713 1429 759; x_wconf 88' lang='lat' dir='ltr'>dolor</span> <span class='ocrx_word' id='word_1_50' title='bbox 1453 714 1578 776; x_wconf 82' lang='lat' dir='ltr'>super</span> <span class='ocrx_word' id='word_1_51' title='bbox 1601 712 1803 776; x_wconf 81' lang='lat' dir='ltr'>Egiptum</span> <span class='ocrx_word' id='word_1_52' title='bbox 1830 713 1978 759; x_wconf 88' lang='lat' dir='ltr'>miser-</span> 
     </span>
     <span class='ocr_line' id='line_1_8' title="bbox 590 783 1979 849; baseline -0.002 -17"><span class='ocrx_word' id='word_1_53' title='bbox 590 789 760 833; x_wconf 84' lang='lat' dir='ltr'><strong>rimam.</strong></span> <span class='ocrx_word' id='word_1_54' title='bbox 789 788 893 849; x_wconf 75' lang='lat'>(26)</span> <span class='ocrx_word' id='word_1_55' title='bbox 923 788 1050 832; x_wconf 89' lang='lat' dir='ltr'>Tunc</span> <span class='ocrx_word' id='word_1_56' title='bbox 1078 785 1356 834; x_wconf 85' lang='lat' dir='ltr'>vastabuntur</span> <span class='ocrx_word' id='word_1_57' title='bbox 1387 785 1510 831; x_wconf 81' lang='lat' dir='ltr'>Chus</span> <span class='ocrx_word' id='word_1_58' title='bbox 1540 786 1585 830; x_wconf 67' lang='grc' dir='ltr'>ὃς</span> <span class='ocrx_word' id='word_1_59' title='bbox 1614 784 1801 841; x_wconf 85' lang='lat' dir='ltr'>Xucam‚</span> <span class='ocrx_word' id='word_1_60' title='bbox 1839 783 1885 829; x_wconf 80' lang='lat' dir='ltr'>id</span> <span class='ocrx_word' id='word_1_61' title='bbox 1920 784 1979 830; x_wconf 90' lang='lat' dir='ltr'>est</span> 
     </span>
     <span class='ocr_line' id='line_1_9' title="bbox 590 854 1978 921; baseline -0.001 -18"><span class='ocrx_word' id='word_1_62' title='bbox 590 857 761 905; x_wconf 85' lang='lat' dir='ltr'>nobiles</span> <span class='ocrx_word' id='word_1_63' title='bbox 785 858 871 904; x_wconf 87' lang='lat' dir='ltr'>due</span> <span class='ocrx_word' id='word_1_64' title='bbox 897 859 1089 905; x_wconf 84' lang='lat' dir='ltr'>civitates</span> <span class='ocrx_word' id='word_1_65' title='bbox 1114 859 1157 903; x_wconf 84' lang='lat' dir='ltr'>in</span> <span class='ocrx_word' id='word_1_66' title='bbox 1183 857 1356 921; x_wconf 78' lang='lat' dir='ltr'>EgiptO,</span> <span class='ocrx_word' id='word_1_67' title='bbox 1392 860 1438 903; x_wconf 91' lang='lat'>&amp;</span> <span class='ocrx_word' id='word_1_68' title='bbox 1469 873 1562 902; x_wconf 91' lang='lat' dir='ltr'>non</span> <span class='ocrx_word' id='word_1_69' title='bbox 1588 854 1877 901; x_wconf 87' lang='lat' dir='ltr'>remanebunt</span> <span class='ocrx_word' id='word_1_70' title='bbox 1903 854 1978 901; x_wconf 86' lang='lat' dir='ltr'>nifi</span> 
     </span>
     <span class='ocr_line' id='line_1_10' title="bbox 590 925 1978 994; baseline -0.004 -17"><span class='ocrx_word' id='word_1_71' title='bbox 590 931 767 994; x_wconf 82' lang='lat' dir='ltr'>vestigia</span> <span class='ocrx_word' id='word_1_72' title='bbox 800 932 1038 976; x_wconf 77' lang='lat' dir='ltr'>civitatum.</span> <span class='ocrx_word' id='word_1_73' title='bbox 1075 928 1144 975; x_wconf 76' lang='lat' dir='ltr'>Ab</span> <span class='ocrx_word' id='word_1_74' title='bbox 1169 929 1324 992; x_wconf 80' lang='lat' dir='ltr'>Egipto</span> <span class='ocrx_word' id='word_1_75' title='bbox 1361 928 1570 974; x_wconf 79' lang='lat' dir='ltr'>exercitus</span> <span class='ocrx_word' id='word_1_76' title='bbox 1610 925 1801 973; x_wconf 81' lang='lat' dir='ltr'>tranfibit</span> <span class='ocrx_word' id='word_1_77' title='bbox 1837 927 1978 974; x_wconf 89' lang='lat' dir='ltr'>versus</span> 
     </span>
     <span class='ocr_line' id='line_1_11' title="bbox 590 996 1979 1064; baseline -0.002 -18"><span class='ocrx_word' id='word_1_78' title='bbox 590 1003 806 1047; x_wconf 82' lang='lat' dir='ltr'>orientem</span> <span class='ocrx_word' id='word_1_79' title='bbox 830 1019 932 1048; x_wconf 92' lang='lat' dir='ltr'>cum</span> <span class='ocrx_word' id='word_1_80' title='bbox 963 1002 1130 1064; x_wconf 87' lang='lat' dir='ltr'>impetu</span> <span class='ocrx_word' id='word_1_81' title='bbox 1155 1003 1200 1046; x_wconf 68' lang='grc' dir='ltr'>ὅς</span> <span class='ocrx_word' id='word_1_82' title='bbox 1224 998 1481 1046; x_wconf 81' lang='lat' dir='ltr'>fortitudine</span> <span class='ocrx_word' id='word_1_83' title='bbox 1518 1016 1682 1062; x_wconf 83' lang='lat' dir='ltr'>magna</span> <span class='ocrx_word' id='word_1_84' title='bbox 1719 996 1834 1060; x_wconf 77' lang='lat' dir='ltr'>quasl</span> <span class='ocrx_word' id='word_1_85' title='bbox 1871 997 1979 1044; x_wconf 86' lang='lat' dir='ltr'>dilu-</span> 
     </span>
     <span class='ocr_line' id='line_1_12' title="bbox 589 1068 1979 1133; baseline -0.003 -13"><span class='ocrx_word' id='word_1_86' title='bbox 589 1074 708 1120; x_wconf 85' lang='lat' dir='ltr'>vium</span> <span class='ocrx_word' id='word_1_87' title='bbox 735 1073 805 1120; x_wconf 89' lang='lat' dir='ltr'>vel</span> <span class='ocrx_word' id='word_1_88' title='bbox 830 1090 995 1119; x_wconf 83' lang='lat' dir='ltr'>torrens</span> <span class='ocrx_word' id='word_1_89' title='bbox 1021 1071 1288 1118; x_wconf 85' lang='lat' dir='ltr'>descendens</span> <span class='ocrx_word' id='word_1_90' title='bbox 1314 1071 1368 1117; x_wconf 87' lang='lat' dir='ltr'>de</span> <span class='ocrx_word' id='word_1_91' title='bbox 1404 1070 1642 1116; x_wconf 82' lang='lat' dir='ltr'>montibus.</span> <span class='ocrx_word' id='word_1_92' title='bbox 1685 1068 1790 1133; x_wconf 83' lang='lat'>(27)</span> <span class='ocrx_word' id='word_1_93' title='bbox 1816 1069 1861 1114; x_wconf 84' lang='lat' dir='ltr'>Et:</span> <span class='ocrx_word' id='word_1_94' title='bbox 1886 1070 1979 1132; x_wconf 89' lang='lat' dir='ltr'>qui-</span> 
     </span>
     <span class='ocr_line' id='line_1_13' title="bbox 590 1140 1980 1208; baseline -0.003 -18"><span class='ocrx_word' id='word_1_95' title='bbox 590 1144 695 1190; x_wconf 87' lang='lat' dir='ltr'>dam</span> <span class='ocrx_word' id='word_1_96' title='bbox 731 1144 786 1190; x_wconf 86' lang='lat' dir='ltr'>de</span> <span class='ocrx_word' id='word_1_97' title='bbox 821 1143 959 1190; x_wconf 89' lang='lat' dir='ltr'>nobili</span> <span class='ocrx_word' id='word_1_98' title='bbox 997 1161 1157 1208; x_wconf 84' lang='lat' dir='ltr'>genere</span> <span class='ocrx_word' id='word_1_99' title='bbox 1191 1144 1336 1189; x_wconf 83' lang='lat' dir='ltr'>veniet</span> <span class='ocrx_word' id='word_1_100' title='bbox 1359 1144 1405 1189; x_wconf 86' lang='lat'>&amp;</span> <span class='ocrx_word' id='word_1_101' title='bbox 1441 1140 1678 1204; x_wconf 82' lang='lat' dir='ltr'>occupabit</span> <span class='ocrx_word' id='word_1_102' title='bbox 1709 1141 1980 1187; x_wconf 88' lang='lat' dir='ltr'>Damascum</span> 
     </span>
     <span class='ocr_line' id='line_1_14' title="bbox 590 1213 1979 1278; baseline -0.003 -16"><span class='ocrx_word' id='word_1_103' title='bbox 590 1214 830 1262; x_wconf 79' lang='lat' dir='ltr'>&amp;intrabit</span> <span class='ocrx_word' id='word_1_104' title='bbox 852 1218 897 1261; x_wconf 67' lang='grc' dir='ltr'>ὃς</span> <span class='ocrx_word' id='word_1_105' title='bbox 917 1217 1059 1278; x_wconf 82' lang='lat' dir='ltr'>capiet</span> <span class='ocrx_word' id='word_1_106' title='bbox 1078 1215 1345 1272; x_wconf 83' lang='lat' dir='ltr'>Dothamor,</span> <span class='ocrx_word' id='word_1_107' title='bbox 1373 1232 1457 1277; x_wconf 90' lang='lat' dir='ltr'>que</span> <span class='ocrx_word' id='word_1_108' title='bbox 1483 1215 1541 1259; x_wconf 88' lang='lat' dir='ltr'>est</span> <span class='ocrx_word' id='word_1_109' title='bbox 1566 1213 1675 1259; x_wconf 83' lang='lat' dir='ltr'>ultra</span> <span class='ocrx_word' id='word_1_110' title='bbox 1696 1213 1979 1273; x_wconf 80' lang='lat' dir='ltr'>Damascum,</span> 
     </span>
     <span class='ocr_line' id='line_1_15' title="bbox 590 1283 1979 1348; baseline -0.003 -15"><span class='ocrx_word' id='word_1_111' title='bbox 590 1290 636 1334; x_wconf 70' lang='grc' dir='ltr'>ὃς</span> <span class='ocrx_word' id='word_1_112' title='bbox 671 1304 800 1334; x_wconf 84' lang='lat' dir='ltr'>terras</span> <span class='ocrx_word' id='word_1_113' title='bbox 836 1286 1098 1345; x_wconf 78' lang='lat' dir='ltr'>adiacentes,</span> <span class='ocrx_word' id='word_1_114' title='bbox 1134 1289 1180 1333; x_wconf 67' lang='grc' dir='ltr'>ὃς</span> <span class='ocrx_word' id='word_1_115' title='bbox 1215 1285 1427 1332; x_wconf 86' lang='lat' dir='ltr'>tenebunt</span> <span class='ocrx_word' id='word_1_116' title='bbox 1463 1303 1541 1348; x_wconf 87' lang='lat' dir='ltr'>per</span> <span class='ocrx_word' id='word_1_117' title='bbox 1576 1302 1743 1331; x_wconf 88' lang='lat' dir='ltr'>annum</span> <span class='ocrx_word' id='word_1_118' title='bbox 1782 1287 1827 1330; x_wconf 73' lang='grc' dir='ltr'>ὅ(</span> <span class='ocrx_word' id='word_1_119' title='bbox 1867 1283 1979 1330; x_wconf 88' lang='lat' dir='ltr'>duos</span> 
     </span>
     <span class='ocr_line' id='line_1_16' title="bbox 592 1355 1980 1422; baseline -0.003 -17"><span class='ocrx_word' id='word_1_120' title='bbox 592 1360 769 1406; x_wconf 81' lang='lat' dir='ltr'>menses.</span> <span class='ocrx_word' id='word_1_121' title='bbox 819 1359 927 1422; x_wconf 78' lang='grc'>(28)</span> <span class='ocrx_word' id='word_1_122' title='bbox 971 1360 1130 1405; x_wconf 87' lang='lat' dir='ltr'>Venite</span> <span class='ocrx_word' id='word_1_123' title='bbox 1160 1358 1362 1404; x_wconf 82' lang='lat' dir='ltr'>homines</span> <span class='ocrx_word' id='word_1_124' title='bbox 1388 1356 1533 1403; x_wconf 86' lang='lat' dir='ltr'>subtus</span> <span class='ocrx_word' id='word_1_125' title='bbox 1558 1355 1804 1419; x_wconf 80' lang='lat' dir='ltr'>campanile</span> <span class='ocrx_word' id='word_1_126' title='bbox 1822 1357 1906 1416; x_wconf 75' lang='grc' dir='ltr'>(Ρ),</span> <span class='ocrx_word' id='word_1_127' title='bbox 1933 1358 1980 1402; x_wconf 88' lang='lat'>&amp;</span> 
     </span>
     <span class='ocr_line' id='line_1_17' title="bbox 590 1426 1979 1494; baseline -0.001 -18"><span class='ocrx_word' id='word_1_128' title='bbox 590 1431 778 1494; x_wconf 72' lang='lat' dir='ltr'>plorate,</span> <span class='ocrx_word' id='word_1_129' title='bbox 798 1447 1021 1476; x_wconf 86' lang='lat' dir='ltr'>tantorum</span> <span class='ocrx_word' id='word_1_130' title='bbox 1040 1430 1311 1493; x_wconf 87' lang='lat' dir='ltr'>populorum</span> <span class='ocrx_word' id='word_1_131' title='bbox 1329 1428 1530 1476; x_wconf 83' lang='lat' dir='ltr'>videbitis</span> <span class='ocrx_word' id='word_1_132' title='bbox 1549 1428 1695 1492; x_wconf 85' lang='lat' dir='ltr'>capita</span> <span class='ocrx_word' id='word_1_133' title='bbox 1715 1426 1912 1476; x_wconf 73' lang='lat' dir='ltr'>abscissa!</span> <span class='ocrx_word' id='word_1_134' title='bbox 1933 1430 1979 1474; x_wconf 74' lang='grc' dir='ltr'>δε</span> 
     </span>
     <span class='ocr_line' id='line_1_18' title="bbox 591 1498 1979 1564; baseline -0.004 -15"><span class='ocrx_word' id='word_1_135' title='bbox 591 1504 635 1549; x_wconf 87' lang='lat' dir='ltr'>in</span> <span class='ocrx_word' id='word_1_136' title='bbox 661 1502 746 1548; x_wconf 89' lang='lat' dir='ltr'>hoc</span> <span class='ocrx_word' id='word_1_137' title='bbox 772 1503 959 1548; x_wconf 88' lang='lat' dir='ltr'>termino</span> <span class='ocrx_word' id='word_1_138' title='bbox 981 1500 1182 1549; x_wconf 80' lang='lat' dir='ltr'>videbitis</span> <span class='ocrx_word' id='word_1_139' title='bbox 1207 1518 1371 1564; x_wconf 82' lang='lat' dir='ltr'>magna</span> <span class='ocrx_word' id='word_1_140' title='bbox 1390 1503 1435 1547; x_wconf 68' lang='grc' dir='ltr'>ὃς</span> <span class='ocrx_word' id='word_1_141' title='bbox 1454 1498 1655 1546; x_wconf 87' lang='lat' dir='ltr'>miranda</span> <span class='ocrx_word' id='word_1_142' title='bbox 1679 1502 1724 1546; x_wconf 74' lang='grc' dir='ltr'>δε</span> <span class='ocrx_word' id='word_1_143' title='bbox 1749 1499 1979 1560; x_wconf 82' lang='lat' dir='ltr'>miseriam,</span> 
     </span>
     <span class='ocr_line' id='line_1_19' title="bbox 592 1570 1980 1637; baseline -0.002 -17"><span class='ocrx_word' id='word_1_144' title='bbox 592 1576 637 1620; x_wconf 68' lang='grc' dir='ltr'>ὃς</span> <span class='ocrx_word' id='word_1_145' title='bbox 662 1574 810 1637; x_wconf 88' lang='lat' dir='ltr'>ampla</span> <span class='ocrx_word' id='word_1_146' title='bbox 832 1574 931 1619; x_wconf 84' lang='lat' dir='ltr'>loca</span> <span class='ocrx_word' id='word_1_147' title='bbox 960 1572 1199 1620; x_wconf 83' lang='lat' dir='ltr'>efficientur</span> <span class='ocrx_word' id='word_1_148' title='bbox 1228 1574 1383 1630; x_wconf 55' lang='lat' dir='ltr'>strieLa,</span> <span class='ocrx_word' id='word_1_149' title='bbox 1421 1574 1466 1618; x_wconf 86' lang='lat'>&amp;</span> <span class='ocrx_word' id='word_1_150' title='bbox 1490 1571 1635 1618; x_wconf 82' lang='lat' dir='ltr'>videte</span> <span class='ocrx_word' id='word_1_151' title='bbox 1657 1570 1713 1617; x_wconf 90' lang='lat' dir='ltr'>ad</span> <span class='ocrx_word' id='word_1_152' title='bbox 1739 1570 1846 1633; x_wconf 88' lang='lat' dir='ltr'>quid</span> <span class='ocrx_word' id='word_1_153' title='bbox 1869 1587 1980 1617; x_wconf 88' lang='lat' dir='ltr'>terra</span> 
     </span>
    </p>
   </div>
   <div class='ocr_carea' id='block_1_3' title="bbox 591 1745 1982 2701">
    <p class='ocr_par' dir='ltr' id='par_1_3' title="bbox 591 1745 1982 2701">
     <span class='ocr_line' id='line_1_20' title="bbox 593 1745 1982 1804; baseline -0.002 -13"><span class='ocrx_word' id='word_1_154' title='bbox 593 1752 724 1792; x_wconf 85' lang='lat' dir='ltr'>truite.</span> <span class='ocrx_word' id='word_1_155' title='bbox 748 1758 826 1804; x_wconf 77' lang='lat'>(23)</span> <span class='ocrx_word' id='word_1_156' title='bbox 856 1750 921 1789; x_wconf 85' lang='lat' dir='ltr'>Ha</span> <span class='ocrx_word' id='word_1_157' title='bbox 942 1748 1125 1802; x_wconf 78' lang='lat' dir='ltr'>Egypte!</span> <span class='ocrx_word' id='word_1_158' title='bbox 1148 1748 1200 1787; x_wconf 90' lang='lat' dir='ltr'>ha</span> <span class='ocrx_word' id='word_1_159' title='bbox 1221 1747 1399 1802; x_wconf 78' lang='lat' dir='ltr'>Egypte!</span> <span class='ocrx_word' id='word_1_160' title='bbox 1424 1745 1515 1786; x_wconf 84' lang='lat' dir='ltr'>laffe</span> <span class='ocrx_word' id='word_1_161' title='bbox 1537 1747 1593 1787; x_wconf 88' lang='lat' dir='ltr'>toi</span> <span class='ocrx_word' id='word_1_162' title='bbox 1616 1746 1654 1787; x_wconf 73' lang='grc' dir='ltr'>δε</span> <span class='ocrx_word' id='word_1_163' title='bbox 1675 1746 1841 1787; x_wconf 87' lang='lat' dir='ltr'>dolours</span> <span class='ocrx_word' id='word_1_164' title='bbox 1865 1746 1939 1788; x_wconf 87' lang='lat' dir='ltr'>soit</span> <span class='ocrx_word' id='word_1_165' title='bbox 1959 1763 1982 1788; x_wconf 91' lang='lat' dir='ltr'>a</span> 
     </span>
     <span class='ocr_line' id='line_1_21' title="bbox 594 1806 1980 1863; baseline -0.004 -10"><span class='ocrx_word' id='word_1_166' title='bbox 594 1813 663 1863; x_wconf 88' lang='lat' dir='ltr'>toi,</span> <span class='ocrx_word' id='word_1_167' title='bbox 684 1826 752 1852; x_wconf 86' lang='lat' dir='ltr'>car</span> <span class='ocrx_word' id='word_1_168' title='bbox 773 1822 815 1851; x_wconf 79' lang='lat' dir='ltr'>tu</span> <span class='ocrx_word' id='word_1_169' title='bbox 838 1810 939 1850; x_wconf 83' lang='lat' dir='ltr'>seras</span> <span class='ocrx_word' id='word_1_170' title='bbox 960 1808 1100 1862; x_wconf 74' lang='lat' dir='ltr'>apelee</span> <span class='ocrx_word' id='word_1_171' title='bbox 1123 1808 1237 1848; x_wconf 87' lang='lat' dir='ltr'>noire</span> <span class='ocrx_word' id='word_1_172' title='bbox 1260 1819 1358 1858; x_wconf 87' lang='lat' dir='ltr'>tere,</span> <span class='ocrx_word' id='word_1_173' title='bbox 1379 1806 1417 1847; x_wconf 86' lang='lat'>&amp;</span> <span class='ocrx_word' id='word_1_174' title='bbox 1439 1817 1506 1846; x_wconf 78' lang='lat' dir='ltr'>tex</span> <span class='ocrx_word' id='word_1_175' title='bbox 1528 1806 1583 1846; x_wconf 87' lang='lat' dir='ltr'>est</span> <span class='ocrx_word' id='word_1_176' title='bbox 1603 1806 1639 1846; x_wconf 88' lang='lat' dir='ltr'>le</span> <span class='ocrx_word' id='word_1_177' title='bbox 1661 1806 1908 1860; x_wconf 83' lang='lat' dir='ltr'>expofitions</span> <span class='ocrx_word' id='word_1_178' title='bbox 1931 1809 1980 1848; x_wconf 88' lang='lat' dir='ltr'>de</span> 
     </span>
     <span class='ocr_line' id='line_1_22' title="bbox 592 1866 1980 1921; baseline -0.005 -8"><span class='ocrx_word' id='word_1_179' title='bbox 592 1873 701 1913; x_wconf 87' lang='lat' dir='ltr'>chest</span> <span class='ocrx_word' id='word_1_180' title='bbox 722 1883 829 1911; x_wconf 87' lang='lat' dir='ltr'>mot:</span> <span class='ocrx_word' id='word_1_181' title='bbox 865 1870 978 1910; x_wconf 85' lang='lat' dir='ltr'>Tere</span> <span class='ocrx_word' id='word_1_182' title='bbox 1012 1868 1252 1909; x_wconf 84' lang='lat' dir='ltr'>ennoirchie</span> <span class='ocrx_word' id='word_1_183' title='bbox 1281 1882 1384 1921; x_wconf 84' lang='lat' dir='ltr'>pour</span> <span class='ocrx_word' id='word_1_184' title='bbox 1415 1867 1472 1908; x_wconf 87' lang='lat' dir='ltr'>les</span> <span class='ocrx_word' id='word_1_185' title='bbox 1504 1868 1682 1920; x_wconf 73' lang='lat' dir='ltr'>pechies‚</span> <span class='ocrx_word' id='word_1_186' title='bbox 1713 1878 1755 1907; x_wconf 90' lang='lat' dir='ltr'>tu</span> <span class='ocrx_word' id='word_1_187' title='bbox 1777 1866 1880 1906; x_wconf 87' lang='lat' dir='ltr'>seras</span> <span class='ocrx_word' id='word_1_188' title='bbox 1900 1866 1980 1906; x_wconf 89' lang='lat' dir='ltr'>arse</span> 
     </span>
     <span class='ocr_line' id='line_1_23' title="bbox 594 1925 1981 1986; baseline -0.005 -14"><span class='ocrx_word' id='word_1_189' title='bbox 594 1948 664 1986; x_wconf 87' lang='lat' dir='ltr'>par</span> <span class='ocrx_word' id='word_1_190' title='bbox 685 1932 738 1972; x_wconf 81' lang='lat' dir='ltr'>fu.</span> <span class='ocrx_word' id='word_1_191' title='bbox 775 1932 853 1983; x_wconf 75' lang='lat'>(24)</span> <span class='ocrx_word' id='word_1_192' title='bbox 877 1929 932 1969; x_wconf 86' lang='lat' dir='ltr'>Et</span> <span class='ocrx_word' id='word_1_193' title='bbox 952 1928 988 1968; x_wconf 90' lang='lat' dir='ltr'>el</span> <span class='ocrx_word' id='word_1_194' title='bbox 1010 1939 1098 1969; x_wconf 89' lang='lat' dir='ltr'>tans</span> <span class='ocrx_word' id='word_1_195' title='bbox 1129 1928 1178 1968; x_wconf 91' lang='lat' dir='ltr'>de</span> <span class='ocrx_word' id='word_1_196' title='bbox 1207 1942 1253 1968; x_wconf 90' lang='lat' dir='ltr'>ce</span> <span class='ocrx_word' id='word_1_197' title='bbox 1274 1927 1416 1981; x_wconf 83' lang='lat' dir='ltr'>graille</span> <span class='ocrx_word' id='word_1_198' title='bbox 1443 1927 1613 1967; x_wconf 84' lang='lat' dir='ltr'>homme</span> <span class='ocrx_word' id='word_1_199' title='bbox 1635 1925 1981 1980; x_wconf 77' lang='lat' dir='ltr'>serajherusalem</span> 
     </span>
     <span class='ocr_line' id='line_1_24' title="bbox 593 1986 1980 2041; baseline -0.005 -9"><span class='ocrx_word' id='word_1_200' title='bbox 593 1991 798 2041; x_wconf 85' lang='lat' dir='ltr'>destruite,</span> <span class='ocrx_word' id='word_1_201' title='bbox 832 1989 870 2030; x_wconf 66' lang='grc' dir='ltr'>δε</span> <span class='ocrx_word' id='word_1_202' title='bbox 900 1989 937 2028; x_wconf 90' lang='grc'>16</span> <span class='ocrx_word' id='word_1_203' title='bbox 968 2000 1079 2029; x_wconf 85' lang='lat' dir='ltr'>tours</span> <span class='ocrx_word' id='word_1_204' title='bbox 1110 1988 1148 2028; x_wconf 70' lang='grc' dir='ltr'>δε</span> <span class='ocrx_word' id='word_1_205' title='bbox 1178 1988 1203 2027; x_wconf 89' lang='lat' dir='ltr'>li</span> <span class='ocrx_word' id='word_1_206' title='bbox 1235 2002 1327 2027; x_wconf 79' lang='lat' dir='ltr'>mur</span> <span class='ocrx_word' id='word_1_207' title='bbox 1356 1988 1584 2027; x_wconf 76' lang='lat' dir='ltr'>acravente.</span> <span class='ocrx_word' id='word_1_208' title='bbox 1618 1988 1698 2039; x_wconf 86' lang='lat'>(25)</span> <span class='ocrx_word' id='word_1_209' title='bbox 1729 1986 1893 2026; x_wconf 84' lang='lat' dir='ltr'>Toutes</span> <span class='ocrx_word' id='word_1_210' title='bbox 1923 1986 1980 2026; x_wconf 90' lang='lat' dir='ltr'>les</span> 
     </span>
     <span class='ocr_line' id='line_1_25' title="bbox 591 2045 1980 2106; baseline -0.005 -14"><span class='ocrx_word' id='word_1_211' title='bbox 591 2066 689 2106; x_wconf 75' lang='lat' dir='ltr'>gens</span> <span class='ocrx_word' id='word_1_212' title='bbox 713 2050 876 2104; x_wconf 75' lang='lat' dir='ltr'>ploures</span> <span class='ocrx_word' id='word_1_213' title='bbox 898 2063 1002 2102; x_wconf 86' lang='lat' dir='ltr'>pour</span> <span class='ocrx_word' id='word_1_214' title='bbox 1033 2047 1070 2087; x_wconf 92' lang='grc'>16</span> <span class='ocrx_word' id='word_1_215' title='bbox 1092 2047 1240 2087; x_wconf 76' lang='lat' dir='ltr'>dolour</span> <span class='ocrx_word' id='word_1_216' title='bbox 1265 2048 1315 2087; x_wconf 90' lang='lat' dir='ltr'>de</span> <span class='ocrx_word' id='word_1_217' title='bbox 1329 2046 1584 2099; x_wconf 85' lang='lat' dir='ltr'>Jherusalem</span> <span class='ocrx_word' id='word_1_218' title='bbox 1605 2046 1643 2086; x_wconf 83' lang='lat'>&amp;</span> <span class='ocrx_word' id='word_1_219' title='bbox 1666 2056 1783 2085; x_wconf 85' lang='lat' dir='ltr'>mout</span> <span class='ocrx_word' id='word_1_220' title='bbox 1814 2045 1863 2085; x_wconf 88' lang='lat' dir='ltr'>de</span> <span class='ocrx_word' id='word_1_221' title='bbox 1884 2056 1980 2099; x_wconf 84' lang='lat' dir='ltr'>gent</span> 
     </span>
     <span class='ocr_line' id='line_1_26' title="bbox 592 2104 1982 2162; baseline -0.005 -11"><span class='ocrx_word' id='word_1_222' title='bbox 592 2112 727 2151; x_wconf 88' lang='lat' dir='ltr'>seront</span> <span class='ocrx_word' id='word_1_223' title='bbox 748 2109 933 2149; x_wconf 85' lang='lat' dir='ltr'>dolentes</span> <span class='ocrx_word' id='word_1_224' title='bbox 956 2123 1060 2162; x_wconf 88' lang='lat' dir='ltr'>pour</span> <span class='ocrx_word' id='word_1_225' title='bbox 1080 2108 1117 2147; x_wconf 92' lang='lat' dir='ltr'>le</span> <span class='ocrx_word' id='word_1_226' title='bbox 1138 2108 1284 2146; x_wconf 84' lang='lat' dir='ltr'>caitive</span> <span class='ocrx_word' id='word_1_227' title='bbox 1306 2105 1479 2159; x_wconf 81' lang='lat' dir='ltr'>Egypte.</span> <span class='ocrx_word' id='word_1_228' title='bbox 1504 2106 1582 2152; x_wconf 81' lang='lat'>(26)</span> <span class='ocrx_word' id='word_1_229' title='bbox 1601 2106 1829 2159; x_wconf 88' lang='lat' dir='ltr'>Adonques</span> <span class='ocrx_word' id='word_1_230' title='bbox 1850 2104 1982 2145; x_wconf 88' lang='lat' dir='ltr'>seront</span> 
     </span>
     <span class='ocr_line' id='line_1_27' title="bbox 593 2162 1979 2226; baseline -0.005 -14"><span class='ocrx_word' id='word_1_231' title='bbox 593 2170 797 2226; x_wconf 78' lang='lat' dir='ltr'>degastees</span> <span class='ocrx_word' id='word_1_232' title='bbox 817 2169 939 2209; x_wconf 87' lang='lat' dir='ltr'>Thus</span> <span class='ocrx_word' id='word_1_233' title='bbox 961 2168 999 2208; x_wconf 83' lang='lat'>&amp;</span> <span class='ocrx_word' id='word_1_234' title='bbox 1021 2167 1143 2207; x_wconf 83' lang='lat' dir='ltr'>Xuan</span> <span class='ocrx_word' id='word_1_235' title='bbox 1173 2167 1226 2220; x_wconf 89' lang='lat' dir='ltr'><strong>.ij.</strong></span> <span class='ocrx_word' id='word_1_236' title='bbox 1247 2165 1392 2206; x_wconf 85' lang='lat' dir='ltr'>nobles</span> <span class='ocrx_word' id='word_1_237' title='bbox 1421 2166 1551 2205; x_wconf 76' lang='lat' dir='ltr'>chites</span> <span class='ocrx_word' id='word_1_238' title='bbox 1573 2164 1789 2219; x_wconf 81' lang='lat' dir='ltr'>d&#39;Egypte,</span> <span class='ocrx_word' id='word_1_239' title='bbox 1817 2163 1856 2204; x_wconf 69' lang='grc' dir='ltr'>δε</span> <span class='ocrx_word' id='word_1_240' title='bbox 1877 2162 1904 2203; x_wconf 87' lang='lat' dir='ltr'><strong>fi</strong></span> <span class='ocrx_word' id='word_1_241' title='bbox 1924 2165 1979 2205; x_wconf 90' lang='lat' dir='ltr'>n&#39;i</span> 
     </span>
     <span class='ocr_line' id='line_1_28' title="bbox 592 2223 1980 2278; baseline -0.006 -7"><span class='ocrx_word' id='word_1_242' title='bbox 592 2244 778 2271; x_wconf 77' lang='lat' dir='ltr'>remansa</span> <span class='ocrx_word' id='word_1_243' title='bbox 799 2229 892 2269; x_wconf 87' lang='lat' dir='ltr'>nule</span> <span class='ocrx_word' id='word_1_244' title='bbox 920 2228 1009 2268; x_wconf 87' lang='lat' dir='ltr'>cose</span> <span class='ocrx_word' id='word_1_245' title='bbox 1031 2227 1168 2278; x_wconf 89' lang='lat' dir='ltr'>d&#39;eles‚</span> <span class='ocrx_word' id='word_1_246' title='bbox 1198 2227 1280 2266; x_wconf 88' lang='lat' dir='ltr'>fors</span> <span class='ocrx_word' id='word_1_247' title='bbox 1302 2225 1359 2266; x_wconf 87' lang='lat' dir='ltr'>les</span> <span class='ocrx_word' id='word_1_248' title='bbox 1382 2236 1521 2266; x_wconf 85' lang='lat' dir='ltr'>traces.</span> <span class='ocrx_word' id='word_1_249' title='bbox 1545 2225 1596 2266; x_wconf 88' lang='lat' dir='ltr'>Li</span> <span class='ocrx_word' id='word_1_250' title='bbox 1620 2239 1665 2265; x_wconf 86' lang='lat' dir='ltr'>os</span> <span class='ocrx_word' id='word_1_251' title='bbox 1687 2223 1804 2264; x_wconf 89' lang='lat' dir='ltr'>istera</span> <span class='ocrx_word' id='word_1_252' title='bbox 1824 2223 1863 2264; x_wconf 71' lang='grc' dir='ltr'>ὅτ</span> <span class='ocrx_word' id='word_1_253' title='bbox 1885 2223 1980 2264; x_wconf 88' lang='lat' dir='ltr'>tres-</span> 
     </span>
     <span class='ocr_line' id='line_1_29' title="bbox 594 2283 1979 2345; baseline -0.006 -15"><span class='ocrx_word' id='word_1_254' title='bbox 594 2289 743 2345; x_wconf 81' lang='lat' dir='ltr'>paffera</span> <span class='ocrx_word' id='word_1_255' title='bbox 773 2289 976 2343; x_wconf 75' lang='lat' dir='ltr'>d&#39;Egypte</span> <span class='ocrx_word' id='word_1_256' title='bbox 1006 2302 1077 2341; x_wconf 85' lang='lat' dir='ltr'>par</span> <span class='ocrx_word' id='word_1_257' title='bbox 1107 2297 1220 2341; x_wconf 80' lang='lat' dir='ltr'>grant</span> <span class='ocrx_word' id='word_1_258' title='bbox 1255 2286 1385 2326; x_wconf 87' lang='lat' dir='ltr'>derroi</span> <span class='ocrx_word' id='word_1_259' title='bbox 1409 2285 1445 2326; x_wconf 83' lang='lat'>&amp;</span> <span class='ocrx_word' id='word_1_260' title='bbox 1469 2300 1540 2338; x_wconf 87' lang='lat' dir='ltr'>par</span> <span class='ocrx_word' id='word_1_261' title='bbox 1560 2295 1679 2339; x_wconf 82' lang='lat' dir='ltr'>grant</span> <span class='ocrx_word' id='word_1_262' title='bbox 1700 2284 1852 2335; x_wconf 86' lang='lat' dir='ltr'>forche‚</span> <span class='ocrx_word' id='word_1_263' title='bbox 1885 2283 1979 2323; x_wconf 85' lang='lat' dir='ltr'>auffi</span> 
     </span>
     <span class='ocr_line' id='line_1_30' title="bbox 593 2344 1979 2391; baseline -0.006 0"><span class='ocrx_word' id='word_1_264' title='bbox 593 2364 756 2391; x_wconf 85' lang='lat' dir='ltr'>comme</span> <span class='ocrx_word' id='word_1_265' title='bbox 788 2363 861 2389; x_wconf 85' lang='lat' dir='ltr'>uns</span> <span class='ocrx_word' id='word_1_266' title='bbox 890 2347 1056 2388; x_wconf 86' lang='lat' dir='ltr'>deluves</span> <span class='ocrx_word' id='word_1_267' title='bbox 1087 2361 1111 2386; x_wconf 93' lang='lat' dir='ltr'>o</span> <span class='ocrx_word' id='word_1_268' title='bbox 1134 2360 1298 2386; x_wconf 89' lang='lat' dir='ltr'>comme</span> <span class='ocrx_word' id='word_1_269' title='bbox 1332 2359 1406 2384; x_wconf 87' lang='lat' dir='ltr'>uns</span> <span class='ocrx_word' id='word_1_270' title='bbox 1436 2344 1600 2385; x_wconf 81' lang='lat' dir='ltr'>ruifiaus</span> <span class='ocrx_word' id='word_1_271' title='bbox 1619 2354 1632 2376; x_wconf 93' lang='lat'>1</span> <span class='ocrx_word' id='word_1_272' title='bbox 1662 2344 1908 2384; x_wconf 87' lang='lat' dir='ltr'>descendans</span> <span class='ocrx_word' id='word_1_273' title='bbox 1929 2357 1979 2383; x_wconf 88' lang='lat' dir='ltr'>en</span> 
     </span>
     <span class='ocr_line' id='line_1_31' title="bbox 594 2402 1981 2462; baseline -0.006 -12"><span class='ocrx_word' id='word_1_274' title='bbox 594 2425 647 2450; x_wconf 90' lang='lat' dir='ltr'>un</span> <span class='ocrx_word' id='word_1_275' title='bbox 670 2420 798 2459; x_wconf 82' lang='lat' dir='ltr'>mont,</span> <span class='ocrx_word' id='word_1_276' title='bbox 829 2417 907 2462; x_wconf 88' lang='lat'>(27)</span> <span class='ocrx_word' id='word_1_277' title='bbox 938 2407 976 2448; x_wconf 86' lang='lat'>&amp;</span> <span class='ocrx_word' id='word_1_278' title='bbox 998 2421 1072 2447; x_wconf 87' lang='lat' dir='ltr'>uns</span> <span class='ocrx_word' id='word_1_279' title='bbox 1094 2408 1199 2446; x_wconf 88' lang='lat' dir='ltr'>hons</span> <span class='ocrx_word' id='word_1_280' title='bbox 1221 2407 1269 2445; x_wconf 92' lang='lat' dir='ltr'>de</span> <span class='ocrx_word' id='word_1_281' title='bbox 1290 2415 1408 2459; x_wconf 79' lang='lat' dir='ltr'>grant</span> <span class='ocrx_word' id='word_1_282' title='bbox 1436 2404 1560 2458; x_wconf 83' lang='lat' dir='ltr'>lignie</span> <span class='ocrx_word' id='word_1_283' title='bbox 1580 2418 1704 2444; x_wconf 87' lang='lat' dir='ltr'>venra</span> <span class='ocrx_word' id='word_1_284' title='bbox 1723 2403 1761 2444; x_wconf 86' lang='lat'>&amp;</span> <span class='ocrx_word' id='word_1_285' title='bbox 1783 2402 1981 2456; x_wconf 85' lang='lat' dir='ltr'>prendera</span> 
     </span>
     <span class='ocr_line' id='line_1_32' title="bbox 596 2462 1980 2519; baseline -0.006 -9"><span class='ocrx_word' id='word_1_286' title='bbox 596 2469 751 2510; x_wconf 83' lang='lat' dir='ltr'>Damas</span> <span class='ocrx_word' id='word_1_287' title='bbox 773 2468 811 2508; x_wconf 71' lang='grc' dir='ltr'>δε</span> <span class='ocrx_word' id='word_1_288' title='bbox 834 2468 1070 2508; x_wconf 86' lang='lat' dir='ltr'>Dothomar</span> <span class='ocrx_word' id='word_1_289' title='bbox 1100 2467 1168 2519; x_wconf 89' lang='lat' dir='ltr'>qui</span> <span class='ocrx_word' id='word_1_290' title='bbox 1191 2465 1246 2505; x_wconf 92' lang='lat' dir='ltr'>est</span> <span class='ocrx_word' id='word_1_291' title='bbox 1275 2475 1392 2505; x_wconf 86' lang='lat' dir='ltr'>outre</span> <span class='ocrx_word' id='word_1_292' title='bbox 1416 2463 1586 2515; x_wconf 86' lang='lat' dir='ltr'>Damas,</span> <span class='ocrx_word' id='word_1_293' title='bbox 1617 2464 1654 2504; x_wconf 70' lang='grc' dir='ltr'>δι</span> <span class='ocrx_word' id='word_1_294' title='bbox 1676 2473 1810 2503; x_wconf 86' lang='lat' dir='ltr'>toutes</span> <span class='ocrx_word' id='word_1_295' title='bbox 1830 2462 1888 2503; x_wconf 90' lang='lat' dir='ltr'>les</span> <span class='ocrx_word' id='word_1_296' title='bbox 1908 2476 1980 2514; x_wconf 91' lang='lat' dir='ltr'>ap—</span> 
     </span>
     <span class='ocr_line' id='line_1_33' title="bbox 595 2522 1980 2582; baseline -0.005 -13"><span class='ocrx_word' id='word_1_297' title='bbox 595 2529 890 2582; x_wconf 87' lang='lat' dir='ltr'>partenanches</span> <span class='ocrx_word' id='word_1_298' title='bbox 918 2538 1078 2578; x_wconf 82' lang='lat' dir='ltr'>entour,</span> <span class='ocrx_word' id='word_1_299' title='bbox 1108 2525 1146 2565; x_wconf 74' lang='grc' dir='ltr'>δι</span> <span class='ocrx_word' id='word_1_300' title='bbox 1177 2523 1203 2564; x_wconf 88' lang='lat' dir='ltr'>fi</span> <span class='ocrx_word' id='word_1_301' title='bbox 1233 2525 1291 2564; x_wconf 84' lang='lat' dir='ltr'>les</span> <span class='ocrx_word' id='word_1_302' title='bbox 1321 2536 1434 2564; x_wconf 80' lang='lat' dir='ltr'>tenta</span> <span class='ocrx_word' id='word_1_303' title='bbox 1463 2538 1534 2577; x_wconf 85' lang='lat' dir='ltr'>par</span> <span class='ocrx_word' id='word_1_304' title='bbox 1563 2538 1616 2562; x_wconf 89' lang='lat' dir='ltr'>un</span> <span class='ocrx_word' id='word_1_305' title='bbox 1639 2537 1688 2562; x_wconf 88' lang='lat' dir='ltr'>an</span> <span class='ocrx_word' id='word_1_306' title='bbox 1710 2522 1749 2563; x_wconf 89' lang='lat'>&amp;</span> <span class='ocrx_word' id='word_1_307' title='bbox 1779 2523 1832 2576; x_wconf 88' lang='lat' dir='ltr'>.ij.</span> <span class='ocrx_word' id='word_1_308' title='bbox 1862 2523 1980 2564; x_wconf 91' lang='lat' dir='ltr'>mois.</span> 
     </span>
     <span class='ocr_line' id='line_1_34' title="bbox 597 2584 1981 2640; baseline -0.005 -11"><span class='ocrx_word' id='word_1_309' title='bbox 597 2589 676 2640; x_wconf 79' lang='grc'>(28)</span> <span class='ocrx_word' id='word_1_310' title='bbox 702 2589 744 2630; x_wconf 91' lang='lat' dir='ltr'>O</span> <span class='ocrx_word' id='word_1_311' title='bbox 769 2602 882 2638; x_wconf 85' lang='lat' dir='ltr'>vous,</span> <span class='ocrx_word' id='word_1_312' title='bbox 902 2588 1069 2626; x_wconf 88' lang='lat' dir='ltr'>homme</span> <span class='ocrx_word' id='word_1_313' title='bbox 1101 2585 1150 2625; x_wconf 91' lang='lat' dir='ltr'>de</span> <span class='ocrx_word' id='word_1_314' title='bbox 1176 2584 1213 2624; x_wconf 89' lang='lat' dir='ltr'>la</span> <span class='ocrx_word' id='word_1_315' title='bbox 1233 2584 1515 2638; x_wconf 82' lang='lat' dir='ltr'>champaigne,</span> <span class='ocrx_word' id='word_1_316' title='bbox 1548 2598 1675 2624; x_wconf 88' lang='lat' dir='ltr'>encor</span> <span class='ocrx_word' id='word_1_317' title='bbox 1695 2584 1817 2624; x_wconf 77' lang='lat' dir='ltr'>venes</span> <span class='ocrx_word' id='word_1_318' title='bbox 1847 2591 1981 2633; x_wconf 87' lang='lat' dir='ltr'>avant,</span> 
     </span>
     <span class='ocr_line' id='line_1_35' title="bbox 596 2642 1966 2701; baseline -0.004 -13"><span class='ocrx_word' id='word_1_319' title='bbox 596 2648 634 2688; x_wconf 87' lang='lat'>&amp;</span> <span class='ocrx_word' id='word_1_320' title='bbox 656 2647 682 2687; x_wconf 88' lang='lat' dir='ltr'>fi</span> <span class='ocrx_word' id='word_1_321' title='bbox 704 2647 852 2701; x_wconf 74' lang='lat' dir='ltr'>plores,</span> <span class='ocrx_word' id='word_1_322' title='bbox 881 2661 948 2686; x_wconf 86' lang='lat' dir='ltr'>car</span> <span class='ocrx_word' id='word_1_323' title='bbox 969 2660 1071 2686; x_wconf 88' lang='lat' dir='ltr'>vous</span> <span class='ocrx_word' id='word_1_324' title='bbox 1093 2645 1225 2685; x_wconf 76' lang='lat' dir='ltr'>verres</span> <span class='ocrx_word' id='word_1_325' title='bbox 1247 2655 1363 2684; x_wconf 90' lang='lat' dir='ltr'>mout</span> <span class='ocrx_word' id='word_1_326' title='bbox 1388 2643 1436 2683; x_wconf 92' lang='lat' dir='ltr'>de</span> <span class='ocrx_word' id='word_1_327' title='bbox 1458 2643 1568 2684; x_wconf 73' lang='lat' dir='ltr'>chies</span> <span class='ocrx_word' id='word_1_328' title='bbox 1591 2643 1640 2683; x_wconf 88' lang='lat' dir='ltr'>de</span> <span class='ocrx_word' id='word_1_329' title='bbox 1654 2657 1753 2697; x_wconf 85' lang='lat' dir='ltr'>gens</span> <span class='ocrx_word' id='word_1_330' title='bbox 1768 2642 1932 2696; x_wconf 73' lang='lat' dir='ltr'>caupes,</span> <span class='ocrx_word' id='word_1_331' title='bbox 1947 2652 1966 2672; x_wconf 88' lang='lat'><em>2</em></span> 
     </span>
    </p>
   </div>
   <div class='ocr_carea' id='block_1_4' title="bbox 649 2755 1705 2805">
    <p class='ocr_par' dir='ltr' id='par_1_4' title="bbox 649 2755 1705 2805">
     <span class='ocr_line' id='line_1_36' title="bbox 649 2755 1705 2805; baseline -0.006 -10"><span class='ocrx_word' id='word_1_332' title='bbox 649 2772 661 2794; x_wconf 92' lang='lat'>1</span> <span class='ocrx_word' id='word_1_333' title='bbox 692 2761 766 2795; x_wconf 77' lang='lat' dir='ltr'><em>Cod.</em></span> <span class='ocrx_word' id='word_1_334' title='bbox 791 2758 956 2793; x_wconf 81' lang='lat' dir='ltr'>rainfiaus.</span> <span class='ocrx_word' id='word_1_335' title='bbox 976 2778 1022 2782; x_wconf 86' lang='lat'>-—</span> <span class='ocrx_word' id='word_1_336' title='bbox 1041 2770 1059 2791; x_wconf 82' lang='lat'><em>2</em></span> <span class='ocrx_word' id='word_1_337' title='bbox 1085 2758 1195 2791; x_wconf 84' lang='lat' dir='ltr'>Verba</span> <span class='ocrx_word' id='word_1_338' title='bbox 1212 2758 1360 2805; x_wconf 66' lang='lat' dir='ltr'>quaefz&#39;am</span> <span class='ocrx_word' id='word_1_339' title='bbox 1377 2755 1476 2799; x_wconf 85' lang='lat' dir='ltr'><em>omisit</em></span> <span class='ocrx_word' id='word_1_340' title='bbox 1491 2755 1705 2800; x_wconf 85' lang='lat' dir='ltr'>amanuenfis.</span> 
     </span>
    </p>
   </div>
   <div class='ocr_carea' id='block_1_5' title="bbox 2205 2255 2216 2792">
    <p class='ocr_par' dir='ltr' id='par_1_5' title="bbox 2205 2255 2216 2792">
     <span class='ocr_line' id='line_1_37' title="bbox 2205 2255 2216 2792; textangle 90"><span class='ocrx_word' id='word_1_341' title='bbox 2208 2777 2216 2792; x_wconf 53' lang='lat' dir='ltr'>A</span> <span class='ocrx_word' id='word_1_342' title='bbox 2213 2717 2216 2724; x_wconf 94' lang='lat'>.</span> <span class='ocrx_word' id='word_1_343' title='bbox 2211 2650 2216 2659; x_wconf 62' lang='lat'><em>1</em></span> <span class='ocrx_word' id='word_1_344' title='bbox 2205 2604 2216 2641; x_wconf 39' lang='lat' dir='ltr'>b..</span> <span class='ocrx_word' id='word_1_345' title='bbox 2210 2534 2216 2593; x_wconf 44' lang='grc' dir='ltr'>..ἡ</span> <span class='ocrx_word' id='word_1_346' title='bbox 2208 2356 2216 2510; x_wconf 17' lang='lat' dir='ltr'>*fib-meua</span> <span class='ocrx_word' id='word_1_347' title='bbox 2211 2302 2216 2346; x_wconf 22' lang='lat' dir='ltr'>he...</span> <span class='ocrx_word' id='word_1_348' title='bbox 2211 2255 2216 2290; x_wconf 56' lang='lat'>⁴-</span> 
     </span>
    </p>
   </div>
  </div>
 </body>
</html>
