2216 3435
167 1806 192 1826 c.
205 1804 252 1834 33.

646 281 712 313 DE
749 280 959 313 ITINERE
995 279 1263 312 FRisoNUM.
1588 263 1649 324 67

270 425 471 472 nonnulli
507 440 686 486 quoque
712 423 892 486 gemino
920 421 1044 466 famis
1069 423 1114 466 ὃς
1139 419 1219 465 sitis
1246 420 1364 464 malo
1390 420 1582 465 confecsti
1606 421 1650 464 in
1672 444 1747 471 1217

271 494 605 543 amaritudinem
630 495 775 539 anime
800 494 871 539 sue
897 509 1031 555 panes
1057 491 1357 547 amariffimos‚
1384 508 1499 552 aqua
1525 492 1651 536 maris

270 568 498 614 confefflos
523 563 832 610 comedebant.
864 562 1050 609 Duobus
1071 579 1177 626 ergo
1203 560 1353 607 diebus
1377 562 1421 606 in
1443 563 1650 608 convivio

270 638 463 684 dulcium
491 653 705 698 aquarum
730 634 942 691 deduffis,
977 633 1115 680 ventis
1138 633 1354 695 prosperis
1379 634 1649 695 navigantes,

268 710 568 771 Terragonam
595 724 620 752 a
644 706 807 752 finistris
829 708 874 751 &
897 705 1029 751 castra
1048 704 1234 766 plurima
1259 704 1517 765 linquentes,
1544 704 1651 765 vigi-

268 781 324 825 lia
348 780 481 824 saneti
504 778 801 824 Bartholomei
836 776 1135 822 Barcellonam
1171 775 1385 831 venimus,
1423 773 1497 820 ubi
1528 774 1651 818 sociis
1670 785 1813 822 Aug-23.

267 851 452 897 inventis
477 848 622 913 gavisi,
658 849 767 894 laffis
791 846 1063 909 corporibuS,
1088 845 1363 892 suadentibus
1387 846 1525 891 ventis
1550 843 1653 890 inde

269 923 481 985 provefii,
512 924 614 966 0610
640 918 874 965 miliaribus
900 916 1078 963 emensis
1104 934 1283 980 portum
1307 917 1439 962 sancii
1459 915 1655 961 feliciani

268 994 464 1052 martyris
490 993 534 1037 in
563 992 777 1037 territorio
802 989 1088 1052 Catologinie
1114 989 1405 1051 contigimus,
1445 987 1653 1032 colleffls-

270 1082 354 1126 que
389 1064 527 1122 sociis,
556 1064 629 1125 qui
656 1061 715 1108 ibi
743 1062 972 1107 stationem
998 1061 1204 1116 fecerant,
1227 1059 1467 1104 Marciliam
1494 1076 1655 1121 prope-

270 1138 482 1195 ravimus,
508 1135 582 1182 sed
609 1134 724 1180 duris
748 1133 881 1180 boree
906 1132 1076 1179 flatibus
1101 1152 1125 1178 a
1151 1150 1258 1178 terra
1284 1132 1476 1195 repulsos
1504 1149 1655 1194 portus

269 1209 402 1254 sanffl
426 1206 701 1253 Mendriani¹
737 1206 933 1264 martyris
969 1222 1050 1250 nos
1079 1205 1154 1249 suo
1192 1203 1372 1267 collegit
1400 1205 1442 1248 in
1471 1204 1655 1266 gremio,

270 1297 356 1325 una
381 1278 496 1324 dieta
521 1277 677 1323 distans
704 1294 728 1322 a
754 1275 950 1321 Marsiha.
982 1277 1075 1338 Qi
1098 1277 1208 1320 inter
1234 1291 1406 1320 montes
1434 1274 1654 1320 altiffimos

269 1350 562 1413 complicitus,
586 1348 809 1393 Tolonam
833 1348 1056 1393 civitatem
1080 1345 1210 1391 habet
1228 1364 1252 1391 a
1272 1345 1443 1392 dextris.
1470 1346 1655 1408 Capella

271 1439 375 1468 vero
404 1421 538 1466 san6³ti
561 1420 758 1478 martyris
793 1419 837 1463 in
868 1418 1000 1463 latere
1026 1415 1186 1463 sinistro
1212 1417 1284 1463 vili
1321 1418 1507 1462 scemate
1530 1417 1654 1461 cons-

268 1496 419 1551 ttucla,
444 1490 518 1537 sed
544 1491 678 1536 multa
697 1491 918 1535 sanffltate
937 1489 1104 1534 famosa
1129 1489 1399 1534 monstratur.
1429 1487 1531 1533 Inde
1550 1505 1653 1534 vero

277 1577 329 1627 [ς
368 1562 438 1609 die
462 1564 676 1627 provec‘ti,
717 1562 869 1607 relitstis
894 1579 919 1606 a
942 1561 1039 1607 leva
1065 1558 1218 1605 Garda
1245 1562 1289 1604 ὅ(
1312 1561 1432 1606 Geta
1461 1561 1505 1604 ὃς
1532 1560 1654 1604 Anti-

269 1633 373 1680 bure
398 1634 657 1693 civitatibus,
676 1651 871 1697 portum,
892 1633 966 1694 qui
991 1632 1125 1678 Oliva
1145 1630 1315 1687 dicitur,
1338 1632 1381 1676 in
1411 1631 1516 1676 festo
1532 1631 1653 1675 Lam-

270 1705 379 1752 berti
392 1707 588 1766 martyris
601 1706 868 1763 intravimus,
884 1705 958 1766 qui
972 1719 1125 1748 monte
1138 1704 1364 1748 interieeffo
1380 1701 1435 1747 ad
1445 1701 1653 1747 occiden-

272 1794 361 1823 tem
374 1777 558 1822 Niceam
570 1776 714 1832 habet,
732 1777 916 1821 castrum
934 1776 979 1819 in
994 1791 1146 1819 monte
1165 1772 1332 1819 sublimi
1345 1774 1651 1818 constrmstum.

272 1847 400 1896 Unde
424 1848 519 1910 post
543 1847 631 1893 dies
657 1850 760 1892 ocs'to
782 1845 1005 1909 progressi,
1033 1845 1186 1890 reliffis
1212 1843 1267 1889 ad
1285 1854 1302 1872 2
1321 1843 1526 1889 sinistram
1551 1845 1652 1889 civi-

271 1917 427 1965 tatibus
469 1917 641 1964 famosis
682 1922 811 1963 Ianua
847 1919 892 1962 ὃς
928 1917 1013 1961 Pisa
1047 1918 1092 1961 ὃς
1129 1916 1267 1961 castris
1310 1916 1560 1973 innumeris,
1599 1915 1655 1960 ad

270 1990 466 2036 dextram
484 2007 588 2036 vero
607 1989 750 2034 insulis
769 1987 978 2045 Sardinia,
998 1985 1190 2043 Corsica,
1211 1986 1508 2048 CapricornO,
1538 1988 1654 2032 Gor-

270 2063 409 2125 gonio
445 2063 490 2106 ὃς
524 2061 609 2106 Ella
643 2063 688 2106 ὃς
718 2060 808 2105 aliis
845 2076 978 2120 quam
1012 2058 1224 2120 plurimis,
1263 2057 1318 2102 ad
1353 2057 1572 2119 oppidum
1611 2059 1653 2103 in

271 2133 483 2179 territorio
509 2133 672 2188 Pisano,
707 2129 828 2193 quod
856 2128 1130 2175 Plumbinum
1158 2127 1328 2185 dicitur,
1366 2129 1652 2189 pervenimus.

270 2202 398 2251 Unde
417 2203 513 2266 post
532 2205 636 2247 ocsto
662 2202 751 2248 dies
772 2199 978 2264 progreffi
1000 2200 1225 2245 Meffinam
1246 2198 1488 2255 tendentes,
1516 2201 1653 2245 ventis

270 2275 494 2320 contrariis
514 2273 782 2338 urgentibus,
804 2288 981 2335 portum
1000 2272 1199 2317 Civitatis
1220 2271 1386 2328 veteriS,
1407 2288 1492 2332 que
1513 2288 1653 2332 quon-

270 2345 374 2391 dam
392 2345 710 2392 Centumcollis
729 2341 967 2401 dicebatur,
994 2344 1037 2388 in
1056 2342 1159 2387 festo
1180 2342 1313 2387 sanffi
1334 2340 1515 2400 Dionilij
1543 2361 1653 2388 mar-

270 2418 373 2476 tyris
398 2434 488 2463 non
513 2415 598 2463 fine
624 2432 789 2479 magno
809 2414 1062 2460 intravimus
1083 2412 1289 2475 periculo
1317 2412 1446 2460 Unde
1476 2430 1654 2477 propter

268 2488 512 2550 angustiam
531 2489 739 2549 temporis
759 2496 772 2525 3
791 2488 836 2531 ὅ(
863 2486 1039 2531 navium
1064 2483 1402 2539 multitudinem,
1420 2501 1503 2545 que
1525 2503 1651 2547 portu

268 2558 411 2602 striclo
442 2556 774 2616 collidebantur,
808 2556 956 2620 egreffi
982 2573 1084 2601 cum
1108 2554 1289 2601 navibus
1324 2558 1391 2612 18,
1426 2556 1653 2602 stationem

271 2629 449 2674 fecimus
489 2629 533 2673 in
573 2644 703 2691 portu
741 2630 1014 2675 Coi-nerano.
1058 2626 1118 2671 Est
1158 2644 1302 2672 autem
1339 2628 1586 2673 Cornetum
1629 2645 1652 2672 a

300 2793 310 2818 1
337 2782 376 2814 A.
389 2780 542 2813 mdriani.
562 2801 607 2805 —
628 2794 645 2813 2
663 2781 859 2829 Sequebatur
873 2780 905 2813 in
921 2782 960 2814 A.
979 2780 1245 2822 civitatem‚jmn
1264 2780 1463 2814 ‹ltlc!um.—-
1486 2792 1498 2816 ς
1515 2782 1547 2812 sl.
1566 2789 1634 2825 ψυκ-

1676 1647 1754 1685 Sept.
1776 1655 1820 1683 17.

1675 2364 1744 2393 OQ.
1761 2374 1787 2403 9.
