<?xml version="1.0" encoding="UTF-8"?>
<!DOCTYPE html PUBLIC "-//W3C//DTD XHTML 1.0 Transitional//EN"
    "http://www.w3.org/TR/xhtml1/DTD/xhtml1-transitional.dtd">
<html xmlns="http://www.w3.org/1999/xhtml" xml:lang="en" lang="en">
 <head>
  <title>
</title>
<meta http-equiv="Content-Type" content="text/html;charset=utf-8" />
  <meta name='ocr-system' content='tesseract 3.04.00' />
  <meta name='ocr-capabilities' content='ocr_page ocr_carea ocr_par ocr_line ocrx_word'/>
</head>
<body>
  <div class='ocr_page' id='page_1' title='image "./p1itinerahierosoly1tobl_0418.png"; bbox 0 0 2216 3435; ppageno 0'>
   <div class='ocr_carea' id='block_1_1' title="bbox 557 217 1399 281">
    <p class='ocr_par' dir='ltr' id='par_1_1' title="bbox 557 217 1399 281">
     <span class='ocr_line' id='line_1_1' title="bbox 557 217 1399 281; baseline -0.005 -16"><span class='ocrx_word' id='word_1_1' title='bbox 557 217 648 281; x_wconf 81' lang='lat'>356</span> <span class='ocrx_word' id='word_1_2' title='bbox 1084 229 1399 262; x_wconf 75' lang='lat' dir='ltr'>THEoDoans</span> 
     </span>
    </p>
   </div>
   <div class='ocr_carea' id='block_1_2' title="bbox 564 310 839 314">
    <p class='ocr_par' dir='ltr' id='par_1_2' title="bbox 564 310 839 314">
     <span class='ocr_line' id='line_1_2' title="bbox 564 310 839 314; baseline 0 0"><span class='ocrx_word' id='word_1_3' title='bbox 564 310 839 314; x_wconf 95' lang='lat' dir='ltr'> </span> 
     </span>
    </p>
   </div>
   <div class='ocr_carea' id='block_1_3' title="bbox 1773 311 1939 318">
    <p class='ocr_par' dir='ltr' id='par_1_3' title="bbox 1773 311 1939 318">
     <span class='ocr_line' id='line_1_3' title="bbox 1773 311 1939 318; baseline 0 3117"><span class='ocrx_word' id='word_1_4' title='bbox 1773 311 1939 318; x_wconf 95' lang='lat' dir='ltr'> </span> 
     </span>
    </p>
   </div>
   <div class='ocr_carea' id='block_1_4' title="bbox 413 378 2079 2765">
    <p class='ocr_par' dir='ltr' id='par_1_4' title="bbox 473 378 1938 434">
     <span class='ocr_line' id='line_1_4' title="bbox 473 378 1938 434; baseline -0.001 -13"><span class='ocrx_word' id='word_1_5' title='bbox 473 389 531 421; x_wconf 88' lang='lat' dir='ltr'>Vll</span> <span class='ocrx_word' id='word_1_6' title='bbox 608 378 675 419; x_wconf 87' lang='lat' dir='ltr'>De</span> <span class='ocrx_word' id='word_1_7' title='bbox 695 380 796 418; x_wconf 82' lang='lat' dir='ltr'>domo</span> <span class='ocrx_word' id='word_1_8' title='bbox 816 379 956 434; x_wconf 71' lang='lat' dir='ltr'>Cuiphe</span> <span class='ocrx_word' id='word_1_9' title='bbox 981 380 1027 419; x_wconf 89' lang='lat' dir='ltr'>ad</span> <span class='ocrx_word' id='word_1_10' title='bbox 1057 380 1218 434; x_wconf 79' lang='lat' dir='ltr'>pretorio</span> <span class='ocrx_word' id='word_1_11' title='bbox 1242 379 1359 419; x_wconf 78' lang='lat' dir='ltr'><em>Pilati</em></span> <span class='ocrx_word' id='word_1_12' title='bbox 1389 378 1551 433; x_wconf 75' lang='lat' dir='ltr'>presidis</span> <span class='ocrx_word' id='word_1_13' title='bbox 1583 379 1676 434; x_wconf 86' lang='lat' dir='ltr'>passi</span> <span class='ocrx_word' id='word_1_14' title='bbox 1706 394 1877 420; x_wconf 88' lang='lat' dir='ltr'>numero</span> <span class='ocrx_word' id='word_1_15' title='bbox 1900 395 1938 420; x_wconf 92' lang='lat' dir='ltr'>c.</span> 
     </span>
    </p>

    <p class='ocr_par' dir='ltr' id='par_1_5' title="bbox 548 436 2076 850">
     <span class='ocr_line' id='line_1_5' title="bbox 550 436 1935 494; baseline 0.001 -16"><span class='ocrx_word' id='word_1_16' title='bbox 550 438 610 478; x_wconf 92' lang='lat' dir='ltr'>Ibi</span> <span class='ocrx_word' id='word_1_17' title='bbox 624 437 679 478; x_wconf 89' lang='lat' dir='ltr'>est</span> <span class='ocrx_word' id='word_1_18' title='bbox 691 437 839 494; x_wconf 77' lang='lat' dir='ltr'>ecclesta</span> <span class='ocrx_word' id='word_1_19' title='bbox 857 439 999 479; x_wconf 66' lang='lat' dir='ltr'>SanHae</span> <span class='ocrx_word' id='word_1_20' title='bbox 1015 438 1168 492; x_wconf 80' lang='lat' dir='ltr'>Sophiae.</span> <span class='ocrx_word' id='word_1_21' title='bbox 1190 436 1250 478; x_wconf 89' lang='lat' dir='ltr'>Ibi</span> <span class='ocrx_word' id='word_1_22' title='bbox 1269 440 1380 479; x_wconf 85' lang='lat' dir='ltr'>iuxta</span> <span class='ocrx_word' id='word_1_23' title='bbox 1396 439 1575 480; x_wconf 86' lang='lat' dir='ltr'>remiffus</span> <span class='ocrx_word' id='word_1_24' title='bbox 1592 439 1646 480; x_wconf 91' lang='lat' dir='ltr'>est</span> <span class='ocrx_word' id='word_1_25' title='bbox 1661 438 1818 480; x_wconf 60' lang='lat' dir='ltr'>sanetus</span> <span class='ocrx_word' id='word_1_26' title='bbox 1835 440 1935 480; x_wconf 88' lang='lat' dir='ltr'>Hie-</span> 
     </span>
     <span class='ocr_line' id='line_1_6' title="bbox 549 497 1935 553; baseline 0.002 -17"><span class='ocrx_word' id='word_1_27' title='bbox 549 498 692 537; x_wconf 90' lang='lat' dir='ltr'>remias</span> <span class='ocrx_word' id='word_1_28' title='bbox 710 498 749 537; x_wconf 90' lang='lat' dir='ltr'>in</span> <span class='ocrx_word' id='word_1_29' title='bbox 768 497 914 538; x_wconf 82' lang='lat' dir='ltr'>lacurn.</span> <span class='ocrx_word' id='word_1_30' title='bbox 937 498 1158 549; x_wconf 86' lang='lat' dir='ltr'>Columna,</span> <span class='ocrx_word' id='word_1_31' title='bbox 1172 513 1251 552; x_wconf 92' lang='lat' dir='ltr'>que</span> <span class='ocrx_word' id='word_1_32' title='bbox 1270 499 1345 538; x_wconf 86' lang='lat' dir='ltr'>fuit</span> <span class='ocrx_word' id='word_1_33' title='bbox 1358 500 1397 538; x_wconf 91' lang='lat' dir='ltr'>in</span> <span class='ocrx_word' id='word_1_34' title='bbox 1417 499 1541 538; x_wconf 91' lang='lat' dir='ltr'>domo</span> <span class='ocrx_word' id='word_1_35' title='bbox 1562 499 1735 552; x_wconf 88' lang='lat' dir='ltr'>Caiphe,</span> <span class='ocrx_word' id='word_1_36' title='bbox 1748 500 1795 539; x_wconf 92' lang='lat' dir='ltr'>ad</span> <span class='ocrx_word' id='word_1_37' title='bbox 1812 514 1935 553; x_wconf 90' lang='lat' dir='ltr'>quam</span> 
     </span>
     <span class='ocr_line' id='line_1_7' title="bbox 550 556 1935 611; baseline 0.003 -15"><span class='ocrx_word' id='word_1_38' title='bbox 550 557 759 597; x_wconf 85' lang='lat' dir='ltr'>Dominus</span> <span class='ocrx_word' id='word_1_39' title='bbox 777 557 908 597; x_wconf 84' lang='lat' dir='ltr'>noster</span> <span class='ocrx_word' id='word_1_40' title='bbox 918 556 1026 598; x_wconf 90' lang='lat' dir='ltr'>Iesus</span> <span class='ocrx_word' id='word_1_41' title='bbox 1039 557 1222 598; x_wconf 88' lang='lat' dir='ltr'>Christus</span> <span class='ocrx_word' id='word_1_42' title='bbox 1239 557 1463 611; x_wconf 79' lang='lat' dir='ltr'>flagellatus</span> <span class='ocrx_word' id='word_1_43' title='bbox 1480 558 1586 598; x_wconf 87' lang='lat' dir='ltr'>est&amp;</span> <span class='ocrx_word' id='word_1_44' title='bbox 1601 559 1726 598; x_wconf 86' lang='lat' dir='ltr'>modo</span> <span class='ocrx_word' id='word_1_45' title='bbox 1744 559 1784 598; x_wconf 90' lang='lat' dir='ltr'>in</span> <span class='ocrx_word' id='word_1_46' title='bbox 1803 558 1935 600; x_wconf 66' lang='lat' dir='ltr'>saneta</span> 
     </span>
     <span class='ocr_line' id='line_1_8' title="bbox 548 614 1934 672; baseline 0.002 -17"><span class='ocrx_word' id='word_1_47' title='bbox 548 617 629 656; x_wconf 86' lang='lat' dir='ltr'><em>Sion</em></span> <span class='ocrx_word' id='word_1_48' title='bbox 647 616 745 656; x_wconf 84' lang='lat' dir='ltr'>iuffo</span> <span class='ocrx_word' id='word_1_49' title='bbox 774 616 947 657; x_wconf 82' lang='lat' dir='ltr'>Domini</span> <span class='ocrx_word' id='word_1_50' title='bbox 965 614 1091 670; x_wconf 77' lang='lat' dir='ltr'>posita</span> <span class='ocrx_word' id='word_1_51' title='bbox 1113 617 1181 668; x_wconf 90' lang='lat' dir='ltr'>est,</span> <span class='ocrx_word' id='word_1_52' title='bbox 1202 617 1239 657; x_wconf 68' lang='grc' dir='ltr'>δι</span> <span class='ocrx_word' id='word_1_53' title='bbox 1265 618 1364 657; x_wconf 91' lang='lat' dir='ltr'>dum</span> <span class='ocrx_word' id='word_1_54' title='bbox 1379 632 1475 657; x_wconf 92' lang='lat' dir='ltr'>eum</span> <span class='ocrx_word' id='word_1_55' title='bbox 1500 617 1759 672; x_wconf 82' lang='lat' dir='ltr'>flagellabant</span> <span class='ocrx_word' id='word_1_56' title='bbox 1779 618 1934 672; x_wconf 87' lang='lat' dir='ltr'>ample-</span> 
     </span>
     <span class='ocr_line' id='line_1_9' title="bbox 548 675 2076 733; baseline 0.002 -18"><span class='ocrx_word' id='word_1_57' title='bbox 548 676 671 726; x_wconf 89' lang='lat' dir='ltr'>xavit‚</span> <span class='ocrx_word' id='word_1_58' title='bbox 691 675 729 715; x_wconf 91' lang='lat'>&amp;</span> <span class='ocrx_word' id='word_1_59' title='bbox 750 675 848 715; x_wconf 81' lang='lat' dir='ltr'>ficut</span> <span class='ocrx_word' id='word_1_60' title='bbox 869 677 908 714; x_wconf 95' lang='lat' dir='ltr'>in</span> <span class='ocrx_word' id='word_1_61' title='bbox 924 689 1026 726; x_wconf 90' lang='lat' dir='ltr'>cera,</span> <span class='ocrx_word' id='word_1_62' title='bbox 1047 675 1097 715; x_wconf 81' lang='lat' dir='ltr'>lic</span> <span class='ocrx_word' id='word_1_63' title='bbox 1121 676 1285 716; x_wconf 88' lang='lat' dir='ltr'>brachia</span> <span class='ocrx_word' id='word_1_64' title='bbox 1305 677 1404 727; x_wconf 89' lang='lat' dir='ltr'>eius,</span> <span class='ocrx_word' id='word_1_65' title='bbox 1426 691 1568 717; x_wconf 90' lang='lat' dir='ltr'>manus</span> <span class='ocrx_word' id='word_1_66' title='bbox 1590 677 1627 717; x_wconf 88' lang='lat'>&amp;</span> <span class='ocrx_word' id='word_1_67' title='bbox 1645 678 1759 730; x_wconf 83' lang='lat' dir='ltr'>digiti</span> <span class='ocrx_word' id='word_1_68' title='bbox 1781 679 1866 718; x_wconf 80' lang='lat' dir='ltr'>eius</span> <span class='ocrx_word' id='word_1_69' title='bbox 1894 680 1934 719; x_wconf 91' lang='lat' dir='ltr'>in</span> <span class='ocrx_word' id='word_1_70' title='bbox 1954 695 1974 725; x_wconf 88' lang='lat' dir='ltr'>f.</span> <span class='ocrx_word' id='word_1_71' title='bbox 1991 704 2029 733; x_wconf 90' lang='lat'>27</span> <span class='ocrx_word' id='word_1_72' title='bbox 2048 695 2076 724; x_wconf 86' lang='lat' dir='ltr'>b.</span> 
     </span>
     <span class='ocr_line' id='line_1_10' title="bbox 549 734 1935 789; baseline 0.004 -15"><span class='ocrx_word' id='word_1_73' title='bbox 549 749 595 774; x_wconf 91' lang='lat' dir='ltr'>ea</span> <span class='ocrx_word' id='word_1_74' title='bbox 614 734 815 786; x_wconf 86' lang='lat' dir='ltr'>heserunt,</span> <span class='ocrx_word' id='word_1_75' title='bbox 845 734 883 775; x_wconf 68' lang='grc' dir='ltr'>δε</span> <span class='ocrx_word' id='word_1_76' title='bbox 905 736 1058 788; x_wconf 86' lang='lat' dir='ltr'><strong>semper</strong></span> <span class='ocrx_word' id='word_1_77' title='bbox 1095 747 1207 789; x_wconf 90' lang='lat' dir='ltr'>paret</span> <span class='ocrx_word' id='word_1_78' title='bbox 1227 735 1382 789; x_wconf 83' lang='lat' dir='ltr'>fignum</span> <span class='ocrx_word' id='word_1_79' title='bbox 1420 737 1505 776; x_wconf 87' lang='lat' dir='ltr'>eius</span> <span class='ocrx_word' id='word_1_80' title='bbox 1536 735 1715 777; x_wconf 77' lang='lat' dir='ltr'>similiter</span> <span class='ocrx_word' id='word_1_81' title='bbox 1745 737 1783 777; x_wconf 84' lang='lat'>&amp;</span> <span class='ocrx_word' id='word_1_82' title='bbox 1813 738 1935 779; x_wconf 90' lang='lat' dir='ltr'>facies</span> 
     </span>
     <span class='ocr_line' id='line_1_11' title="bbox 549 794 1754 850; baseline 0.002 -17"><span class='ocrx_word' id='word_1_83' title='bbox 549 795 647 845; x_wconf 91' lang='lat' dir='ltr'>eius,</span> <span class='ocrx_word' id='word_1_84' title='bbox 664 808 820 846; x_wconf 91' lang='lat' dir='ltr'>manus,</span> <span class='ocrx_word' id='word_1_85' title='bbox 841 794 955 834; x_wconf 86' lang='lat' dir='ltr'>nasus</span> <span class='ocrx_word' id='word_1_86' title='bbox 977 795 1014 835; x_wconf 72' lang='grc' dir='ltr'>δε</span> <span class='ocrx_word' id='word_1_87' title='bbox 1036 795 1144 834; x_wconf 92' lang='lat' dir='ltr'>oculi</span> <span class='ocrx_word' id='word_1_88' title='bbox 1167 795 1251 835; x_wconf 89' lang='lat' dir='ltr'>eius</span> <span class='ocrx_word' id='word_1_89' title='bbox 1273 795 1370 835; x_wconf 86' lang='lat' dir='ltr'>slcut</span> <span class='ocrx_word' id='word_1_90' title='bbox 1391 797 1431 835; x_wconf 92' lang='lat' dir='ltr'>in</span> <span class='ocrx_word' id='word_1_91' title='bbox 1453 809 1544 836; x_wconf 90' lang='lat' dir='ltr'>cera</span> <span class='ocrx_word' id='word_1_92' title='bbox 1565 795 1754 850; x_wconf 82' lang='lat' dir='ltr'>defignat.</span> 
     </span>
    </p>

    <p class='ocr_par' dir='ltr' id='par_1_6' title="bbox 498 853 1938 1147">
     <span class='ocr_line' id='line_1_12' title="bbox 498 853 1936 909; baseline 0.003 -17"><span class='ocrx_word' id='word_1_93' title='bbox 498 869 530 899; x_wconf 82' lang='grc' dir='ltr'>Χ</span> <span class='ocrx_word' id='word_1_94' title='bbox 604 853 770 893; x_wconf 88' lang='lat' dir='ltr'>Deinde</span> <span class='ocrx_word' id='word_1_95' title='bbox 797 853 918 906; x_wconf 83' lang='lat' dir='ltr'>usque</span> <span class='ocrx_word' id='word_1_96' title='bbox 949 855 996 893; x_wconf 90' lang='lat' dir='ltr'>ad</span> <span class='ocrx_word' id='word_1_97' title='bbox 1028 853 1168 893; x_wconf 90' lang='lat' dir='ltr'>locum</span> <span class='ocrx_word' id='word_1_98' title='bbox 1199 854 1267 894; x_wconf 91' lang='lat' dir='ltr'>ubi</span> <span class='ocrx_word' id='word_1_99' title='bbox 1298 854 1455 895; x_wconf 65' lang='lat' dir='ltr'>sanc&#39;tus</span> <span class='ocrx_word' id='word_1_100' title='bbox 1479 855 1705 908; x_wconf 86' lang='lat' dir='ltr'>Stephanus</span> <span class='ocrx_word' id='word_1_101' title='bbox 1736 856 1936 909; x_wconf 89' lang='lat' dir='ltr'>lapidatus</span> 
     </span>
     <span class='ocr_line' id='line_1_13' title="bbox 549 911 1938 967; baseline 0.003 -15"><span class='ocrx_word' id='word_1_102' title='bbox 549 913 603 953; x_wconf 89' lang='lat' dir='ltr'>est</span> <span class='ocrx_word' id='word_1_103' title='bbox 620 913 713 966; x_wconf 85' lang='lat' dir='ltr'>paffi</span> <span class='ocrx_word' id='word_1_104' title='bbox 726 927 898 952; x_wconf 90' lang='lat' dir='ltr'>numero</span> <span class='ocrx_word' id='word_1_105' title='bbox 915 927 975 953; x_wconf 89' lang='lat' dir='ltr'>cc.</span> <span class='ocrx_word' id='word_1_106' title='bbox 987 911 1047 953; x_wconf 87' lang='lat' dir='ltr'>Ibi</span> <span class='ocrx_word' id='word_1_107' title='bbox 1061 913 1115 953; x_wconf 92' lang='lat' dir='ltr'>est</span> <span class='ocrx_word' id='word_1_108' title='bbox 1128 913 1295 954; x_wconf 75' lang='lat' dir='ltr'>ecclelia</span> <span class='ocrx_word' id='word_1_109' title='bbox 1311 915 1410 965; x_wconf 88' lang='lat' dir='ltr'>eius,</span> <span class='ocrx_word' id='word_1_110' title='bbox 1423 928 1546 967; x_wconf 90' lang='lat' dir='ltr'>quarn</span> <span class='ocrx_word' id='word_1_111' title='bbox 1563 915 1767 954; x_wconf 89' lang='lat' dir='ltr'>ordinavit</span> <span class='ocrx_word' id='word_1_112' title='bbox 1785 915 1938 956; x_wconf 89' lang='lat' dir='ltr'>domna</span> 
     </span>
     <span class='ocr_line' id='line_1_14' title="bbox 548 971 1937 1033; baseline 0.004 -23"><span class='ocrx_word' id='word_1_113' title='bbox 548 971 737 1023; x_wconf 77' lang='lat' dir='ltr'>Eudofia,</span> <span class='ocrx_word' id='word_1_114' title='bbox 783 986 884 1012; x_wconf 84' lang='lat' dir='ltr'>uxor</span> <span class='ocrx_word' id='word_1_115' title='bbox 922 972 1146 1027; x_wconf 83' lang='lat' dir='ltr'>Theodofij</span> <span class='ocrx_word' id='word_1_116' title='bbox 1187 973 1455 1027; x_wconf 87' lang='lat' dir='ltr'>imperatoris.</span> <span class='ocrx_word' id='word_1_117' title='bbox 1510 973 1676 1014; x_wconf 88' lang='lat' dir='ltr'>Deinde</span> <span class='ocrx_word' id='word_1_118' title='bbox 1716 975 1764 1014; x_wconf 90' lang='lat' dir='ltr'>ad</span> <span class='ocrx_word' id='word_1_119' title='bbox 1790 975 1937 1033; x_wconf 85' lang='lat' dir='ltr'>piscina</span> 
     </span>
     <span class='ocr_line' id='line_1_15' title="bbox 547 1029 1938 1087; baseline 0.002 -17"><span class='ocrx_word' id='word_1_120' title='bbox 547 1031 651 1082; x_wconf 77' lang='lat' dir='ltr'>Silae,</span> <span class='ocrx_word' id='word_1_121' title='bbox 673 1032 740 1071; x_wconf 92' lang='lat' dir='ltr'>ubi</span> <span class='ocrx_word' id='word_1_122' title='bbox 763 1029 897 1071; x_wconf 83' lang='lat' dir='ltr'>miffus</span> <span class='ocrx_word' id='word_1_123' title='bbox 915 1031 969 1071; x_wconf 89' lang='lat' dir='ltr'>est</span> <span class='ocrx_word' id='word_1_124' title='bbox 992 1031 1219 1072; x_wconf 84' lang='lat' dir='ltr'>Hieremias</span> <span class='ocrx_word' id='word_1_125' title='bbox 1243 1033 1500 1086; x_wconf 90' lang='lat' dir='ltr'>prophetaad</span> <span class='ocrx_word' id='word_1_126' title='bbox 1520 1033 1706 1084; x_wconf 87' lang='lat' dir='ltr'>Abacuc,</span> <span class='ocrx_word' id='word_1_127' title='bbox 1728 1034 1821 1087; x_wconf 81' lang='lat' dir='ltr'>passi</span> <span class='ocrx_word' id='word_1_128' title='bbox 1849 1034 1938 1074; x_wconf 86' lang='lat' dir='ltr'>sunt</span> 
     </span>
     <span class='ocr_line' id='line_1_16' title="bbox 546 1090 1445 1147; baseline 0.003 -18"><span class='ocrx_word' id='word_1_129' title='bbox 546 1104 718 1130; x_wconf 90' lang='lat' dir='ltr'>numero</span> <span class='ocrx_word' id='word_1_130' title='bbox 739 1106 774 1130; x_wconf 85' lang='lat' dir='ltr'>c.</span> <span class='ocrx_word' id='word_1_131' title='bbox 798 1090 897 1147; x_wconf 73' lang='lat' dir='ltr'>Que</span> <span class='ocrx_word' id='word_1_132' title='bbox 919 1090 1069 1144; x_wconf 81' lang='lat' dir='ltr'>piscina</span> <span class='ocrx_word' id='word_1_133' title='bbox 1090 1092 1196 1132; x_wconf 89' lang='lat' dir='ltr'>intra</span> <span class='ocrx_word' id='word_1_134' title='bbox 1217 1106 1357 1133; x_wconf 86' lang='lat' dir='ltr'>murus</span> <span class='ocrx_word' id='word_1_135' title='bbox 1379 1092 1445 1132; x_wconf 90' lang='lat' dir='ltr'>est.</span> 
     </span>
    </p>

    <p class='ocr_par' dir='ltr' id='par_1_7' title="bbox 602 1150 1936 1209">
     <span class='ocr_line' id='line_1_17' title="bbox 602 1150 1936 1209; baseline 0.002 -20"><span class='ocrx_word' id='word_1_136' title='bbox 602 1150 669 1190; x_wconf 91' lang='lat' dir='ltr'>De</span> <span class='ocrx_word' id='word_1_137' title='bbox 690 1151 791 1190; x_wconf 84' lang='lat' dir='ltr'>domo</span> <span class='ocrx_word' id='word_1_138' title='bbox 814 1151 932 1190; x_wconf 56' lang='lat' dir='ltr'>filati</span> <span class='ocrx_word' id='word_1_139' title='bbox 953 1150 1075 1204; x_wconf 87' lang='lat' dir='ltr'>usque</span> <span class='ocrx_word' id='word_1_140' title='bbox 1097 1151 1145 1190; x_wconf 91' lang='lat' dir='ltr'>ad</span> <span class='ocrx_word' id='word_1_141' title='bbox 1159 1151 1304 1209; x_wconf 76' lang='lat' dir='ltr'>piscina</span> <span class='ocrx_word' id='word_1_142' title='bbox 1327 1151 1525 1191; x_wconf 74' lang='lat' dir='ltr'>Probatico</span> <span class='ocrx_word' id='word_1_143' title='bbox 1546 1151 1640 1205; x_wconf 84' lang='lat' dir='ltr'>paffi</span> <span class='ocrx_word' id='word_1_144' title='bbox 1656 1151 1744 1192; x_wconf 91' lang='lat' dir='ltr'>sunt</span> <span class='ocrx_word' id='word_1_145' title='bbox 1764 1166 1936 1192; x_wconf 90' lang='lat' dir='ltr'>numero</span> 
     </span>
    </p>

    <p class='ocr_par' dir='ltr' id='par_1_8' title="bbox 546 1208 2042 1622">
     <span class='ocr_line' id='line_1_18' title="bbox 546 1208 2042 1264; baseline 0.001 -15"><span class='ocrx_word' id='word_1_146' title='bbox 546 1225 582 1261; x_wconf 91' lang='lat' dir='ltr'>c,</span> <span class='ocrx_word' id='word_1_147' title='bbox 603 1210 671 1249; x_wconf 89' lang='lat' dir='ltr'>ubi</span> <span class='ocrx_word' id='word_1_148' title='bbox 690 1209 900 1250; x_wconf 86' lang='lat' dir='ltr'>Dominus</span> <span class='ocrx_word' id='word_1_149' title='bbox 914 1208 1022 1251; x_wconf 84' lang='lat' dir='ltr'>Iesus</span> <span class='ocrx_word' id='word_1_150' title='bbox 1039 1211 1225 1251; x_wconf 88' lang='lat' dir='ltr'>Christus</span> <span class='ocrx_word' id='word_1_151' title='bbox 1247 1210 1505 1264; x_wconf 87' lang='lat' dir='ltr'>paraliticum</span> <span class='ocrx_word' id='word_1_152' title='bbox 1525 1212 1697 1262; x_wconf 85' lang='lat' dir='ltr'>curavit,</span> <span class='ocrx_word' id='word_1_153' title='bbox 1717 1212 1832 1252; x_wconf 90' lang='lat' dir='ltr'>cuius</span> <span class='ocrx_word' id='word_1_154' title='bbox 1853 1211 1933 1251; x_wconf 89' lang='lat' dir='ltr'>lec·</span> <span class='ocrx_word' id='word_1_155' title='bbox 1955 1225 1975 1255; x_wconf 90' lang='lat' dir='ltr'>f.</span> <span class='ocrx_word' id='word_1_156' title='bbox 1993 1226 2042 1256; x_wconf 78' lang='lat'>28,</span> 
     </span>
     <span class='ocr_line' id='line_1_19' title="bbox 546 1269 1937 1326; baseline 0.001 -17"><span class='ocrx_word' id='word_1_157' title='bbox 546 1281 609 1310; x_wconf 88' lang='lat' dir='ltr'>tus</span> <span class='ocrx_word' id='word_1_158' title='bbox 625 1269 758 1309; x_wconf 86' lang='lat' dir='ltr'>adhuc</span> <span class='ocrx_word' id='word_1_159' title='bbox 772 1270 824 1309; x_wconf 90' lang='lat' dir='ltr'>ibi</span> <span class='ocrx_word' id='word_1_160' title='bbox 843 1269 910 1309; x_wconf 88' lang='lat' dir='ltr'>est.</span> <span class='ocrx_word' id='word_1_161' title='bbox 924 1269 972 1309; x_wconf 87' lang='lat' dir='ltr'>ln</span> <span class='ocrx_word' id='word_1_162' title='bbox 987 1270 1190 1310; x_wconf 76' lang='lat' dir='ltr'>Probatica</span> <span class='ocrx_word' id='word_1_163' title='bbox 1208 1270 1355 1326; x_wconf 77' lang='lat' dir='ltr'>ecclesia</span> <span class='ocrx_word' id='word_1_164' title='bbox 1368 1271 1511 1310; x_wconf 62' lang='lat' dir='ltr'>Sanilae</span> <span class='ocrx_word' id='word_1_165' title='bbox 1523 1270 1681 1311; x_wconf 57' lang='lat' dir='ltr'>[Mariae</span> <span class='ocrx_word' id='word_1_166' title='bbox 1693 1271 1829 1311; x_wconf 86' lang='lat' dir='ltr'>matris</span> <span class='ocrx_word' id='word_1_167' title='bbox 1845 1270 1937 1311; x_wconf 92' lang='lat' dir='ltr'>Do-</span> 
     </span>
     <span class='ocr_line' id='line_1_20' title="bbox 546 1328 1938 1384; baseline 0.001 -16"><span class='ocrx_word' id='word_1_168' title='bbox 546 1330 659 1369; x_wconf 87' lang='lat' dir='ltr'>mini.</span> <span class='ocrx_word' id='word_1_169' title='bbox 693 1330 777 1369; x_wconf 89' lang='lat' dir='ltr'>Ubi</span> <span class='ocrx_word' id='word_1_170' title='bbox 805 1329 985 1369; x_wconf 66' lang='lat' dir='ltr'>sancstum</span> <span class='ocrx_word' id='word_1_171' title='bbox 1006 1328 1204 1370; x_wconf 89' lang='lat' dir='ltr'>Iacobum</span> <span class='ocrx_word' id='word_1_172' title='bbox 1227 1330 1437 1371; x_wconf 87' lang='lat' dir='ltr'>Dominus</span> <span class='ocrx_word' id='word_1_173' title='bbox 1460 1344 1583 1370; x_wconf 90' lang='lat' dir='ltr'>manu</span> <span class='ocrx_word' id='word_1_174' title='bbox 1604 1329 1670 1370; x_wconf 91' lang='lat' dir='ltr'>sua</span> <span class='ocrx_word' id='word_1_175' title='bbox 1699 1331 1938 1384; x_wconf 89' lang='lat' dir='ltr'>episcopum</span> 
     </span>
     <span class='ocr_line' id='line_1_21' title="bbox 546 1387 1939 1444; baseline 0.001 -16"><span class='ocrx_word' id='word_1_176' title='bbox 546 1390 749 1429; x_wconf 89' lang='lat' dir='ltr'>ordinavit</span> <span class='ocrx_word' id='word_1_177' title='bbox 778 1389 865 1442; x_wconf 93' lang='lat' dir='ltr'>post</span> <span class='ocrx_word' id='word_1_178' title='bbox 895 1390 1053 1429; x_wconf 81' lang='lat' dir='ltr'>ascensa</span> <span class='ocrx_word' id='word_1_179' title='bbox 1074 1389 1265 1441; x_wconf 82' lang='lat' dir='ltr'>Domini,</span> <span class='ocrx_word' id='word_1_180' title='bbox 1303 1390 1341 1430; x_wconf 70' lang='grc' dir='ltr'>ὅτ,</span> <span class='ocrx_word' id='word_1_181' title='bbox 1372 1390 1452 1444; x_wconf 92' lang='lat' dir='ltr'>ipse</span> <span class='ocrx_word' id='word_1_182' title='bbox 1484 1387 1609 1430; x_wconf 88' lang='lat' dir='ltr'>Iacob</span> <span class='ocrx_word' id='word_1_183' title='bbox 1640 1389 1854 1443; x_wconf 88' lang='lat' dir='ltr'>episcopus</span> <span class='ocrx_word' id='word_1_184' title='bbox 1889 1390 1939 1430; x_wconf 90' lang='lat' dir='ltr'>de</span> 
     </span>
     <span class='ocr_line' id='line_1_22' title="bbox 546 1448 1940 1503; baseline 0 -14"><span class='ocrx_word' id='word_1_185' title='bbox 546 1451 670 1502; x_wconf 90' lang='lat' dir='ltr'>pinna</span> <span class='ocrx_word' id='word_1_186' title='bbox 689 1448 862 1503; x_wconf 88' lang='lat' dir='ltr'>Templi</span> <span class='ocrx_word' id='word_1_187' title='bbox 885 1449 1055 1490; x_wconf 69' lang='lat' dir='ltr'>iactatus</span> <span class='ocrx_word' id='word_1_188' title='bbox 1084 1448 1141 1489; x_wconf 90' lang='lat' dir='ltr'>est</span> <span class='ocrx_word' id='word_1_189' title='bbox 1166 1450 1204 1490; x_wconf 63' lang='grc' dir='ltr'><em>ἃ</em></span> <span class='ocrx_word' id='word_1_190' title='bbox 1235 1450 1337 1490; x_wconf 91' lang='lat' dir='ltr'>nihil</span> <span class='ocrx_word' id='word_1_191' title='bbox 1367 1451 1402 1490; x_wconf 94' lang='lat' dir='ltr'>ei</span> <span class='ocrx_word' id='word_1_192' title='bbox 1433 1451 1590 1500; x_wconf 85' lang='lat' dir='ltr'>nocuit,</span> <span class='ocrx_word' id='word_1_193' title='bbox 1622 1449 1685 1489; x_wconf 92' lang='lat' dir='ltr'>sed</span> <span class='ocrx_word' id='word_1_194' title='bbox 1717 1449 1817 1489; x_wconf 88' lang='lat' dir='ltr'>fullo</span> <span class='ocrx_word' id='word_1_195' title='bbox 1845 1465 1940 1490; x_wconf 91' lang='lat' dir='ltr'>eum</span> 
     </span>
     <span class='ocr_line' id='line_1_23' title="bbox 547 1508 1940 1565; baseline -0.001 -16"><span class='ocrx_word' id='word_1_196' title='bbox 547 1523 643 1549; x_wconf 91' lang='lat' dir='ltr'>cum</span> <span class='ocrx_word' id='word_1_197' title='bbox 665 1510 764 1550; x_wconf 83' lang='lat' dir='ltr'>fuste</span> <span class='ocrx_word' id='word_1_198' title='bbox 786 1512 969 1563; x_wconf 84' lang='lat' dir='ltr'>percuffit</span> <span class='ocrx_word' id='word_1_199' title='bbox 995 1512 1033 1552; x_wconf 85' lang='lat'>&amp;</span> <span class='ocrx_word' id='word_1_200' title='bbox 1055 1522 1268 1565; x_wconf 86' lang='lat' dir='ltr'>propterea</span> <span class='ocrx_word' id='word_1_201' title='bbox 1299 1510 1514 1551; x_wconf 59' lang='lat' dir='ltr'>defunehs</span> <span class='ocrx_word' id='word_1_202' title='bbox 1536 1508 1604 1560; x_wconf 90' lang='lat' dir='ltr'>est,</span> <span class='ocrx_word' id='word_1_203' title='bbox 1635 1509 1674 1550; x_wconf 73' lang='grc' dir='ltr'>δε</span> <span class='ocrx_word' id='word_1_204' title='bbox 1705 1508 1854 1563; x_wconf 84' lang='lat' dir='ltr'>pofitus</span> <span class='ocrx_word' id='word_1_205' title='bbox 1884 1509 1940 1549; x_wconf 91' lang='lat' dir='ltr'>est</span> 
     </span>
     <span class='ocr_line' id='line_1_24' title="bbox 548 1570 1184 1622; baseline 0.006 -15"><span class='ocrx_word' id='word_1_206' title='bbox 548 1583 696 1622; x_wconf 89' lang='lat' dir='ltr'>corpus</span> <span class='ocrx_word' id='word_1_207' title='bbox 718 1570 804 1611; x_wconf 89' lang='lat' dir='ltr'>eius</span> <span class='ocrx_word' id='word_1_208' title='bbox 825 1571 865 1610; x_wconf 90' lang='lat' dir='ltr'>in</span> <span class='ocrx_word' id='word_1_209' title='bbox 888 1580 1004 1611; x_wconf 76' lang='lat' dir='ltr'>monte</span> <span class='ocrx_word' id='word_1_210' title='bbox 1027 1571 1184 1611; x_wconf 77' lang='lat' dir='ltr'>Oliveti.</span> 
     </span>
    </p>

    <p class='ocr_par' dir='ltr' id='par_1_9' title="bbox 462 1627 1939 1745">
     <span class='ocr_line' id='line_1_25' title="bbox 462 1627 1939 1683; baseline 0.001 -15"><span class='ocrx_word' id='word_1_211' title='bbox 462 1643 527 1674; x_wconf 70' lang='lat' dir='ltr'>XII</span> <span class='ocrx_word' id='word_1_212' title='bbox 601 1628 656 1669; x_wconf 86' lang='lat' dir='ltr'>Et</span> <span class='ocrx_word' id='word_1_213' title='bbox 685 1630 765 1683; x_wconf 88' lang='lat' dir='ltr'>ipse</span> <span class='ocrx_word' id='word_1_214' title='bbox 801 1630 957 1671; x_wconf 58' lang='lat' dir='ltr'>sanetus</span> <span class='ocrx_word' id='word_1_215' title='bbox 992 1629 1166 1671; x_wconf 91' lang='lat' dir='ltr'>Iacobus</span> <span class='ocrx_word' id='word_1_216' title='bbox 1196 1631 1234 1672; x_wconf 88' lang='lat'>&amp;</span> <span class='ocrx_word' id='word_1_217' title='bbox 1271 1630 1429 1671; x_wconf 58' lang='lat' dir='ltr'>sanctius</span> <span class='ocrx_word' id='word_1_218' title='bbox 1462 1630 1683 1670; x_wconf 85' lang='lat' dir='ltr'>Zacharias</span> <span class='ocrx_word' id='word_1_219' title='bbox 1713 1629 1751 1669; x_wconf 71' lang='grc' dir='ltr'>δι</span> <span class='ocrx_word' id='word_1_220' title='bbox 1782 1627 1939 1669; x_wconf 62' lang='lat' dir='ltr'>sanetus</span> 
     </span>
     <span class='ocr_line' id='line_1_26' title="bbox 549 1689 1760 1745; baseline 0 -16"><span class='ocrx_word' id='word_1_221' title='bbox 549 1689 726 1745; x_wconf 89' lang='lat' dir='ltr'>Symeon</span> <span class='ocrx_word' id='word_1_222' title='bbox 748 1691 788 1730; x_wconf 88' lang='lat' dir='ltr'>in</span> <span class='ocrx_word' id='word_1_223' title='bbox 812 1706 891 1731; x_wconf 90' lang='lat' dir='ltr'>una</span> <span class='ocrx_word' id='word_1_224' title='bbox 912 1693 1123 1732; x_wconf 90' lang='lat' dir='ltr'>memoria.</span> <span class='ocrx_word' id='word_1_225' title='bbox 1147 1691 1317 1732; x_wconf 65' lang='lat' dir='ltr'>Sanctus</span> <span class='ocrx_word' id='word_1_226' title='bbox 1339 1689 1513 1730; x_wconf 88' lang='lat' dir='ltr'>Iacobus</span> <span class='ocrx_word' id='word_1_227' title='bbox 1536 1690 1760 1729; x_wconf 85' lang='lat' dir='ltr'>fabricavit.</span> 
     </span>
    </p>

    <p class='ocr_par' dir='ltr' id='par_1_10' title="bbox 480 1748 2079 2107">
     <span class='ocr_line' id='line_1_27' title="bbox 480 1748 1939 1805; baseline -0.001 -16"><span class='ocrx_word' id='word_1_228' title='bbox 480 1767 528 1798; x_wconf 69' lang='lat' dir='ltr'>XI</span> <span class='ocrx_word' id='word_1_229' title='bbox 604 1749 657 1790; x_wconf 87' lang='lat' dir='ltr'>Et</span> <span class='ocrx_word' id='word_1_230' title='bbox 671 1750 723 1791; x_wconf 92' lang='lat' dir='ltr'>ibi</span> <span class='ocrx_word' id='word_1_231' title='bbox 737 1751 792 1791; x_wconf 87' lang='lat' dir='ltr'>est</span> <span class='ocrx_word' id='word_1_232' title='bbox 804 1752 916 1792; x_wconf 85' lang='lat' dir='ltr'>iuxta</span> <span class='ocrx_word' id='word_1_233' title='bbox 932 1751 1046 1792; x_wconf 90' lang='lat' dir='ltr'>vallis</span> <span class='ocrx_word' id='word_1_234' title='bbox 1059 1751 1276 1805; x_wconf 87' lang='lat' dir='ltr'>Iosaphath</span> <span class='ocrx_word' id='word_1_235' title='bbox 1294 1751 1362 1790; x_wconf 87' lang='lat' dir='ltr'>ubi</span> <span class='ocrx_word' id='word_1_236' title='bbox 1375 1749 1496 1790; x_wconf 92' lang='lat' dir='ltr'>Iudas</span> <span class='ocrx_word' id='word_1_237' title='bbox 1512 1749 1686 1790; x_wconf 87' lang='lat' dir='ltr'>crudelis</span> <span class='ocrx_word' id='word_1_238' title='bbox 1705 1748 1939 1789; x_wconf 90' lang='lat' dir='ltr'>Dominum</span> 
     </span>
     <span class='ocr_line' id='line_1_28' title="bbox 548 1809 2079 1865; baseline -0.004 -14"><span class='ocrx_word' id='word_1_239' title='bbox 548 1810 680 1851; x_wconf 88' lang='lat' dir='ltr'>Iesum</span> <span class='ocrx_word' id='word_1_240' title='bbox 702 1811 910 1853; x_wconf 85' lang='lat' dir='ltr'>Christum</span> <span class='ocrx_word' id='word_1_241' title='bbox 931 1810 1068 1852; x_wconf 85' lang='lat' dir='ltr'>Iudeis</span> <span class='ocrx_word' id='word_1_242' title='bbox 1090 1812 1264 1852; x_wconf 90' lang='lat' dir='ltr'>tradedit</span> <span class='ocrx_word' id='word_1_243' title='bbox 1286 1826 1358 1865; x_wconf 88' lang='lat' dir='ltr'>pro</span> <span class='ocrx_word' id='word_1_244' title='bbox 1380 1826 1460 1850; x_wconf 82' lang='lat' dir='ltr'>xxx</span> <span class='ocrx_word' id='word_1_245' title='bbox 1483 1821 1710 1863; x_wconf 83' lang='lat' dir='ltr'>argenteos.</span> <span class='ocrx_word' id='word_1_246' title='bbox 1731 1809 1786 1850; x_wconf 89' lang='lat' dir='ltr'>Et</span> <span class='ocrx_word' id='word_1_247' title='bbox 1808 1810 1862 1850; x_wconf 93' lang='lat' dir='ltr'>ibi</span> <span class='ocrx_word' id='word_1_248' title='bbox 1883 1809 1939 1850; x_wconf 90' lang='lat' dir='ltr'>est</span> <span class='ocrx_word' id='word_1_249' title='bbox 1959 1815 1978 1846; x_wconf 93' lang='lat' dir='ltr'>f.</span> <span class='ocrx_word' id='word_1_250' title='bbox 1995 1816 2034 1846; x_wconf 89' lang='lat'>28</span> <span class='ocrx_word' id='word_1_251' title='bbox 2052 1816 2079 1846; x_wconf 87' lang='lat' dir='ltr'>b.</span> 
     </span>
     <span class='ocr_line' id='line_1_29' title="bbox 549 1868 1940 1927; baseline -0.001 -16"><span class='ocrx_word' id='word_1_252' title='bbox 549 1871 698 1927; x_wconf 80' lang='lat' dir='ltr'>ecclesia</span> <span class='ocrx_word' id='word_1_253' title='bbox 720 1871 863 1911; x_wconf 67' lang='lat' dir='ltr'>Smfflae</span> <span class='ocrx_word' id='word_1_254' title='bbox 884 1871 1026 1912; x_wconf 68' lang='lat' dir='ltr'>Maria</span> <span class='ocrx_word' id='word_1_255' title='bbox 1047 1872 1184 1912; x_wconf 89' lang='lat' dir='ltr'>matris</span> <span class='ocrx_word' id='word_1_256' title='bbox 1208 1871 1398 1922; x_wconf 87' lang='lat' dir='ltr'>Domini,</span> <span class='ocrx_word' id='word_1_257' title='bbox 1420 1870 1458 1910; x_wconf 90' lang='lat'>&amp;</span> <span class='ocrx_word' id='word_1_258' title='bbox 1480 1870 1534 1909; x_wconf 91' lang='lat' dir='ltr'>ibi</span> <span class='ocrx_word' id='word_1_259' title='bbox 1560 1868 1768 1910; x_wconf 90' lang='lat' dir='ltr'>Dominus</span> <span class='ocrx_word' id='word_1_260' title='bbox 1790 1869 1940 1910; x_wconf 85' lang='lat' dir='ltr'>lavavit</span> 
     </span>
     <span class='ocr_line' id='line_1_30' title="bbox 549 1929 1934 1985; baseline -0.001 -14"><span class='ocrx_word' id='word_1_261' title='bbox 549 1932 672 1985; x_wconf 84' lang='lat' dir='ltr'>pedes</span> <span class='ocrx_word' id='word_1_262' title='bbox 694 1931 988 1984; x_wconf 88' lang='lat' dir='ltr'>discipulorum</span> <span class='ocrx_word' id='word_1_263' title='bbox 1010 1931 1170 1971; x_wconf 87' lang='lat' dir='ltr'>suorum</span> <span class='ocrx_word' id='word_1_264' title='bbox 1193 1931 1231 1971; x_wconf 87' lang='lat'>&amp;</span> <span class='ocrx_word' id='word_1_265' title='bbox 1260 1932 1315 1975; x_wconf 85' lang='lat' dir='ltr'>ibi</span> <span class='ocrx_word' id='word_1_266' title='bbox 1337 1931 1499 1971; x_wconf 87' lang='lat' dir='ltr'>cenavit</span> <span class='ocrx_word' id='word_1_267' title='bbox 1519 1930 1590 1981; x_wconf 85' lang='lat' dir='ltr'>eis,</span> <span class='ocrx_word' id='word_1_268' title='bbox 1624 1929 1662 1970; x_wconf 68' lang='grc' dir='ltr'>δε</span> <span class='ocrx_word' id='word_1_269' title='bbox 1684 1930 1738 1969; x_wconf 90' lang='lat' dir='ltr'>ibi</span> <span class='ocrx_word' id='word_1_270' title='bbox 1769 1929 1859 1969; x_wconf 91' lang='lat' dir='ltr'>sunt</span> <span class='ocrx_word' id='word_1_271' title='bbox 1880 1930 1934 1984; x_wconf 91' lang='lat' dir='ltr'>iiij</span> 
     </span>
     <span class='ocr_line' id='line_1_31' title="bbox 549 1989 1936 2045; baseline -0.001 -12"><span class='ocrx_word' id='word_1_272' title='bbox 549 1993 749 2045; x_wconf 85' lang='lat' dir='ltr'>accubita,</span> <span class='ocrx_word' id='word_1_273' title='bbox 770 1993 808 2033; x_wconf 86' lang='lat'>&amp;</span> <span class='ocrx_word' id='word_1_274' title='bbox 829 1994 869 2033; x_wconf 92' lang='lat' dir='ltr'>in</span> <span class='ocrx_word' id='word_1_275' title='bbox 891 1993 974 2045; x_wconf 86' lang='lat' dir='ltr'>ipsa</span> <span class='ocrx_word' id='word_1_276' title='bbox 993 1993 1181 2033; x_wconf 91' lang='lat' dir='ltr'>accubita</span> <span class='ocrx_word' id='word_1_277' title='bbox 1201 2004 1339 2033; x_wconf 88' lang='lat' dir='ltr'>ternos</span> <span class='ocrx_word' id='word_1_278' title='bbox 1360 1992 1548 2031; x_wconf 88' lang='lat' dir='ltr'>homines</span> <span class='ocrx_word' id='word_1_279' title='bbox 1570 1989 1774 2041; x_wconf 86' lang='lat' dir='ltr'>sustinent,</span> <span class='ocrx_word' id='word_1_280' title='bbox 1795 1990 1833 2031; x_wconf 67' lang='grc' dir='ltr'>ἃ</span> <span class='ocrx_word' id='word_1_281' title='bbox 1855 1991 1936 2045; x_wconf 88' lang='lat' dir='ltr'>ipse</span> 
     </span>
     <span class='ocr_line' id='line_1_32' title="bbox 549 2052 1938 2107; baseline -0.001 -14"><span class='ocrx_word' id='word_1_282' title='bbox 549 2053 664 2093; x_wconf 89' lang='lat' dir='ltr'>locus</span> <span class='ocrx_word' id='word_1_283' title='bbox 692 2054 732 2092; x_wconf 90' lang='lat' dir='ltr'>in</span> <span class='ocrx_word' id='word_1_284' title='bbox 755 2053 956 2107; x_wconf 88' lang='lat' dir='ltr'>spelunca,</span> <span class='ocrx_word' id='word_1_285' title='bbox 978 2054 1016 2094; x_wconf 71' lang='grc' dir='ltr'>δι</span> <span class='ocrx_word' id='word_1_286' title='bbox 1047 2054 1101 2093; x_wconf 92' lang='lat' dir='ltr'>ibi</span> <span class='ocrx_word' id='word_1_287' title='bbox 1123 2053 1180 2093; x_wconf 90' lang='lat' dir='ltr'>est</span> <span class='ocrx_word' id='word_1_288' title='bbox 1212 2052 1500 2093; x_wconf 89' lang='lat' dir='ltr'>monasterium</span> <span class='ocrx_word' id='word_1_289' title='bbox 1531 2066 1604 2092; x_wconf 91' lang='lat' dir='ltr'>ccc</span> <span class='ocrx_word' id='word_1_290' title='bbox 1625 2053 1938 2092; x_wconf 88' lang='lat' dir='ltr'>monachorum.</span> 
     </span>
    </p>

    <p class='ocr_par' dir='ltr' id='par_1_11' title="bbox 464 2111 2044 2587">
     <span class='ocr_line' id='line_1_33' title="bbox 464 2111 1939 2167; baseline -0.003 -10"><span class='ocrx_word' id='word_1_291' title='bbox 464 2126 529 2157; x_wconf 83' lang='grc' dir='ltr'>ΧΠ</span> <span class='ocrx_word' id='word_1_292' title='bbox 603 2113 750 2154; x_wconf 89' lang='lat' dir='ltr'>Subtus</span> <span class='ocrx_word' id='word_1_293' title='bbox 779 2115 901 2167; x_wconf 89' lang='lat' dir='ltr'>pinna</span> <span class='ocrx_word' id='word_1_294' title='bbox 932 2113 1089 2166; x_wconf 91' lang='lat' dir='ltr'>templi,</span> <span class='ocrx_word' id='word_1_295' title='bbox 1120 2114 1174 2153; x_wconf 89' lang='lat' dir='ltr'>ibi</span> <span class='ocrx_word' id='word_1_296' title='bbox 1209 2113 1265 2152; x_wconf 89' lang='lat' dir='ltr'>est</span> <span class='ocrx_word' id='word_1_297' title='bbox 1286 2112 1529 2152; x_wconf 86' lang='lat' dir='ltr'>monasteria</span> <span class='ocrx_word' id='word_1_298' title='bbox 1560 2111 1788 2165; x_wconf 89' lang='lat' dir='ltr'>puellarum</span> <span class='ocrx_word' id='word_1_299' title='bbox 1817 2113 1939 2166; x_wconf 80' lang='lat' dir='ltr'>virgi-</span> 
     </span>
     <span class='ocr_line' id='line_1_34' title="bbox 548 2170 1938 2228; baseline -0.002 -13"><span class='ocrx_word' id='word_1_300' title='bbox 548 2189 662 2226; x_wconf 91' lang='lat' dir='ltr'>num,</span> <span class='ocrx_word' id='word_1_301' title='bbox 692 2173 731 2214; x_wconf 67' lang='grc' dir='ltr'>δε</span> <span class='ocrx_word' id='word_1_302' title='bbox 761 2175 924 2228; x_wconf 90' lang='lat' dir='ltr'>quando</span> <span class='ocrx_word' id='word_1_303' title='bbox 960 2173 1095 2227; x_wconf 90' lang='lat' dir='ltr'>aliqua</span> <span class='ocrx_word' id='word_1_304' title='bbox 1125 2187 1265 2213; x_wconf 89' lang='lat' dir='ltr'>earum</span> <span class='ocrx_word' id='word_1_305' title='bbox 1299 2173 1348 2211; x_wconf 90' lang='lat' dir='ltr'>de</span> <span class='ocrx_word' id='word_1_306' title='bbox 1380 2170 1514 2211; x_wconf 84' lang='lat' dir='ltr'>seculo</span> <span class='ocrx_word' id='word_1_307' title='bbox 1546 2170 1752 2222; x_wconf 85' lang='lat' dir='ltr'>tranfierit,</span> <span class='ocrx_word' id='word_1_308' title='bbox 1782 2172 1822 2211; x_wconf 93' lang='lat' dir='ltr'>in</span> <span class='ocrx_word' id='word_1_309' title='bbox 1853 2172 1938 2226; x_wconf 88' lang='lat' dir='ltr'>ipso</span> 
     </span>
     <span class='ocr_line' id='line_1_35' title="bbox 549 2229 1940 2287; baseline -0.001 -13"><span class='ocrx_word' id='word_1_310' title='bbox 549 2233 792 2274; x_wconf 82' lang='lat' dir='ltr'>monasterio</span> <span class='ocrx_word' id='word_1_311' title='bbox 824 2235 990 2287; x_wconf 90' lang='lat' dir='ltr'>ponitur</span> <span class='ocrx_word' id='word_1_312' title='bbox 1023 2246 1170 2286; x_wconf 90' lang='lat' dir='ltr'>corpus</span> <span class='ocrx_word' id='word_1_313' title='bbox 1205 2232 1289 2271; x_wconf 88' lang='lat' dir='ltr'>eius</span> <span class='ocrx_word' id='word_1_314' title='bbox 1325 2230 1363 2270; x_wconf 71' lang='grc' dir='ltr'>δε</span> <span class='ocrx_word' id='word_1_315' title='bbox 1399 2229 1690 2284; x_wconf 88' lang='lat' dir='ltr'>qualiscunque</span> <span class='ocrx_word' id='word_1_316' title='bbox 1729 2231 1940 2272; x_wconf 87' lang='lat' dir='ltr'>intraverit</span> 
     </span>
     <span class='ocr_line' id='line_1_36' title="bbox 549 2290 2044 2347; baseline 0 -14"><span class='ocrx_word' id='word_1_317' title='bbox 549 2294 716 2345; x_wconf 90' lang='lat' dir='ltr'>devidit,</span> <span class='ocrx_word' id='word_1_318' title='bbox 738 2294 832 2334; x_wconf 90' lang='lat' dir='ltr'>inde</span> <span class='ocrx_word' id='word_1_319' title='bbox 853 2308 935 2333; x_wconf 93' lang='lat' dir='ltr'>non</span> <span class='ocrx_word' id='word_1_320' title='bbox 960 2294 1208 2347; x_wconf 89' lang='lat' dir='ltr'>permittitur</span> <span class='ocrx_word' id='word_1_321' title='bbox 1229 2293 1326 2334; x_wconf 88' lang='lat' dir='ltr'>foris</span> <span class='ocrx_word' id='word_1_322' title='bbox 1348 2294 1468 2333; x_wconf 86' lang='lat' dir='ltr'>exire.</span> <span class='ocrx_word' id='word_1_323' title='bbox 1490 2292 1544 2332; x_wconf 84' lang='lat' dir='ltr'>Et</span> <span class='ocrx_word' id='word_1_324' title='bbox 1566 2303 1683 2346; x_wconf 86' lang='lat' dir='ltr'>porte</span> <span class='ocrx_word' id='word_1_325' title='bbox 1705 2292 1754 2331; x_wconf 88' lang='lat' dir='ltr'>de</span> <span class='ocrx_word' id='word_1_326' title='bbox 1775 2290 1936 2331; x_wconf 89' lang='lat' dir='ltr'>monas·</span> <span class='ocrx_word' id='word_1_327' title='bbox 1958 2304 1978 2333; x_wconf 88' lang='lat' dir='ltr'>f.</span> <span class='ocrx_word' id='word_1_328' title='bbox 1995 2313 2044 2343; x_wconf 87' lang='lat'>29.</span> 
     </span>
     <span class='ocr_line' id='line_1_37' title="bbox 550 2350 1936 2407; baseline -0.002 -14"><span class='ocrx_word' id='word_1_329' title='bbox 550 2354 650 2394; x_wconf 90' lang='lat' dir='ltr'>terio</span> <span class='ocrx_word' id='word_1_330' title='bbox 673 2353 756 2407; x_wconf 90' lang='lat' dir='ltr'>ipso</span> <span class='ocrx_word' id='word_1_331' title='bbox 777 2368 1003 2407; x_wconf 88' lang='lat' dir='ltr'>numquam</span> <span class='ocrx_word' id='word_1_332' title='bbox 1024 2355 1270 2406; x_wconf 87' lang='lat' dir='ltr'>aperiuntur,</span> <span class='ocrx_word' id='word_1_333' title='bbox 1290 2353 1361 2393; x_wconf 78' lang='lat' dir='ltr'>nisi</span> <span class='ocrx_word' id='word_1_334' title='bbox 1382 2353 1547 2407; x_wconf 87' lang='lat' dir='ltr'>quando</span> <span class='ocrx_word' id='word_1_335' title='bbox 1563 2353 1699 2405; x_wconf 91' lang='lat' dir='ltr'>aliqua</span> <span class='ocrx_word' id='word_1_336' title='bbox 1719 2352 1768 2391; x_wconf 90' lang='lat' dir='ltr'>de</span> <span class='ocrx_word' id='word_1_337' title='bbox 1791 2350 1936 2404; x_wconf 86' lang='lat' dir='ltr'>puellis</span> 
     </span>
     <span class='ocr_line' id='line_1_38' title="bbox 550 2410 1937 2466; baseline -0.001 -13"><span class='ocrx_word' id='word_1_338' title='bbox 550 2414 604 2453; x_wconf 91' lang='lat' dir='ltr'>ibi</span> <span class='ocrx_word' id='word_1_339' title='bbox 628 2424 796 2466; x_wconf 89' lang='lat' dir='ltr'>propter</span> <span class='ocrx_word' id='word_1_340' title='bbox 821 2412 961 2453; x_wconf 91' lang='lat' dir='ltr'>Deum</span> <span class='ocrx_word' id='word_1_341' title='bbox 983 2414 1131 2454; x_wconf 90' lang='lat' dir='ltr'>intrare</span> <span class='ocrx_word' id='word_1_342' title='bbox 1152 2413 1340 2465; x_wconf 90' lang='lat' dir='ltr'>voluerit,</span> <span class='ocrx_word' id='word_1_343' title='bbox 1363 2427 1456 2452; x_wconf 89' lang='lat' dir='ltr'>nam</span> <span class='ocrx_word' id='word_1_344' title='bbox 1478 2412 1634 2465; x_wconf 87' lang='lat' dir='ltr'>semper</span> <span class='ocrx_word' id='word_1_345' title='bbox 1654 2410 1787 2451; x_wconf 89' lang='lat' dir='ltr'>clausa</span> <span class='ocrx_word' id='word_1_346' title='bbox 1807 2411 1876 2462; x_wconf 86' lang='lat' dir='ltr'>est,</span> <span class='ocrx_word' id='word_1_347' title='bbox 1898 2410 1937 2451; x_wconf 89' lang='lat'>&amp;</span> 
     </span>
     <span class='ocr_line' id='line_1_39' title="bbox 551 2470 1938 2527; baseline 0 -15"><span class='ocrx_word' id='word_1_348' title='bbox 551 2472 749 2513; x_wconf 91' lang='lat' dir='ltr'>masculus</span> <span class='ocrx_word' id='word_1_349' title='bbox 783 2473 836 2512; x_wconf 69' lang='lat' dir='ltr'>sbi</span> <span class='ocrx_word' id='word_1_350' title='bbox 864 2487 1090 2526; x_wconf 89' lang='lat' dir='ltr'>numquam</span> <span class='ocrx_word' id='word_1_351' title='bbox 1111 2473 1372 2527; x_wconf 85' lang='lat' dir='ltr'>ingredietur.</span> <span class='ocrx_word' id='word_1_352' title='bbox 1406 2471 1460 2512; x_wconf 89' lang='lat' dir='ltr'>Et</span> <span class='ocrx_word' id='word_1_353' title='bbox 1489 2472 1621 2511; x_wconf 60' lang='lat' dir='ltr'>victus</span> <span class='ocrx_word' id='word_1_354' title='bbox 1651 2485 1794 2510; x_wconf 90' lang='lat' dir='ltr'>eorum</span> <span class='ocrx_word' id='word_1_355' title='bbox 1822 2470 1938 2525; x_wconf 90' lang='lat' dir='ltr'>super</span> 
     </span>
     <span class='ocr_line' id='line_1_40' title="bbox 551 2531 1734 2587; baseline -0.003 -14"><span class='ocrx_word' id='word_1_356' title='bbox 551 2548 690 2574; x_wconf 90' lang='lat' dir='ltr'>muros</span> <span class='ocrx_word' id='word_1_357' title='bbox 712 2534 944 2586; x_wconf 88' lang='lat' dir='ltr'>deponitur,</span> <span class='ocrx_word' id='word_1_358' title='bbox 964 2547 1113 2587; x_wconf 89' lang='lat' dir='ltr'>aquam</span> <span class='ocrx_word' id='word_1_359' title='bbox 1133 2546 1229 2572; x_wconf 90' lang='lat' dir='ltr'>vero</span> <span class='ocrx_word' id='word_1_360' title='bbox 1251 2534 1300 2571; x_wconf 89' lang='lat' dir='ltr'>de</span> <span class='ocrx_word' id='word_1_361' title='bbox 1321 2531 1492 2571; x_wconf 89' lang='lat' dir='ltr'>cisterna</span> <span class='ocrx_word' id='word_1_362' title='bbox 1512 2533 1734 2571; x_wconf 90' lang='lat' dir='ltr'>auriuntur.</span> 
     </span>
    </p>

    <p class='ocr_par' dir='ltr' id='par_1_12' title="bbox 413 2590 1942 2765">
     <span class='ocr_line' id='line_1_41' title="bbox 413 2590 1939 2647; baseline -0.001 -16"><span class='ocrx_word' id='word_1_363' title='bbox 413 2601 531 2632; x_wconf 79' lang='lat' dir='ltr'>XXXI</span> <span class='ocrx_word' id='word_1_364' title='bbox 607 2594 772 2634; x_wconf 88' lang='lat' dir='ltr'>Deinde</span> <span class='ocrx_word' id='word_1_365' title='bbox 788 2593 910 2647; x_wconf 85' lang='lat' dir='ltr'>usque</span> <span class='ocrx_word' id='word_1_366' title='bbox 931 2594 978 2634; x_wconf 89' lang='lat' dir='ltr'>ad</span> <span class='ocrx_word' id='word_1_367' title='bbox 1001 2609 1107 2633; x_wconf 79' lang='lat' dir='ltr'>mare</span> <span class='ocrx_word' id='word_1_368' title='bbox 1123 2593 1242 2632; x_wconf 86' lang='lat' dir='ltr'>Pontu</span> <span class='ocrx_word' id='word_1_369' title='bbox 1259 2607 1339 2631; x_wconf 82' lang='lat' dir='ltr'>xxx</span> <span class='ocrx_word' id='word_1_370' title='bbox 1362 2591 1459 2642; x_wconf 92' lang='lat' dir='ltr'>mil.,</span> <span class='ocrx_word' id='word_1_371' title='bbox 1482 2592 1550 2631; x_wconf 89' lang='lat' dir='ltr'>ubi</span> <span class='ocrx_word' id='word_1_372' title='bbox 1568 2590 1725 2631; x_wconf 61' lang='lat' dir='ltr'>sanctus</span> <span class='ocrx_word' id='word_1_373' title='bbox 1743 2590 1939 2631; x_wconf 87' lang='lat' dir='ltr'>Clemens</span> 
     </span>
     <span class='ocr_line' id='line_1_42' title="bbox 554 2649 1939 2705; baseline -0.004 -12"><span class='ocrx_word' id='word_1_374' title='bbox 554 2652 689 2694; x_wconf 82' lang='lat' dir='ltr'>miffus</span> <span class='ocrx_word' id='word_1_375' title='bbox 711 2653 767 2694; x_wconf 88' lang='lat' dir='ltr'>est</span> <span class='ocrx_word' id='word_1_376' title='bbox 787 2655 827 2693; x_wconf 91' lang='lat' dir='ltr'>in</span> <span class='ocrx_word' id='word_1_377' title='bbox 854 2654 967 2704; x_wconf 88' lang='lat' dir='ltr'>mari,</span> <span class='ocrx_word' id='word_1_378' title='bbox 987 2655 1052 2693; x_wconf 91' lang='lat' dir='ltr'>cui</span> <span class='ocrx_word' id='word_1_379' title='bbox 1079 2653 1255 2693; x_wconf 86' lang='lat' dir='ltr'>anchora</span> <span class='ocrx_word' id='word_1_380' title='bbox 1275 2653 1323 2692; x_wconf 90' lang='lat' dir='ltr'>ad</span> <span class='ocrx_word' id='word_1_381' title='bbox 1346 2651 1500 2692; x_wconf 89' lang='lat' dir='ltr'>collum</span> <span class='ocrx_word' id='word_1_382' title='bbox 1522 2651 1644 2705; x_wconf 86' lang='lat' dir='ltr'>ligata</span> <span class='ocrx_word' id='word_1_383' title='bbox 1665 2650 1732 2702; x_wconf 88' lang='lat' dir='ltr'>est,</span> <span class='ocrx_word' id='word_1_384' title='bbox 1754 2649 1793 2690; x_wconf 73' lang='grc' dir='ltr'>δε</span> <span class='ocrx_word' id='word_1_385' title='bbox 1813 2649 1939 2688; x_wconf 92' lang='lat' dir='ltr'>modo</span> 
     </span>
     <span class='ocr_line' id='line_1_43' title="bbox 557 2708 1942 2765; baseline -0.004 -11"><span class='ocrx_word' id='word_1_386' title='bbox 557 2714 595 2755; x_wconf 87' lang='lat' dir='ltr'>in</span> <span class='ocrx_word' id='word_1_387' title='bbox 619 2713 741 2753; x_wconf 89' lang='lat' dir='ltr'>natali</span> <span class='ocrx_word' id='word_1_388' title='bbox 764 2714 849 2754; x_wconf 89' lang='lat' dir='ltr'>eius</span> <span class='ocrx_word' id='word_1_389' title='bbox 872 2714 1097 2754; x_wconf 88' lang='lat' dir='ltr'>sacerdotes</span> <span class='ocrx_word' id='word_1_390' title='bbox 1115 2712 1153 2753; x_wconf 88' lang='lat'>&amp;</span> <span class='ocrx_word' id='word_1_391' title='bbox 1170 2725 1312 2752; x_wconf 88' lang='lat' dir='ltr'>omnes</span> <span class='ocrx_word' id='word_1_392' title='bbox 1338 2711 1513 2765; x_wconf 90' lang='lat' dir='ltr'>popolos</span> <span class='ocrx_word' id='word_1_393' title='bbox 1536 2724 1606 2765; x_wconf 90' lang='lat' dir='ltr'>per</span> <span class='ocrx_word' id='word_1_394' title='bbox 1626 2710 1765 2750; x_wconf 90' lang='lat' dir='ltr'>barcas</span> <span class='ocrx_word' id='word_1_395' title='bbox 1787 2708 1942 2749; x_wconf 88' lang='lat' dir='ltr'>discen-</span> 
     </span>
    </p>
   </div>
  </div>
 </body>
</html>
