2216 3435
411 374 589 405 Mon-asteria

384 419 403 447 s.
416 417 580 447 Hieremia:
595 419 621 445 Sc

404 460 424 489 s.
438 458 605 499 Apollonij.

382 601 526 640 Babylon.

384 668 518 698 Eluzath.

381 880 471 910 Sinai.

382 1093 503 1133 Ephrat.

382 1239 525 1268 Civitates
540 1250 555 1268 a
572 1239 621 1267 Io-

663 129 724 190 76
1198 138 1512 172 THEODOSIUS

663 289 825 335 Pharao
851 287 1069 347 manebat,
1095 287 1168 334 ubi
1187 290 1232 334 ὃς
1253 287 1402 349 loseph
1422 288 1466 332 in
1486 302 1704 332 carcerem
1723 282 1828 330 miss
1825 300 1870 329 us
1891 282 1961 328 est.
1984 280 2043 327 lbi

664 362 758 407 sunt
783 360 872 406 duo
898 365 1147 421 monasteria,
1176 377 1311 405 unum
1339 358 1637 422 religiosarum
1661 356 1917 402 ancillarum
1943 355 2042 413 Dei,

662 433 779 479 aliud
804 434 860 479 est
885 432 1223 491 monachorum,
1249 431 1335 476 hoc
1360 431 1431 490 est,
1450 433 1588 492 sancii
1619 432 1822 475 Hieremie
1847 429 2045 490 &sanc‘li

661 508 885 568 oqpollonij
910 506 1132 550 emerite.‘¹

726 579 766 622 Α
793 577 1016 623 Ierusalem
1042 577 1174 638 usque
1194 577 1435 636 Babylonem
1460 574 1556 620 sunt
1574 572 1819 620 mansiones
1838 571 2042 618 sedecim.

662 652 730 696 De
751 649 974 695 ierusalem
996 649 1039 693 in
1058 646 1252 708 ΕίιιῑατΙιὁ
1277 645 1521 692 manfiones
1543 663 1640 706 tres,
1666 645 1721 692 de
1740 642 2046 691 Glutiarinalia

661 720 905 768 manfiones
934 721 1113 784 septem,
1151 736 1258 782 quas
1282 718 1529 765 Alexander
1554 719 1740 783 Magnus
1769 714 1957 763 Macedo
1983 715 2044 761 fa-

660 793 855 840 bricavit.

729 865 831 911 Inde
857 865 990 927 usque
1015 865 1058 910 in
1084 882 1252 910 montem
1277 866 1396 909 Sinai
1420 861 1664 909 manfiones
1702 862 1799 908 sunt
1838 875 2045 924 quatuor—

663 938 818 984 decim.
845 938 900 996 Si,
920 936 1264 1000 compenduaria
1279 954 1355 999 per
1371 936 1602 999 Egyptum,
1622 934 1807 980 volueris
1826 927 2049 979 ambulare

663 1028 740 1073 per
763 1028 973 1069 eremum,
998 1007 1243 1055 manfiones
1268 1009 1364 1054 sunt
1386 1008 1543 1071 viginti
1566 1006 1647 1052 sex.
1662 1017 1675 1035 ὃ
1698 1009 1816 1051 quta
1846 1022 2048 1052 montem

661 1083 761 1128 Sina
784 1086 952 1143 Epllrat,
980 1079 1053 1126 ubi
1078 1081 1247 1142 Moyses
1272 1080 1488 1144 pugnavit
1513 1096 1615 1124 cum
1639 1077 1909 1124 Abimelech.

727 1154 922 1200 XXXIX.
964 1157 1006 1199 In
1032 1152 1193 1199 Arabia
1219 1153 1315 1198 sunt
1338 1156 1537 1208 civitates,
1579 1167 1685 1213 quas
1711 1148 1914 1195 destruxit
1939 1150 2047 1195 Iesus

662 1225 830 1284 Nave,d
852 1230 890 1271 in
916 1229 1057 1286 quibus
1082 1224 1321 1271 manebant
1341 1228 1578 1281 eAmorrlzei,
1610 1225 1798 1284 Pheresei
1821 1223 1866 1267 ὅς
1892 1224 2048 1284 Gerge-

381 1285 428 1310 me
451 1281 613 1310 destruetae.
649 1301 733 1360 sel.)
761 1297 984 1356 tredecim,
1010 1297 1054 1343 jd
1079 1297 1150 1356 est,
1174 1297 1349 1356 Vindia,
1373 1296 1601 1354 Volumta,
1638 1292 1837 1352 Medeva,
1873 1292 2047 1354 Musica,

383 1961 504 1989 Vadum
523 1961 621 1990 Iaboc.

382 2034 523 2065 Soccoth.

662 1369 970 1432 Philadelphia,
990 1369 1167 1427 Gerasa,
1183 1370 1376 1429 Genara,
1392 1366 1625 1427 Vostrada,
1643 1366 1898 1430 Mascogna,
1912 1368 2047 1427 Dara,

660 1441 806 1500 Avila,
831 1441 1067 1504 Capitulia,
1092 1440 1252 1487 Astra.⁶

723 1513 901 1559 XXXX.
951 1511 1018 1569 (Et
1054 1513 1155 1575 quia
1191 1513 1302 1573 sunt,
1339 1513 1414 1576 qui
1452 1516 1644 1558 terminos
1683 1513 1805 1558 ‘Terre
1843 1514 1988 1557 Sanc‘le
2023 1529 2048 1557 a

658 1585 860 1630 Domino
896 1585 1110 1630 institutos
1141 1585 1351 1643 nesciunt,
1381 1583 1561 1630 audiant
1591 1584 1841 1629 Dominum
1871 1581 2046 1630 Abrahe

659 1658 868 1702 terminos
894 1656 1181 1702 Promiffionis
1207 1655 1403 1702 definisse
1439 1675 1464 1702 a
1498 1655 1679 1701 flumine
1718 1655 1873 1718 Egypti
1912 1656 2046 1718 usque

659 1727 715 1774 ad
739 1729 996 1792 Euphraten,
1021 1730 1066 1774 ὃς
1096 1729 1288 1792 populos
1321 1730 1409 1774 eius
1444 1727 1703 1774 nominavit.
1742 1727 1874 1772 Porro
1900 1725 2045 1787 Iacob,

660 1818 762 1845 cum
807 1799 1036 1864 egrediens
1079 1818 1103 1846 a
1146 1801 1484 1863 Mesopotamia,
1529 1798 1603 1845 ubi
1645 1799 1846 1846 servierat
1886 1797 2047 1859 Laban,

660 1871 969 1919 transvadasset
994 1870 1224 1918 Iordanem
1253 1872 1298 1917 in
1333 1871 1490 1918 baculo
1517 1871 1610 1931 suo,
1647 1869 1720 1916 ubi
1744 1887 1863 1916 nunc
1894 1869 2049 1916 dicitur

662 1946 801 1989 vadum
821 1943 991 2002 Iaboc,f
1008 1960 1239 1989 occurrens
1258 1943 1358 1989 Esau
1377 1943 1469 1989 fixit
1490 1942 1783 2003 tabernacula,
1804 1940 1877 1988 ubi
1896 1943 2046 1989 civitas

662 2016 720 2062 est
744 2019 929 2074 soccoth,
957 2015 1080 2078 quod
1105 2016 1231 2061 sonat
1255 2014 1570 2079 tabernacula.)

1088 2169 1154 2210 ‘De
1178 2169 1244 2211 via
1256 2166 1445 2224 filiorum
1470 2167 1611 2227 Israel.

725 2277 877 2336 (Unde
897 2296 999 2326 cum
1018 2277 1190 2325 eruisset
1208 2278 1371 2324 Pharao
1391 2278 1610 2341 populum
1632 2278 1765 2338 Israel,
1786 2295 1879 2324 non
1898 2277 2046 2324 eduxit

660 2368 735 2397 eos
762 2351 931 2411 Moyses
957 2369 1035 2415 per
1058 2350 1322 2409 palestinam,
1349 2368 1433 2413 que
1464 2351 1739 2396 contermina
1771 2350 1830 2395 est
1859 2350 2046 2414 Egypto,

659 2440 840 2486 propter
864 2424 1092 2485 antiquam
1119 2423 1362 2469 molestiam
1384 2424 1429 2468 ὃς
1450 2420 1604 2467 odium
1621 2438 1811 2486 patrum,
1837 2440 1892 2468 ne
1912 2422 2045 2468 insur-

706 2547 736 2568 a.
774 2536 822 2576 V.‚
854 2536 902 2577 L.,
930 2536 1027 2579 Lov.;
1058 2538 1090 2569 P.
1115 2547 1205 2569 mon.
1228 2535 1308 2577 duo,
1444 2536 1475 2568 b.
1496 2536 1610 2567 Luza?
1630 2554 1673 2559 —
1692 2545 1720 2567 c.
1737 2535 1783 2576 L,
1803 2535 1886 2567 Lov.
1905 2545 1980 2567 xxv.
2003 2554 2045 2559 —

660 2601 744 2622 unus
764 2601 781 2622 e
800 2589 968 2634 religionis
988 2589 1252 2631 Wandalorum,
1277 2590 1308 2623 &
1397 2589 1430 2621 d.
1463 2590 1560 2631 Lov,
1580 2589 1613 2622 L.
1641 2588 1701 2622 Ies.
1729 2587 1828 2630 varie,
1867 2590 1900 2621 P.
1930 2587 2047 2621 Hiesa-

660 2642 741 2675 alius
769 2644 1005 2677 Romanorum
1035 2644 1254 2688 (Graecorum
1266 2644 1308 2686 ?),
1397 2655 1491 2676 nave.
1521 2662 1563 2666 —
1601 2654 1626 2675 e.
1669 2644 1723 2684 R,
1747 2641 1807 2675 vis
1825 2643 1921 2685 sorte
1939 2640 2047 2685 legere

661 2697 725 2730 hoc
745 2697 789 2730 est
809 2698 1060 2731 Wandalorum
1085 2698 1106 2731 s.
1131 2697 1327 2739 Hieremies
1398 2696 1584 2738 Medebah‚
1617 2697 1739 2737 Gerar,
1775 2695 1904 2736 Bostra,
1937 2695 2044 2737 Dora,

662 2751 897 2785 Romanorum
919 2751 940 2784 s.
960 2751 1136 2796 Apollonij
1165 2751 1310 2786 eremite.
1399 2749 1718 2791 AElia,Astharoth.
1735 2769 1776 2774 —
1790 2749 1811 2783 f.
1833 2747 1898 2782 Ms.
1915 2748 2045 2781 [aboth.
