2216 3435
583 211 636 267 xij
1130 222 1426 256 PRAEFATIO.

635 365 674 406 A
690 365 722 406 F
727 366 856 406 risone
875 368 990 421 igitur
1015 368 1113 407 nobis
1133 377 1340 418 narratur,
1360 367 1489 408 multos
1508 366 1777 423 crucesignatos
1801 382 1826 407 a
1853 366 1965 407 Lau-

579 447 724 483 werze,
742 433 847 487 apud
860 432 1092 486 Groningam
1105 432 1190 489 fito,
1212 433 1484 484 Dortmudam,
1500 448 1587 485 quae
1603 441 1734 487 portus
1751 434 1800 486 est
1813 433 1966 487 Angliae

580 496 848 549 celeberrimus,
872 501 1050 553 profi’Hos
1066 498 1207 553 fuiffe,
1236 499 1356 550 ibique
1378 497 1603 538 Guilelmum
1624 499 1666 538 de
1685 497 1737 537 H
1737 498 1901 538 ollandia
1921 499 1966 538 Εἴ

584 561 784 616 Georgium
804 565 846 603 de
871 565 931 604 W
928 566 988 604 ied
1004 565 1142 604 comites
1166 563 1361 617 inveniffi.
1401 563 1507 603 Unde
1539 563 1658 618 claffis
1681 563 1965 617 peregrinorum

579 638 803 681 congregata
824 629 906 679 exit,
922 639 932 659 1
952 629 1029 684 sed,
1050 630 1267 683 tempestate,
1289 643 1316 667 v
1336 628 1392 667 die
1412 628 1496 681 iulij
1515 638 1656 679 exorta,
1677 630 1731 669 ad
1747 629 1846 668 littus
1866 628 1966 668 Bre-

579 694 685 732 toniae
700 694 811 734 navis
823 695 994 746 quaedam
998 695 1212 749 frangitur
1218 714 1234 740 ;
1245 694 1498 747 naufragium
1510 693 1706 749 veropaffl
1716 710 1739 734 a
1754 702 1868 734 morte
1873 693 1966 751 ser-

578 768 771 799 vantur.2
797 760 943 799 Deinde
971 767 1096 798 aui‘tor
1116 760 1246 814 noster,
1267 760 1306 798 in
1337 758 1540 800 Guilelmi
1572 759 1736 800 comitis
1765 757 1967 798 clafficula

578 823 764 875 versatus,
799 834 955 876 narrat,
981 840 1063 877 quae
1085 824 1279 878 peregrini
1305 824 1573 879 tempestatibus
1596 824 1695 880 paffi
1707 824 1887 880 fuiſjent,
1921 823 1966 862 δ’

578 889 706 929 multos
726 900 919 930 enumerat
930 900 1074 944 portus,
1090 905 1246 943 quorum
1266 891 1413 930 nomina
1433 890 1470 929 in
1488 890 1719 930 Annalibus
1737 887 1966 930 Colonien-

577 953 680 994 sibus
700 955 866 1010 frustra
895 964 1134 1008 quaeruntur,
1160 970 1316 1008 quorum
1338 961 1480 1006 auaor,
1512 954 1745 1008 Georgium
1767 954 1965 994 comitem

578 1019 781 1074 sequutus,
801 1021 876 1060 iam
902 1021 943 1073 xj
970 1021 1026 1060 die
1051 1021 1146 1073 iunij
1177 1020 1416 1060 Ulixibonam
1446 1021 1562 1071 venit,
1581 1035 1650 1073 quo
1674 1018 1786 1060 Friso
1812 1020 1880 1060 xiv
1909 1020 1966 1061 die

576 1085 671 1138 iunij
690 1086 868 1144 appuisus
888 1086 948 1136 est.
977 1086 1057 1126 Hic
1085 1086 1183 1126 illius
1204 1086 1307 1127 urbis
1326 1085 1608 1140 topographiam
1626 1086 1778 1139 profert
1803 1086 1834 1125 ei
1849 1084 1965 1138 fimil-

578 1151 718 1202 limam,
735 1167 817 1205 quae
826 1152 862 1190 in
879 1150 1108 1191 Annalibus
1123 1151 1436 1193 Colonienfibus
1450 1152 1494 1191 δέ
1509 1150 1647 1193 Gestis
1659 1151 1966 1204 crucigerorum

575 1216 780 1267 invenitur,
797 1216 875 1274 secl
887 1216 986 1271 solus
1005 1222 1135 1256 anaor
1155 1217 1273 1271 noster
1292 1225 1448 1267 narrat,
1477 1217 1553 1256 iam
1575 1231 1671 1256 anno
1701 1215 1842 1256 MCX
1839 1214 1873 1254 L
1883 1213 1924 1256 V
1921 1213 1971 1254 II

583 1281 792 1335 Ulvingam
811 1282 1000 1335 Poptetum
1016 1292 1030 1321 3
1054 1297 1135 1321 cum
1160 1283 1346 1335 armigero
1353 1282 1392 1339 s
1387 1298 1429 1322 uo
1444 1283 1481 1321 in
1504 1281 1730 1336 Portugalia
1752 1297 1811 1322 res
1825 1281 1965 1334 egregie

571 1346 715 1402 geſjiffi
727 1348 908 1400 quendam
924 1348 968 1386 ὅ
980 1356 1166 1387 mortuum
1180 1349 1319 1388 nomine
1334 1347 1386 1387 H
1385 1349 1562 1399 enricum,
1572 1348 1736 1401 catalogo
1746 1348 1965 1403 sanfflorum

577 1413 807 1470 adscriptum
814 1413 953 1468 fieiffi’.
976 1414 1107 1467 Neque
1124 1423 1244 1454 tamen
1263 1412 1295 1453 F
1299 1413 1373 1453 riso
1390 1414 1523 1467 refert,
1538 1412 1807 1468 crucesignatos
1823 1429 1847 1453 a
1865 1412 1964 1453 Por-

575 1478 730 1531 tugaliae
754 1480 878 1519 incolis
907 1481 951 1519 Εἴ
971 1495 1068 1532 rege,
1099 1489 1140 1519 ut
1157 1480 1344 1531 castellum
1366 1478 1543 1519 Alkazar
1564 1478 1765 1534 obsiderent
1783 1479 1828 1518 ἔθ’
1850 1488 1965 1533 expu-

570 1553 748 1597 gnarent,
771 1545 968 1585 admonitos
975 1545 1113 1600 fiuffi,
1143 1545 1267 1600 eosque
1294 1544 1501 1584 Ulixibonae
1530 1544 1727 1584 hiemantes
1747 1544 1898 1584 delicate
1919 1544 1964 1584 &⁶

576 1609 764 1665 luxuriose
783 1609 932 1664 vixiffi⁷,
953 1626 1036 1663 quae
1057 1610 1178 1649 onmia
1199 1626 1223 1649 a
1251 1608 1488 1650 Coloniensi
1510 1609 1555 1648 &
1575 1608 1777 1648 Rhenano
1800 1624 1963 1649 accura-

575 1675 645 1714 tius
665 1684 896 1715 narrantur.
926 1675 963 1715 E
981 1684 1109 1715 contra
1138 1675 1306 1714 certiores
1326 1690 1387 1714 nos
1394 1673 1504 1728 facit
1521 1674 1563 1713 de
1583 1673 1638 1724 iis,
1659 1688 1743 1726 quae
1757 1674 1964 1728 peregrini,

572 1741 675 1795 sociis
697 1741 750 1780 ad
766 1741 805 1780 A
809 1741 966 1780 lkazari
989 1740 1176 1794 castellum
1197 1739 1427 1795 obfidendum
1448 1739 1735 1790 remanentibus,
1763 1738 1964 1780 Ulixibona

570 1806 741 1860 provecti
773 1805 967 1860 gefflrint.
987 1816 1007 1845 4
1043 1804 1334 1846 Coloniensem
1367 1805 1483 1858 igitur
1516 1805 1560 1844 Εἴ
1592 1804 1852 1856 Rhenanam,
1882 1820 1963 1845 cum

627 1956 639 1975 1
664 1942 829 1976 Oliverius
848 1942 901 1986 (p.
928 1943 1038 1985 1401)
1066 1949 1188 1983 narrat,
1211 1954 1228 1975 e

574 1996 746 2041 provincia
760 1996 948 2030 Coloniensi
969 1996 1036 2029 fere
1053 2008 1113 2030 ccc
1126 2008 1226 2029 naves

1359 1956 1381 1985 4
1399 1943 1574 1977 Rhenanus
1593 1951 1717 1986 narrat,
1736 1943 1797 1976 hos
1815 1942 1963 1987 peregri-

1310 2009 1384 2039 nos,
1405 1998 1579 2042 postquam
1604 1998 1636 2031 in
1651 1997 1745 2031 Italia
1757 1995 1964 2039 hiemaffent,

573 2049 654 2083 fuiss
653 2063 669 2084 e
683 2050 859 2095 profe61a3;
874 2049 1019 2083 Annales
1034 2049 1138 2085 Colon.
1156 2062 1226 2082 ma-

572 2104 668 2146 ximi,
683 2107 759 2147 829,
781 2112 968 2137 memorant
981 2104 1063 2144 cccl„
1083 2116 1225 2149 quarum

574 2158 670 2191 clxxx
708 2158 739 2190 in
785 2158 984 2202 Portugalia
1026 2157 1224 2200 remanfiffe,

574 2211 654 2244 dum
673 2211 734 2255 cxij
750 2212 867 2256 (Emo,
883 2224 915 2256 p.
935 2214 1003 2255 59),
1022 2212 1111 2244 nulla
1131 2223 1224 2244 mora

574 2265 675 2308 faffla,
694 2265 971 2310 proveherentur.

623 2332 641 2351 2
664 2321 763 2352 Hanc
777 2330 894 2351 navem
916 2317 1010 2351 fuiffe
1027 2331 1040 2349 «
1058 2318 1100 2351 de
1120 2319 1225 2351 Mun-

574 2372 661 2405 heim
685 2387 697 2403 »
726 2372 789 2405 sive
812 2372 1012 2413 Mfihlheim‚
1040 2371 1225 2415 Colonienfis

574 2427 606 2459 &
620 2426 794 2458 Rhenanus
814 2426 976 2458 nuntiant.

625 2491 640 2520 3
677 2481 731 2512 De
765 2479 918 2512 fabuloso
955 2479 1009 2512 illo
1049 2478 1224 2512 Frisonum

574 2534 675 2566 heroe
713 2532 864 2566 conferas
884 2548 891 2566 ε
931 2533 1025 2575 Gesta
1059 2532 1226 2576 Frisbnum

576 2586 743 2631 (Werkenl
764 2586 963 2630 uitgege-ven
982 2588 1059 2620 door
1087 2586 1225 2629 Frieffclz

575 2640 805 2684 Genoogsclzap,
838 2641 958 2684 1837),
991 2652 1022 2685 p.
1061 2643 1226 2682 138-140,

576 2695 607 2727 &
637 2694 732 2737 Gesta
762 2693 932 2737 Frefhnum
959 2693 1072 2738 (ibid.,
1106 2693 1226 2737 1853),

575 2758 608 2792 P·
627 2757 705 2790 293·

1309 2051 1386 2084 xxiv
1405 2051 1459 2084 die
1491 2051 1601 2096 aprilis
1624 2051 1667 2084 ad
1693 2052 1810 2084 urbem
1837 2051 1962 2083 Accon

1309 2105 1462 2149 appulsos
1484 2104 1595 2149 fuiffe;
1624 2106 1655 2138 δι
1682 2106 1828 2138 Iacobus
1848 2104 1890 2137 de
1908 2103 1963 2137 Vi-

1310 2160 1414 2191 triaco
1434 2157 1562 2202 (Epist,
1593 2169 1618 2199 1,
1647 2158 1733 2203 290)
1753 2165 1868 2203 aperte
1887 2157 1962 2190 nos-

1309 2220 1378 2245 tros
1425 2212 1582 2256 intelligit
1623 2212 1736 2245 dicens
1753 2237 1762 2253 ,
1805 2211 1959 2244 Frisones

1309 2277 1386 2298 cum
1409 2265 1647 2310 lcoggonibus
1687 2279 1699 2296 (ι
1722 2277 1790 2298 non
1821 2264 1963 2298 multum

1310 2319 1381 2363 post
1410 2319 1529 2362 pascha
1550 2333 1563 2350 »
1596 2319 1667 2364 (xiv
1692 2318 1745 2352 die
1763 2318 1878 2363 april.)
1905 2318 1964 2351 ad-

1309 2371 1443 2405 veniffe.
1466 2374 1519 2406 Ex
1540 2373 1577 2406 iis
1593 2384 1672 2406 vero
1687 2371 1884 2417 peregrinis,
1907 2371 1963 2416 qui

1310 2425 1342 2458 in
1378 2426 1579 2470 Portugalia
1615 2426 1852 2468 remanserant,
1891 2426 1964 2471 plu-

1309 2478 1382 2512 rimi
1394 2480 1472 2513 xxiv
1485 2480 1538 2513 die
1554 2480 1628 2524 maij
1646 2480 1678 2513 in
1697 2480 1844 2513 Terram
1863 2481 1964 2513 Sanc-

1311 2541 1379 2566 tam
1408 2542 1569 2566 venerunt
1597 2545 1673 2567 cum
1698 2534 1776 2577 xxiij
1806 2532 1962 2577 navibus5

1310 2598 1365 2619 eos
1401 2586 1488 2620 enim
1521 2587 1600 2630 xxiij
1635 2587 1687 2620 die
1716 2586 1827 2631 aprilis
1853 2586 1963 2620 adhuc

1308 2639 1341 2672 in
1361 2639 1467 2673 Sicilia
1485 2640 1631 2673 versatos
1649 2639 1756 2682 fuisse,
1783 2640 1888 2684 probe
1905 2639 1964 2672 sci·

1310 2705 1382 2726 mus
1414 2694 1528 2738 (Gesta
1556 2693 1691 2738 crue-lg,
1724 2692 1860 2737 38-39).
1894 2694 1962 2727 Hae
1993 2702 2005 2713 ·

1259 2787 1279 2795 s
1309 2758 1389 2780 vero
1423 2746 1729 2793 crucelignatorum
1760 2758 1862 2780 naves
1893 2757 1960 2781 non
