2216 3435
547 142 600 170 xx
1095 133 1396 167 PRAEFATIO.

602 278 806 318 Fatendum
828 279 1073 332 quedemfere
1102 279 1236 328 omnia,
1267 293 1349 331 quae
1375 278 1412 316 in
1436 277 1644 317 Breviario
1675 279 1936 326 inveniuntur,

546 361 569 384 a
594 342 784 399 Theodosio
799 345 896 384 nobis
912 345 1057 384 tradita
1065 344 1202 398 fitiffie,
1217 343 1279 396 qui
1297 342 1406 382 etiam
1421 342 1575 400 insuper
1590 344 1703 384 multo
1716 344 1836 396 plura
1854 359 1936 383 am-

541 409 728 464 plerftitur.
750 409 992 464 Quodfiqm's
1015 408 1270 448 Breviarium
1289 424 1369 447 cum
1392 408 1608 449 Antonino
1634 408 1819 462 Martyre
1841 422 1936 447 com-

541 475 762 529 paraverit,
783 490 863 514 mox
881 475 1160 514 animadvertet
1178 474 1321 514 nullam
1338 483 1431 513 certe
1451 474 1547 514 inter
1569 474 1648 514 illos
1665 480 1831 514 aufflores
1848 471 1937 527 affi-

545 541 694 580 nitatem
715 541 797 596 effe,
815 540 1069 580 Breviarium
1087 549 1208 579 autem
1221 539 1371 578 aliunde
1393 538 1449 594 (st
1468 556 1562 579 raro
1582 540 1619 579 in
1641 541 1766 589 rebus,
1789 547 1830 578 at
1842 547 1937 578 certe

544 606 581 645 in
599 606 739 658 verbis)
755 607 900 664 saepius
915 605 1087 653 haustum
1103 603 1188 659 effi.
1204 603 1408 658 ς,ᾬιιοιίἐιιηο
1435 613 1579 644 tantum
1598 604 1755 658 exemplo
1774 603 1939 658 demons-

545 671 776 725 trarifacile
793 671 884 710 erit:
907 670 1100 719 Columna,
1120 668 1329 724 Zionestta,
1349 670 1404 709 ad
1417 685 1528 723 quam
1545 670 1715 724 Christus
1725 668 1939 724 flagellan-

545 738 614 777 dus
634 737 769 789 ltgatus
788 738 849 791 est,
878 736 954 775 iam
976 735 1083 788 apud
1100 734 1372 787 Hieronymum
1393 735 1631 792 describitur,
1660 735 1697 774 in
1732 732 1939 773 Breviario

548 812 668 842 autem
697 803 741 841 Εἴ
762 802 868 856 apud
895 799 1130 855 Theodostum
1153 799 1196 852 (c.
1224 799 1303 851 VI)
1327 800 1495 839 additum
1510 802 1572 853 esf,
1593 816 1635 839 ex
1656 799 1835 839 columnae
1856 814 1939 838 am-

542 869 654 921 plexu
669 868 826 920 vestigia
846 866 1041 922 manstffi;
1061 866 1147 918 quin
1170 865 1279 905 etiam
1298 865 1405 919 apud
1422 865 1683 905 Antoninum
1708 864 1939 918 Martyrem

547 934 698 986 legimus
713 933 763 991 in,
765 933 963 988 sacrorum
980 931 1218 986 vestigiorum
1235 931 1412 988 mensura
1441 931 1605 970 curandi
1619 931 1799 970 virtutem
1815 930 1938 984 ineffi'.

547 1000 667 1054 Quod
697 999 751 1038 ad
776 998 1035 1052 lapidationem
1058 997 1098 1055 s.
1130 996 1305 1050 Stephani
1331 996 1502 1048 pertinet,
1536 995 1658 1035 maior
1690 993 1812 1033 adhuc
1844 995 1941 1034 inter

548 1066 607 1106 hos
620 1063 1020 1117 auetoresdff‘rentia.
1042 1063 1086 1103 In
1105 1062 1313 1103 Breviario
1330 1063 1374 1101 δέ
1387 1062 1493 1115 apud
1503 1057 1804 1110 Theodofium‚
1817 1060 1860 1099 de
1873 1075 1942 1099 uno

548 1140 694 1172 tantum
716 1130 837 1182 lapide
857 1130 986 1168 mentio
994 1129 1115 1183 faeta
1135 1131 1195 1178 esi,
1212 1128 1328 1183 super
1350 1143 1417 1180 quo
1437 1126 1642 1181 Stephanus
1663 1125 1852 1178 lapidatus
1871 1126 1942 1181 ff

548 1198 700 1247 dicitur,
741 1212 822 1235 cum
853 1195 960 1249 apud
988 1194 1216 1234 Antoninum
1245 1194 1352 1233 multi
1384 1193 1525 1246 lapides
1557 1192 1792 1246 afferantur,
1813 1192 1944 1244 quibus

547 1264 608 1304 ille
629 1263 761 1316 occisus
769 1261 912 1315 fuerit.

602 1330 666 1367 An
683 1326 911 1366 Breviarius
927 1326 971 1364 {55
982 1322 1245 1364 Theodofius
1263 1339 1483 1364 communem
1487 1324 1635 1378 fontem
1650 1323 1814 1363 habeant
1828 1322 1942 1378 affir-

547 1410 653 1434 mare
669 1393 737 1432 vix
747 1392 958 1447 pffumus;
977 1390 1159 1442 quidquid
1166 1399 1288 1429 autem
1304 1391 1346 1429 id
1357 1392 1418 1442 esi,
1439 1389 1643 1429 derivatur
1668 1397 1820 1442 uterque
1823 1389 1943 1446 sepa-

548 1460 676 1509 ratim,
690 1458 796 1497 haud
809 1456 948 1511 procul
958 1472 982 1494 a
998 1456 1190 1506 communi,
1210 1456 1363 1510 exceptis
1383 1465 1504 1494 tamen
1526 1454 1598 1494 illis
1609 1455 1692 1494 locis
1707 1454 1837 1507 quibus
1855 1454 1943 1492 ordo

547 1525 721 1582 diversus
741 1525 801 1577 est,
823 1531 863 1561 ut
881 1537 917 1561 eo
938 1522 1008 1561 loco
1030 1521 1093 1560 ubi
1113 1522 1218 1573 apud
1235 1518 1523 1560 Theodosmm
1542 1520 1678 1559 dicitur
1696 1519 1729 1560 S.
1755 1518 1942 1572 Sepulcri

548 1587 758 1629 ecclesiam
779 1589 826 1627 ab
847 1587 1022 1626 occidente
1044 1586 1099 1625 ad
1123 1586 1294 1625 orientem
1315 1586 1470 1643 versam
1490 1585 1574 1640 effe,
1596 1600 1676 1624 cum
1711 1584 1942 1624 Breviarius

536 1655 637 1710 stcut
651 1655 695 1694 ὅ
712 1652 943 1693 Eucherius
959 1668 1041 1691 eam
1058 1652 1105 1691 ab
1123 1653 1256 1691 oriente
1273 1652 1327 1691 ad
1340 1652 1550 1690 occidentem
1567 1651 1722 1708 versam
1739 1648 1939 1707 describat.

549 1719 756 1774 Difficilius
795 1719 916 1758 adhuc
960 1719 1056 1757 dina
1101 1720 1152 1772 esi
1188 1726 1270 1756 uter
1303 1717 1413 1770 prior
1447 1715 1503 1767 lit,
1539 1715 1771 1755 Breviarius
1806 1730 1848 1753 ne
1891 1729 1940 1753 an

548 1785 591 1825 T
596 1782 824 1824 heodofius.
855 1783 931 1836 Ego
962 1783 1118 1836 quidem,
1122 1781 1296 1835 fortaffe
1324 1781 1517 1831 immerito,
1540 1780 1797 1820 Breviarium
1820 1779 1938 1818 altero

547 1850 617 1906 effi
634 1850 774 1889 credidi
789 1858 893 1902 opere
910 1847 1153 1900 antiquiorem
1164 1866 1180 1892 ;
1201 1855 1340 1885 certum
1357 1846 1500 1900 quidem
1517 1847 1567 1900 est
1587 1854 1786 1898 utrumque
1803 1844 1944 1884 librum

550 1925 633 1956 ante
649 1913 1005 1971 mediumsaeculum
1014 1912 1167 1969 sextum
1190 1911 1436 1967 conscriptum
1446 1911 1585 1966 fuiſje.

604 2022 815 2063 CODICEM
839 2021 985 2059 unicum
996 2017 1162 2075 secutus*
1163 2019 1263 2074 sum,
1283 2018 1388 2058 illum
1411 2018 1583 2058 videlicet
1602 2017 1943 2066 membranaceum,

539 2086 634 2144 saec.
658 2087 729 2127 IX
743 2095 956 2135 exaratum,
977 2085 1040 2138 qui
1060 2085 1097 2124 in
1118 2083 1374 2138 Ambrcfiana
1399 2084 1611 2123 bibliotheca
1630 2083 1699 2135 sub
1720 2092 1763 2119 n⁰
1787 2079 1855 2120 M.
1878 2091 1946 2134 79,

549 2154 651 2209 Sap,
681 2152 899 2192 Mediolani
937 2151 1177 2206 affirvatur,
1207 2165 1231 2189 a
1268 2149 1419 2188 Ludo-v.
1448 2148 1659 2188 Bethmann
1701 2161 1797 2186 anno
1838 2145 1938 2197 1854

549 2219 743 2259 indicatus.
761 2228 772 2248 1

1213 2317 1271 2363 Vl

739 2443 1063 2484 THEODOSIUS‚
1088 2442 1157 2476 DE
1179 2441 1304 2474 SI‘TU
1330 2439 1515 2473 TERRAE
1536 2440 1758 2473 SANC‘I'AE.

608 2556 780 2597 Auitoris
794 2570 920 2594 nomen
940 2568 1009 2592 non
1026 2554 1085 2608 est,
1102 2562 1144 2592 ut
1161 2552 1322 2605 equidem
1334 2551 1444 2605 prius
1453 2549 1610 2608 scripst‚
1634 2548 1859 2598 Theodorus,
1869 2547 1946 2605 fid

543 2622 750 2682 secundum
771 2619 1038 2678 manuscriptos
1056 2618 1137 2658 illos
1156 2617 1299 2667 codices,
1316 2618 1378 2670 qui
1396 2616 1543 2656 Romae
1558 2617 1602 2656 Εἴ
1620 2613 1796 2668 Lovanij
1819 2610 1943 2667 affir-

609 2735 620 2756 ι
643 2723 752 2765 Pertz,
772 2721 920 2763 Archiv,
936 2722 1016 2763 XII,
1034 2732 1065 2765 p.
1091 2723 1172 2753 611.
