<?xml version="1.0" encoding="UTF-8"?>
<!DOCTYPE html PUBLIC "-//W3C//DTD XHTML 1.0 Transitional//EN"
    "http://www.w3.org/TR/xhtml1/DTD/xhtml1-transitional.dtd">
<html xmlns="http://www.w3.org/1999/xhtml" xml:lang="en" lang="en">
 <head>
  <title>
</title>
<meta http-equiv="Content-Type" content="text/html;charset=utf-8" />
  <meta name='ocr-system' content='tesseract 3.04.00' />
  <meta name='ocr-capabilities' content='ocr_page ocr_carea ocr_par ocr_line ocrx_word'/>
</head>
<body>
  <div class='ocr_page' id='page_1' title='image "./p1itinerahierosoly1tobl_0674.png"; bbox 0 0 2216 3435; ppageno 0'>
   <div class='ocr_carea' id='block_1_1' title="bbox 472 339 605 411">
    <p class='ocr_par' dir='ltr' id='par_1_1' title="bbox 472 339 605 411">
     <span class='ocr_line' id='line_1_1' title="bbox 529 339 605 369; baseline 0 -10"><span class='ocrx_word' id='word_1_1' title='bbox 529 339 605 369; x_wconf 84' lang='lat'><em>¹2¹9</em></span> 
     </span>
     <span class='ocr_line' id='line_1_2' title="bbox 472 372 603 411; baseline 0.015 -12"><span class='ocrx_word' id='word_1_2' title='bbox 472 372 536 401; x_wconf 89' lang='lat' dir='ltr'>lun.</span> <span class='ocrx_word' id='word_1_3' title='bbox 555 382 603 411; x_wconf 83' lang='lat'>23.</span> 
     </span>
    </p>
   </div>
   <div class='ocr_carea' id='block_1_2' title="bbox 496 1362 595 1391">
    <p class='ocr_par' dir='ltr' id='par_1_2' title="bbox 496 1362 595 1391">
     <span class='ocr_line' id='line_1_3' title="bbox 496 1362 595 1391; baseline 0.01 -1"><span class='ocrx_word' id='word_1_4' title='bbox 496 1362 551 1391; x_wconf 85' lang='lat' dir='ltr'>lul.</span> <span class='ocrx_word' id='word_1_5' title='bbox 569 1363 595 1391; x_wconf 88' lang='lat'>8.</span> 
     </span>
    </p>
   </div>
   <div class='ocr_carea' id='block_1_3' title="bbox 636 184 1590 234">
    <p class='ocr_par' dir='ltr' id='par_1_3' title="bbox 636 184 1590 234">
     <span class='ocr_line' id='line_1_4' title="bbox 636 184 1590 234; baseline 0.007 -7"><span class='ocrx_word' id='word_1_6' title='bbox 636 184 721 230; x_wconf 82' lang='lat'>128</span> <span class='ocrx_word' id='word_1_7' title='bbox 1024 197 1279 230; x_wconf 84' lang='lat' dir='ltr'>IOHANNES</span> <span class='ocrx_word' id='word_1_8' title='bbox 1305 199 1370 231; x_wconf 81' lang='lat' dir='ltr'>DE</span> <span class='ocrx_word' id='word_1_9' title='bbox 1395 200 1590 234; x_wconf 87' lang='lat' dir='ltr'><strong>TULBIA</strong></span> 
     </span>
    </p>
   </div>
   <div class='ocr_carea' id='block_1_4' title="bbox 611 341 2006 1631">
    <p class='ocr_par' dir='ltr' id='par_1_4' title="bbox 620 341 2006 694">
     <span class='ocr_line' id='line_1_5' title="bbox 691 341 2005 414; baseline 0.011 -29"><span class='ocrx_word' id='word_1_10' title='bbox 691 341 879 386; x_wconf 82' lang='lat' dir='ltr'>XXVIII.</span> <span class='ocrx_word' id='word_1_11' title='bbox 918 344 958 386; x_wconf 85' lang='lat' dir='ltr'>{n</span> <span class='ocrx_word' id='word_1_12' title='bbox 995 343 1143 406; x_wconf 82' lang='lat' dir='ltr'>vigilia</span> <span class='ocrx_word' id='word_1_13' title='bbox 1173 345 1316 390; x_wconf 58' lang='lat' dir='ltr'>Sancti</span> <span class='ocrx_word' id='word_1_14' title='bbox 1353 346 1554 393; x_wconf 86' lang='lat' dir='ltr'>Iohannis</span> <span class='ocrx_word' id='word_1_15' title='bbox 1579 349 1761 413; x_wconf 87' lang='lat' dir='ltr'>Baptiste</span> <span class='ocrx_word' id='word_1_16' title='bbox 1790 351 1888 414; x_wconf 89' lang='lat' dir='ltr'>post</span> <span class='ocrx_word' id='word_1_17' title='bbox 1917 352 2005 398; x_wconf 86' lang='lat' dir='ltr'>ves-</span> 
     </span>
     <span class='ocr_line' id='line_1_6' title="bbox 622 413 2006 484; baseline 0.009 -28"><span class='ocrx_word' id='word_1_18' title='bbox 622 429 746 474; x_wconf 86' lang='lat' dir='ltr'>peras</span> <span class='ocrx_word' id='word_1_19' title='bbox 766 430 976 458; x_wconf 88' lang='lat' dir='ltr'>venerunt</span> <span class='ocrx_word' id='word_1_20' title='bbox 997 413 1113 459; x_wconf 84' lang='lat' dir='ltr'>iuxta</span> <span class='ocrx_word' id='word_1_21' title='bbox 1133 413 1337 461; x_wconf 78' lang='lat' dir='ltr'>fossatum</span> <span class='ocrx_word' id='word_1_22' title='bbox 1356 418 1552 465; x_wconf 87' lang='lat' dir='ltr'>nostrum</span> <span class='ocrx_word' id='word_1_23' title='bbox 1570 421 1656 467; x_wconf 90' lang='lat' dir='ltr'>fere</span> <span class='ocrx_word' id='word_1_24' title='bbox 1676 423 1867 484; x_wconf 89' lang='lat' dir='ltr'>quinque</span> <span class='ocrx_word' id='word_1_25' title='bbox 1887 424 2006 469; x_wconf 90' lang='lat' dir='ltr'>milia</span> 
     </span>
     <span class='ocr_line' id='line_1_7' title="bbox 622 484 2005 547; baseline 0.009 -19"><span class='ocrx_word' id='word_1_26' title='bbox 622 484 796 547; x_wconf 81' lang='lat' dir='ltr'>Pagani,</span> <span class='ocrx_word' id='word_1_27' title='bbox 832 486 877 530; x_wconf 69' lang='grc' dir='ltr'>ὃς</span> <span class='ocrx_word' id='word_1_28' title='bbox 906 487 1035 532; x_wconf 83' lang='lat' dir='ltr'>exivit</span> <span class='ocrx_word' id='word_1_29' title='bbox 1065 488 1173 532; x_wconf 87' lang='lat' dir='ltr'>inter</span> <span class='ocrx_word' id='word_1_30' title='bbox 1203 506 1278 533; x_wconf 88' lang='lat' dir='ltr'>eos</span> <span class='ocrx_word' id='word_1_31' title='bbox 1306 488 1512 537; x_wconf 89' lang='lat' dir='ltr'>dominus</span> <span class='ocrx_word' id='word_1_32' title='bbox 1545 494 1755 540; x_wconf 86' lang='lat' dir='ltr'>lohannes</span> <span class='ocrx_word' id='word_1_33' title='bbox 1791 494 1846 540; x_wconf 92' lang='lat' dir='ltr'>de</span> <span class='ocrx_word' id='word_1_34' title='bbox 1876 497 2005 540; x_wconf 76' lang='lat' dir='ltr'>Areia</span> 
     </span>
     <span class='ocr_line' id='line_1_8' title="bbox 620 558 2005 629; baseline 0.009 -28"><span class='ocrx_word' id='word_1_35' title='bbox 620 573 719 601; x_wconf 91' lang='lat' dir='ltr'>cum</span> <span class='ocrx_word' id='word_1_36' title='bbox 748 573 936 617; x_wconf 84' lang='lat' dir='ltr'>quatuor</span> <span class='ocrx_word' id='word_1_37' title='bbox 967 558 1104 616; x_wconf 78' lang='lat' dir='ltr'>sociis,</span> <span class='ocrx_word' id='word_1_38' title='bbox 1131 560 1176 603; x_wconf 73' lang='grc' dir='ltr'>ἃ</span> <span class='ocrx_word' id='word_1_39' title='bbox 1203 559 1303 606; x_wconf 86' lang='lat' dir='ltr'>fecit</span> <span class='ocrx_word' id='word_1_40' title='bbox 1329 579 1540 626; x_wconf 83' lang='lat' dir='ltr'>magnam</span> <span class='ocrx_word' id='word_1_41' title='bbox 1565 565 1867 627; x_wconf 77' lang='lat' dir='ltr'>prudenciam,</span> <span class='ocrx_word' id='word_1_42' title='bbox 1904 568 2005 629; x_wconf 88' lang='lat' dir='ltr'>quia</span> 
     </span>
     <span class='ocr_line' id='line_1_9' title="bbox 620 630 1902 694; baseline 0.009 -22"><span class='ocrx_word' id='word_1_43' title='bbox 620 645 774 675; x_wconf 88' lang='lat' dir='ltr'>omnes</span> <span class='ocrx_word' id='word_1_44' title='bbox 798 630 894 675; x_wconf 91' lang='lat' dir='ltr'>illos</span> <span class='ocrx_word' id='word_1_45' title='bbox 918 631 1101 694; x_wconf 82' lang='lat' dir='ltr'>fugavit,</span> <span class='ocrx_word' id='word_1_46' title='bbox 1125 633 1170 677; x_wconf 73' lang='grc' dir='ltr'>ἃ</span> <span class='ocrx_word' id='word_1_47' title='bbox 1196 650 1391 679; x_wconf 88' lang='lat' dir='ltr'>mortuus</span> <span class='ocrx_word' id='word_1_48' title='bbox 1418 635 1496 680; x_wconf 91' lang='lat' dir='ltr'>fuit</span> <span class='ocrx_word' id='word_1_49' title='bbox 1522 654 1629 682; x_wconf 91' lang='lat' dir='ltr'>unus</span> <span class='ocrx_word' id='word_1_50' title='bbox 1657 637 1710 683; x_wconf 85' lang='lat' dir='ltr'>de</span> <span class='ocrx_word' id='word_1_51' title='bbox 1736 639 1902 684; x_wconf 86' lang='lat' dir='ltr'>nostris.</span> 
     </span>
    </p>

    <p class='ocr_par' dir='ltr' id='par_1_5' title="bbox 615 701 2005 1347">
     <span class='ocr_line' id='line_1_10' title="bbox 683 701 2005 774; baseline 0.01 -29"><span class='ocrx_word' id='word_1_52' title='bbox 683 701 834 747; x_wconf 87' lang='grc' dir='ltr'>ΧΧΙΧ.</span> <span class='ocrx_word' id='word_1_53' title='bbox 879 705 920 747; x_wconf 87' lang='lat' dir='ltr'>ln</span> <span class='ocrx_word' id='word_1_54' title='bbox 964 702 1043 747; x_wconf 89' lang='lat' dir='ltr'>illis</span> <span class='ocrx_word' id='word_1_55' title='bbox 1082 702 1231 749; x_wconf 90' lang='lat' dir='ltr'>diebus</span> <span class='ocrx_word' id='word_1_56' title='bbox 1271 708 1467 768; x_wconf 80' lang='lat' dir='ltr'>precepit</span> <span class='ocrx_word' id='word_1_57' title='bbox 1502 707 1708 754; x_wconf 88' lang='lat' dir='ltr'>dominus</span> <span class='ocrx_word' id='word_1_58' title='bbox 1743 710 1927 774; x_wconf 82' lang='lat' dir='ltr'>legatus,</span> <span class='ocrx_word' id='word_1_59' title='bbox 1961 728 2005 758; x_wconf 87' lang='lat' dir='ltr'>ut</span> 
     </span>
     <span class='ocr_line' id='line_1_11' title="bbox 618 776 2004 846; baseline 0.009 -30"><span class='ocrx_word' id='word_1_60' title='bbox 618 788 772 818; x_wconf 88' lang='lat' dir='ltr'>omnes</span> <span class='ocrx_word' id='word_1_61' title='bbox 809 776 1058 836; x_wconf 81' lang='lat' dir='ltr'><strong>acciperent</strong></span> <span class='ocrx_word' id='word_1_62' title='bbox 1088 777 1401 838; x_wconf 78' lang='lat' dir='ltr'>penitenciam,</span> <span class='ocrx_word' id='word_1_63' title='bbox 1448 781 1548 840; x_wconf 87' lang='lat' dir='ltr'>quia</span> <span class='ocrx_word' id='word_1_64' title='bbox 1586 780 1776 838; x_wconf 83' lang='lat' dir='ltr'>volebat,</span> <span class='ocrx_word' id='word_1_65' title='bbox 1814 800 1889 828; x_wconf 90' lang='lat' dir='ltr'>eos</span> <span class='ocrx_word' id='word_1_66' title='bbox 1925 802 2004 846; x_wconf 91' lang='lat' dir='ltr'>pu-</span> 
     </span>
     <span class='ocr_line' id='line_1_12' title="bbox 615 847 2003 915; baseline 0.009 -26"><span class='ocrx_word' id='word_1_67' title='bbox 615 861 752 907; x_wconf 83' lang='lat' dir='ltr'>gnare</span> <span class='ocrx_word' id='word_1_68' title='bbox 777 862 878 890; x_wconf 93' lang='lat' dir='ltr'>cum</span> <span class='ocrx_word' id='word_1_69' title='bbox 903 847 1146 892; x_wconf 84' lang='lat' dir='ltr'>Sarracenis</span> <span class='ocrx_word' id='word_1_70' title='bbox 1171 849 1214 892; x_wconf 89' lang='lat' dir='ltr'>in</span> <span class='ocrx_word' id='word_1_71' title='bbox 1241 866 1418 913; x_wconf 87' lang='lat' dir='ltr'>camp0,</span> <span class='ocrx_word' id='word_1_72' title='bbox 1444 853 1488 896; x_wconf 87' lang='lat'>&amp;</span> <span class='ocrx_word' id='word_1_73' title='bbox 1513 868 1685 897; x_wconf 88' lang='lat' dir='ltr'>currum</span> <span class='ocrx_word' id='word_1_74' title='bbox 1713 853 1875 899; x_wconf 61' lang='lat' dir='ltr'>fafium</span> <span class='ocrx_word' id='word_1_75' title='bbox 1899 873 2003 915; x_wconf 85' lang='lat' dir='ltr'>erat,</span> 
     </span>
     <span class='ocr_line' id='line_1_13' title="bbox 617 914 2002 992; baseline 0.01 -31"><span class='ocrx_word' id='word_1_76' title='bbox 617 914 688 961; x_wconf 83' lang='lat' dir='ltr'>ilbi</span> <span class='ocrx_word' id='word_1_77' title='bbox 708 918 912 963; x_wconf 86' lang='lat' dir='ltr'>vexillum</span> <span class='ocrx_word' id='word_1_78' title='bbox 932 919 1278 966; x_wconf 85' lang='lat' dir='ltr'>Christianorum</span> <span class='ocrx_word' id='word_1_79' title='bbox 1301 939 1466 984; x_wconf 87' lang='lat' dir='ltr'>ponere</span> <span class='ocrx_word' id='word_1_80' title='bbox 1487 922 1719 971; x_wconf 88' lang='lat' dir='ltr'>debebant.</span> <span class='ocrx_word' id='word_1_81' title='bbox 1741 927 1867 973; x_wconf 89' lang='lat' dir='ltr'>Tunc</span> <span class='ocrx_word' id='word_1_82' title='bbox 1885 930 2002 992; x_wconf 89' lang='lat' dir='ltr'>prin-</span> 
     </span>
     <span class='ocr_line' id='line_1_14' title="bbox 616 989 2001 1058; baseline 0.011 -26"><span class='ocrx_word' id='word_1_83' title='bbox 616 989 733 1050; x_wconf 82' lang='lat' dir='ltr'>cipes</span> <span class='ocrx_word' id='word_1_84' title='bbox 754 990 885 1035; x_wconf 85' lang='lat' dir='ltr'>nostri</span> <span class='ocrx_word' id='word_1_85' title='bbox 904 990 1132 1039; x_wconf 80' lang='lat' dir='ltr'>consilium</span> <span class='ocrx_word' id='word_1_86' title='bbox 1156 992 1415 1054; x_wconf 86' lang='lat' dir='ltr'>habuerunt,</span> <span class='ocrx_word' id='word_1_87' title='bbox 1445 996 1567 1058; x_wconf 89' lang='lat' dir='ltr'>quod</span> <span class='ocrx_word' id='word_1_88' title='bbox 1588 1014 1679 1042; x_wconf 91' lang='lat' dir='ltr'>non</span> <span class='ocrx_word' id='word_1_89' title='bbox 1698 997 1798 1044; x_wconf 82' lang='lat' dir='ltr'>effet</span> <span class='ocrx_word' id='word_1_90' title='bbox 1817 998 2001 1058; x_wconf 90' lang='lat' dir='ltr'>bonum,</span> 
     </span>
     <span class='ocr_line' id='line_1_15' title="bbox 615 1064 2002 1134; baseline 0.009 -29"><span class='ocrx_word' id='word_1_91' title='bbox 615 1076 813 1124; x_wconf 85' lang='lat' dir='ltr'>pugnare</span> <span class='ocrx_word' id='word_1_92' title='bbox 845 1064 888 1108; x_wconf 89' lang='lat' dir='ltr'>in</span> <span class='ocrx_word' id='word_1_93' title='bbox 925 1081 1102 1127; x_wconf 83' lang='lat' dir='ltr'>camp0‚</span> <span class='ocrx_word' id='word_1_94' title='bbox 1142 1067 1243 1127; x_wconf 89' lang='lat' dir='ltr'>quia</span> <span class='ocrx_word' id='word_1_95' title='bbox 1279 1067 1515 1129; x_wconf 85' lang='lat' dir='ltr'>oportebat</span> <span class='ocrx_word' id='word_1_96' title='bbox 1544 1087 1740 1134; x_wconf 81' lang='lat' dir='ltr'>pugnare</span> <span class='ocrx_word' id='word_1_97' title='bbox 1774 1072 1818 1116; x_wconf 90' lang='lat' dir='ltr'>in</span> <span class='ocrx_word' id='word_1_98' title='bbox 1854 1072 2002 1117; x_wconf 88' lang='lat' dir='ltr'>civita-</span> 
     </span>
     <span class='ocr_line' id='line_1_16' title="bbox 616 1135 2002 1199; baseline 0.006 -21"><span class='ocrx_word' id='word_1_99' title='bbox 616 1150 705 1179; x_wconf 90' lang='lat' dir='ltr'>tem</span> <span class='ocrx_word' id='word_1_100' title='bbox 741 1135 785 1179; x_wconf 88' lang='lat'>&amp;</span> <span class='ocrx_word' id='word_1_101' title='bbox 830 1135 994 1182; x_wconf 83' lang='lat' dir='ltr'>servare</span> <span class='ocrx_word' id='word_1_102' title='bbox 1030 1135 1237 1183; x_wconf 84' lang='lat' dir='ltr'>foffatum</span> <span class='ocrx_word' id='word_1_103' title='bbox 1268 1140 1474 1199; x_wconf 84' lang='lat' dir='ltr'>nostrum,</span> <span class='ocrx_word' id='word_1_104' title='bbox 1511 1143 1555 1186; x_wconf 71' lang='grc' dir='ltr'>ὃς</span> <span class='ocrx_word' id='word_1_105' title='bbox 1596 1159 1698 1187; x_wconf 88' lang='lat' dir='ltr'>cum</span> <span class='ocrx_word' id='word_1_106' title='bbox 1733 1141 1917 1189; x_wconf 83' lang='lat' dir='ltr'>soldano</span> <span class='ocrx_word' id='word_1_107' title='bbox 1960 1143 2002 1187; x_wconf 92' lang='lat' dir='ltr'>in</span> 
     </span>
     <span class='ocr_line' id='line_1_17' title="bbox 618 1209 2004 1278; baseline 0.008 -28"><span class='ocrx_word' id='word_1_108' title='bbox 618 1223 796 1268; x_wconf 80' lang='lat' dir='ltr'>campO,</span> <span class='ocrx_word' id='word_1_109' title='bbox 829 1209 874 1252; x_wconf 67' lang='grc' dir='ltr'>ὃς</span> <span class='ocrx_word' id='word_1_110' title='bbox 899 1224 979 1269; x_wconf 87' lang='lat' dir='ltr'>pro</span> <span class='ocrx_word' id='word_1_111' title='bbox 1007 1226 1282 1272; x_wconf 86' lang='lat' dir='ltr'>unoquoque</span> <span class='ocrx_word' id='word_1_112' title='bbox 1311 1210 1560 1258; x_wconf 88' lang='lat' dir='ltr'>Christiano</span> <span class='ocrx_word' id='word_1_113' title='bbox 1586 1230 1707 1260; x_wconf 86' lang='lat' dir='ltr'>erant</span> <span class='ocrx_word' id='word_1_114' title='bbox 1732 1214 2004 1278; x_wconf 83' lang='lat' dir='ltr'>septuaginta</span> 
     </span>
     <span class='ocr_line' id='line_1_18' title="bbox 616 1277 1726 1347; baseline 0.006 -23"><span class='ocrx_word' id='word_1_115' title='bbox 616 1278 789 1342; x_wconf 82' lang='lat' dir='ltr'>Pagani,</span> <span class='ocrx_word' id='word_1_116' title='bbox 813 1280 859 1324; x_wconf 72' lang='grc' dir='ltr'>ὃς</span> <span class='ocrx_word' id='word_1_117' title='bbox 885 1277 939 1324; x_wconf 85' lang='lat' dir='ltr'>sic</span> <span class='ocrx_word' id='word_1_118' title='bbox 963 1297 1054 1325; x_wconf 92' lang='lat' dir='ltr'>non</span> <span class='ocrx_word' id='word_1_119' title='bbox 1079 1280 1284 1328; x_wconf 88' lang='lat' dir='ltr'>valebant</span> <span class='ocrx_word' id='word_1_120' title='bbox 1306 1299 1503 1347; x_wconf 85' lang='lat' dir='ltr'>pugnare</span> <span class='ocrx_word' id='word_1_121' title='bbox 1528 1302 1629 1330; x_wconf 91' lang='lat' dir='ltr'>cum</span> <span class='ocrx_word' id='word_1_122' title='bbox 1655 1288 1726 1332; x_wconf 88' lang='lat' dir='ltr'>eis.</span> 
     </span>
    </p>

    <p class='ocr_par' dir='ltr' id='par_1_6' title="bbox 611 1351 2003 1631">
     <span class='ocr_line' id='line_1_19' title="bbox 682 1351 2003 1417; baseline 0.006 -21"><span class='ocrx_word' id='word_1_123' title='bbox 682 1351 817 1397; x_wconf 89' lang='lat' dir='ltr'>XXX.</span> <span class='ocrx_word' id='word_1_124' title='bbox 856 1354 899 1396; x_wconf 86' lang='lat' dir='ltr'>In</span> <span class='ocrx_word' id='word_1_125' title='bbox 930 1354 1091 1399; x_wconf 58' lang='lat' dir='ltr'>off&#39;tavo</span> <span class='ocrx_word' id='word_1_126' title='bbox 1119 1351 1188 1399; x_wconf 90' lang='lat' dir='ltr'>die</span> <span class='ocrx_word' id='word_1_127' title='bbox 1217 1354 1302 1412; x_wconf 77' lang='lat' dir='ltr'>[ulij</span> <span class='ocrx_word' id='word_1_128' title='bbox 1332 1373 1544 1403; x_wconf 89' lang='lat' dir='ltr'>venerunt</span> <span class='ocrx_word' id='word_1_129' title='bbox 1576 1375 1677 1403; x_wconf 90' lang='lat' dir='ltr'>cum</span> <span class='ocrx_word' id='word_1_130' title='bbox 1702 1357 1895 1417; x_wconf 85' lang='lat' dir='ltr'>chochis,</span> <span class='ocrx_word' id='word_1_131' title='bbox 1931 1357 2003 1404; x_wconf 90' lang='lat' dir='ltr'>ubi</span> 
     </span>
     <span class='ocr_line' id='line_1_20' title="bbox 615 1423 2003 1492; baseline 0.004 -22"><span class='ocrx_word' id='word_1_132' title='bbox 615 1439 737 1470; x_wconf 90' lang='lat' dir='ltr'>erant</span> <span class='ocrx_word' id='word_1_133' title='bbox 757 1423 881 1483; x_wconf 86' lang='lat' dir='ltr'>scale,</span> <span class='ocrx_word' id='word_1_134' title='bbox 908 1425 953 1468; x_wconf 73' lang='grc' dir='ltr'>ἃ</span> <span class='ocrx_word' id='word_1_135' title='bbox 972 1441 1197 1470; x_wconf 86' lang='lat' dir='ltr'>erexerunt</span> <span class='ocrx_word' id='word_1_136' title='bbox 1221 1425 1277 1471; x_wconf 86' lang='lat' dir='ltr'>ad</span> <span class='ocrx_word' id='word_1_137' title='bbox 1301 1428 1447 1474; x_wconf 87' lang='lat' dir='ltr'>menia</span> <span class='ocrx_word' id='word_1_138' title='bbox 1465 1429 1647 1475; x_wconf 87' lang='lat' dir='ltr'>civitatis</span> <span class='ocrx_word' id='word_1_139' title='bbox 1675 1446 1752 1492; x_wconf 91' lang='lat' dir='ltr'>per</span> <span class='ocrx_word' id='word_1_140' title='bbox 1769 1428 1934 1476; x_wconf 86' lang='lat' dir='ltr'>flumen</span> <span class='ocrx_word' id='word_1_141' title='bbox 1958 1432 2003 1476; x_wconf 65' lang='grc' dir='ltr'>ὃς</span> 
     </span>
     <span class='ocr_line' id='line_1_21' title="bbox 613 1495 2002 1564; baseline 0.006 -24"><span class='ocrx_word' id='word_1_142' title='bbox 613 1512 919 1558; x_wconf 84' lang='lat' dir='ltr'>pugnaverunt</span> <span class='ocrx_word' id='word_1_143' title='bbox 936 1513 1013 1558; x_wconf 87' lang='lat' dir='ltr'>per</span> <span class='ocrx_word' id='word_1_144' title='bbox 1034 1495 1145 1541; x_wconf 89' lang='lat' dir='ltr'>duos</span> <span class='ocrx_word' id='word_1_145' title='bbox 1165 1496 1254 1542; x_wconf 88' lang='lat' dir='ltr'>dies</span> <span class='ocrx_word' id='word_1_146' title='bbox 1274 1514 1375 1542; x_wconf 90' lang='lat' dir='ltr'>cum</span> <span class='ocrx_word' id='word_1_147' title='bbox 1393 1500 1470 1554; x_wconf 86' lang='lat' dir='ltr'>eis,</span> <span class='ocrx_word' id='word_1_148' title='bbox 1494 1501 1539 1545; x_wconf 90' lang='lat'>&amp;</span> <span class='ocrx_word' id='word_1_149' title='bbox 1560 1500 1719 1564; x_wconf 81' lang='lat' dir='ltr'>Pagani</span> <span class='ocrx_word' id='word_1_150' title='bbox 1738 1518 1839 1546; x_wconf 90' lang='lat' dir='ltr'>cum</span> <span class='ocrx_word' id='word_1_151' title='bbox 1861 1518 2002 1564; x_wconf 89' lang='lat' dir='ltr'>petra-</span> 
     </span>
     <span class='ocr_line' id='line_1_22' title="bbox 611 1565 2000 1631; baseline 0.004 -19"><span class='ocrx_word' id='word_1_152' title='bbox 611 1568 679 1612; x_wconf 83' lang='lat' dir='ltr'>riis</span> <span class='ocrx_word' id='word_1_153' title='bbox 704 1569 749 1612; x_wconf 87' lang='lat'>&amp;</span> <span class='ocrx_word' id='word_1_154' title='bbox 768 1565 1020 1613; x_wconf 90' lang='lat' dir='ltr'>tribuchetis</span> <span class='ocrx_word' id='word_1_155' title='bbox 1045 1569 1090 1612; x_wconf 90' lang='lat'>&amp;</span> <span class='ocrx_word' id='word_1_156' title='bbox 1108 1569 1210 1631; x_wconf 82' lang='lat' dir='ltr'>igne</span> <span class='ocrx_word' id='word_1_157' title='bbox 1231 1571 1271 1615; x_wconf 84' lang='lat' dir='ltr'>se</span> <span class='ocrx_word' id='word_1_158' title='bbox 1291 1569 1597 1629; x_wconf 84' lang='lat' dir='ltr'>defenderunt,</span> <span class='ocrx_word' id='word_1_159' title='bbox 1617 1574 1662 1617; x_wconf 91' lang='lat'>&amp;</span> <span class='ocrx_word' id='word_1_160' title='bbox 1682 1573 1814 1618; x_wconf 81' lang='lat' dir='ltr'>scalas</span> <span class='ocrx_word' id='word_1_161' title='bbox 1836 1573 2000 1619; x_wconf 87' lang='lat' dir='ltr'>nostras</span> 
     </span>
    </p>
   </div>
   <div class='ocr_carea' id='block_1_5' title="bbox 611 1638 2141 1702">
    <p class='ocr_par' dir='ltr' id='par_1_7' title="bbox 611 1638 2141 1702">
     <span class='ocr_line' id='line_1_23' title="bbox 611 1638 2141 1702; baseline 0.005 -18"><span class='ocrx_word' id='word_1_162' title='bbox 611 1656 688 1701; x_wconf 89' lang='lat' dir='ltr'>per</span> <span class='ocrx_word' id='word_1_163' title='bbox 722 1639 863 1701; x_wconf 91' lang='lat' dir='ltr'>plures</span> <span class='ocrx_word' id='word_1_164' title='bbox 903 1640 1017 1684; x_wconf 86' lang='lat' dir='ltr'>vices</span> <span class='ocrx_word' id='word_1_165' title='bbox 1054 1638 1310 1686; x_wconf 87' lang='lat' dir='ltr'>videbamus</span> <span class='ocrx_word' id='word_1_166' title='bbox 1353 1641 1640 1702; x_wconf 83' lang='lat' dir='ltr'>comburere3</span> <span class='ocrx_word' id='word_1_167' title='bbox 1678 1644 1765 1689; x_wconf 92' lang='lat' dir='ltr'>hoc</span> <span class='ocrx_word' id='word_1_168' title='bbox 1804 1644 2001 1690; x_wconf 86' lang='lat' dir='ltr'>videntes</span> <span class='ocrx_word' id='word_1_169' title='bbox 2021 1656 2038 1684; x_wconf 83' lang='lat' dir='ltr'>f-</span> <span class='ocrx_word' id='word_1_170' title='bbox 2061 1664 2097 1694; x_wconf 82' lang='lat'>32</span> <span class='ocrx_word' id='word_1_171' title='bbox 2116 1657 2141 1685; x_wconf 83' lang='lat' dir='ltr'>b-</span> 
     </span>
    </p>
   </div>
   <div class='ocr_carea' id='block_1_6' title="bbox 608 1710 2002 1994">
    <p class='ocr_par' dir='ltr' id='par_1_8' title="bbox 608 1710 2002 1994">
     <span class='ocr_line' id='line_1_24' title="bbox 611 1710 2002 1776; baseline 0.004 -19"><span class='ocrx_word' id='word_1_172' title='bbox 611 1711 842 1757; x_wconf 88' lang='lat' dir='ltr'>Christiani</span> <span class='ocrx_word' id='word_1_173' title='bbox 860 1710 1034 1773; x_wconf 86' lang='lat' dir='ltr'>plorare</span> <span class='ocrx_word' id='word_1_174' title='bbox 1055 1728 1278 1775; x_wconf 88' lang='lat' dir='ltr'>ceperunt,</span> <span class='ocrx_word' id='word_1_175' title='bbox 1298 1715 1343 1759; x_wconf 72' lang='grc' dir='ltr'>ὅ(</span> <span class='ocrx_word' id='word_1_176' title='bbox 1360 1714 1690 1776; x_wconf 88' lang='lat' dir='ltr'>prosternebant</span> <span class='ocrx_word' id='word_1_177' title='bbox 1708 1716 1809 1761; x_wconf 88' lang='lat' dir='ltr'>sein</span> <span class='ocrx_word' id='word_1_178' title='bbox 1829 1732 1938 1762; x_wconf 86' lang='lat' dir='ltr'>terra</span> <span class='ocrx_word' id='word_1_179' title='bbox 1956 1719 2002 1762; x_wconf 70' lang='grc' dir='ltr'>ὃ(</span> 
     </span>
     <span class='ocr_line' id='line_1_25' title="bbox 611 1782 2001 1833; baseline 0.006 -7"><span class='ocrx_word' id='word_1_180' title='bbox 611 1782 790 1828; x_wconf 90' lang='lat' dir='ltr'>osculati</span> <span class='ocrx_word' id='word_1_181' title='bbox 814 1798 937 1827; x_wconf 87' lang='lat' dir='ltr'>erant</span> <span class='ocrx_word' id='word_1_182' title='bbox 956 1799 1056 1827; x_wconf 89' lang='lat' dir='ltr'>eam</span> <span class='ocrx_word' id='word_1_183' title='bbox 1075 1784 1121 1828; x_wconf 68' lang='grc' dir='ltr'>ὅς</span> <span class='ocrx_word' id='word_1_184' title='bbox 1140 1800 1305 1830; x_wconf 91' lang='lat' dir='ltr'>nomen</span> <span class='ocrx_word' id='word_1_185' title='bbox 1327 1786 1512 1831; x_wconf 87' lang='lat' dir='ltr'>Domini</span> <span class='ocrx_word' id='word_1_186' title='bbox 1530 1786 1800 1833; x_wconf 88' lang='lat' dir='ltr'>invocabant</span> <span class='ocrx_word' id='word_1_187' title='bbox 1820 1789 1865 1833; x_wconf 74' lang='grc' dir='ltr'>ἃ</span> <span class='ocrx_word' id='word_1_188' title='bbox 1884 1787 2001 1833; x_wconf 90' lang='lat' dir='ltr'>dice-</span> 
     </span>
     <span class='ocr_line' id='line_1_26' title="bbox 608 1852 2002 1920; baseline 0.005 -22"><span class='ocrx_word' id='word_1_189' title='bbox 608 1852 739 1900; x_wconf 87' lang='lat' dir='ltr'>bant:</span> <span class='ocrx_word' id='word_1_190' title='bbox 778 1857 953 1899; x_wconf 84' lang='lat' dir='ltr'>‘Domine</span> <span class='ocrx_word' id='word_1_191' title='bbox 990 1856 1104 1915; x_wconf 80' lang='lat' dir='ltr'>Ilzesu</span> <span class='ocrx_word' id='word_1_192' title='bbox 1143 1857 1313 1915; x_wconf 80' lang='lat' dir='ltr'>Christe,</span> <span class='ocrx_word' id='word_1_193' title='bbox 1351 1862 1419 1917; x_wconf 81' lang='lat' dir='ltr'>qui</span> <span class='ocrx_word' id='word_1_194' title='bbox 1452 1859 1628 1919; x_wconf 78' lang='lat' dir='ltr'>liberasti</span> <span class='ocrx_word' id='word_1_195' title='bbox 1658 1877 1738 1905; x_wconf 84' lang='lat' dir='ltr'>tres</span> <span class='ocrx_word' id='word_1_196' title='bbox 1764 1878 1915 1920; x_wconf 80' lang='lat' dir='ltr'>pueros</span> <span class='ocrx_word' id='word_1_197' title='bbox 1953 1862 2002 1905; x_wconf 83' lang='lat' dir='ltr'>de</span> 
     </span>
     <span class='ocr_line' id='line_1_27' title="bbox 608 1930 2000 1994; baseline 0.006 -24"><span class='ocrx_word' id='word_1_198' title='bbox 608 1930 764 1971; x_wconf 76' lang='lat' dir='ltr'>camino</span> <span class='ocrx_word' id='word_1_199' title='bbox 791 1931 902 1988; x_wconf 76' lang='lat' dir='ltr'>ignis</span> <span class='ocrx_word' id='word_1_200' title='bbox 927 1930 1109 1973; x_wconf 78' lang='lat' dir='ltr'>ardentis</span> <span class='ocrx_word' id='word_1_201' title='bbox 1122 1934 1210 1991; x_wconf 84' lang='lat' dir='ltr'>fine</span> <span class='ocrx_word' id='word_1_202' title='bbox 1229 1930 1314 1974; x_wconf 81' lang='lat' dir='ltr'>ulla</span> <span class='ocrx_word' id='word_1_203' title='bbox 1333 1931 1475 1992; x_wconf 60' lang='lat' dir='ltr'>lejfione</span> <span class='ocrx_word' id='word_1_204' title='bbox 1499 1930 1575 1990; x_wconf 90' lang='lat' dir='ltr'>(cf.</span> <span class='ocrx_word' id='word_1_205' title='bbox 1599 1932 1729 1991; x_wconf 56' lang='lat' dir='ltr'>Dan„</span> <span class='ocrx_word' id='word_1_206' title='bbox 1755 1944 1786 1989; x_wconf 89' lang='grc' dir='ltr'>Ι,</span> <span class='ocrx_word' id='word_1_207' title='bbox 1807 1932 1851 1991; x_wconf 78' lang='grc'>6,</span> <span class='ocrx_word' id='word_1_208' title='bbox 1875 1932 2000 1994; x_wconf 72' lang='lat' dir='ltr'>seq),</span> 
     </span>
    </p>
   </div>
   <div class='ocr_carea' id='block_1_7' title="bbox 599 2000 2000 2061">
    <p class='ocr_par' dir='ltr' id='par_1_9' title="bbox 599 2000 2000 2061">
     <span class='ocr_line' id='line_1_28' title="bbox 599 2000 2000 2061; baseline 0.005 -19"><span class='ocrx_word' id='word_1_209' title='bbox 599 2003 670 2059; x_wconf 83' lang='lat' dir='ltr'>fic,</span> <span class='ocrx_word' id='word_1_210' title='bbox 699 2001 890 2058; x_wconf 82' lang='lat' dir='ltr'>Domine,</span> <span class='ocrx_word' id='word_1_211' title='bbox 928 2000 1054 2044; x_wconf 79' lang='lat' dir='ltr'>libera</span> <span class='ocrx_word' id='word_1_212' title='bbox 1075 2002 1219 2061; x_wconf 80' lang='lat' dir='ltr'>servos</span> <span class='ocrx_word' id='word_1_213' title='bbox 1250 2002 1358 2046; x_wconf 84' lang='lat' dir='ltr'>‘Tuos</span> <span class='ocrx_word' id='word_1_214' title='bbox 1392 2004 1440 2046; x_wconf 81' lang='lat' dir='ltr'>de</span> <span class='ocrx_word' id='word_1_215' title='bbox 1478 2006 1587 2047; x_wconf 87' lang='lat' dir='ltr'>omni</span> <span class='ocrx_word' id='word_1_216' title='bbox 1621 2004 1743 2059; x_wconf 78' lang='lat' dir='ltr'>malo,</span> <span class='ocrx_word' id='word_1_217' title='bbox 1783 2021 1826 2049; x_wconf 86' lang='lat' dir='ltr'>ut</span> <span class='ocrx_word' id='word_1_218' title='bbox 1858 2022 1935 2049; x_wconf 89' lang='lat' dir='ltr'>non</span> <span class='ocrx_word' id='word_1_219' title='bbox 1958 2006 2000 2061; x_wconf 79' lang='lat' dir='ltr'>fe</span> 
     </span>
    </p>
   </div>
   <div class='ocr_carea' id='block_1_8' title="bbox 605 2071 1999 2776">
    <p class='ocr_par' dir='ltr' id='par_1_10' title="bbox 607 2071 997 2132">
     <span class='ocr_line' id='line_1_29' title="bbox 607 2071 997 2132; baseline 0.003 -18"><span class='ocrx_word' id='word_1_220' title='bbox 607 2071 779 2115; x_wconf 80' lang='lat' dir='ltr'>exultent</span> <span class='ocrx_word' id='word_1_221' title='bbox 800 2074 967 2132; x_wconf 67' lang='lat' dir='ltr'>Pergami</span> <span class='ocrx_word' id='word_1_222' title='bbox 981 2075 997 2116; x_wconf 90' lang='lat'><em>!</em></span> 
     </span>
    </p>

    <p class='ocr_par' dir='ltr' id='par_1_11' title="bbox 605 2140 1999 2776">
     <span class='ocr_line' id='line_1_30' title="bbox 674 2140 1998 2208; baseline 0.004 -21"><span class='ocrx_word' id='word_1_223' title='bbox 674 2141 827 2187; x_wconf 86' lang='lat' dir='ltr'>XXXI.</span> <span class='ocrx_word' id='word_1_224' title='bbox 857 2141 902 2188; x_wconf 82' lang='lat' dir='ltr'>Et</span> <span class='ocrx_word' id='word_1_225' title='bbox 929 2140 1005 2204; x_wconf 80' lang='lat' dir='ltr'>ipfi</span> <span class='ocrx_word' id='word_1_226' title='bbox 1031 2159 1238 2205; x_wconf 89' lang='lat' dir='ltr'>ceperunt</span> <span class='ocrx_word' id='word_1_227' title='bbox 1266 2144 1408 2190; x_wconf 87' lang='lat' dir='ltr'>facere</span> <span class='ocrx_word' id='word_1_228' title='bbox 1432 2142 1617 2208; x_wconf 83' lang='lat' dir='ltr'>signum,</span> <span class='ocrx_word' id='word_1_229' title='bbox 1644 2147 1689 2191; x_wconf 92' lang='lat'>&amp;</span> <span class='ocrx_word' id='word_1_230' title='bbox 1715 2144 1854 2191; x_wconf 81' lang='lat' dir='ltr'>subito</span> <span class='ocrx_word' id='word_1_231' title='bbox 1879 2148 1998 2193; x_wconf 89' lang='lat' dir='ltr'>venit</span> 
     </span>
     <span class='ocr_line' id='line_1_31' title="bbox 607 2213 1999 2281; baseline 0.004 -23"><span class='ocrx_word' id='word_1_232' title='bbox 607 2213 814 2259; x_wconf 83' lang='lat' dir='ltr'>soldanus</span> <span class='ocrx_word' id='word_1_233' title='bbox 852 2230 953 2258; x_wconf 90' lang='lat' dir='ltr'>cum</span> <span class='ocrx_word' id='word_1_234' title='bbox 990 2213 1236 2274; x_wconf 84' lang='lat' dir='ltr'>Coradino,</span> <span class='ocrx_word' id='word_1_235' title='bbox 1276 2217 1320 2261; x_wconf 70' lang='grc' dir='ltr'>ὃς</span> <span class='ocrx_word' id='word_1_236' title='bbox 1357 2232 1457 2262; x_wconf 91' lang='lat' dir='ltr'>cum</span> <span class='ocrx_word' id='word_1_237' title='bbox 1493 2215 1695 2262; x_wconf 88' lang='lat' dir='ltr'>omnibus</span> <span class='ocrx_word' id='word_1_238' title='bbox 1737 2218 1817 2263; x_wconf 87' lang='lat' dir='ltr'>suis</span> <span class='ocrx_word' id='word_1_239' title='bbox 1859 2219 1999 2281; x_wconf 86' lang='lat' dir='ltr'>genti-</span> 
     </span>
     <span class='ocr_line' id='line_1_32' title="bbox 608 2281 1996 2352; baseline 0.004 -24"><span class='ocrx_word' id='word_1_240' title='bbox 608 2281 686 2329; x_wconf 90' lang='lat' dir='ltr'>bus</span> <span class='ocrx_word' id='word_1_241' title='bbox 714 2285 758 2328; x_wconf 93' lang='lat' dir='ltr'>in</span> <span class='ocrx_word' id='word_1_242' title='bbox 796 2283 1001 2330; x_wconf 84' lang='lat' dir='ltr'>foffatum</span> <span class='ocrx_word' id='word_1_243' title='bbox 1027 2284 1261 2344; x_wconf 80' lang='lat' dir='ltr'>intrabant,</span> <span class='ocrx_word' id='word_1_244' title='bbox 1294 2287 1353 2343; x_wconf 85' lang='lat'>&amp;‚</span> <span class='ocrx_word' id='word_1_245' title='bbox 1389 2302 1555 2348; x_wconf 89' lang='lat' dir='ltr'>quanto</span> <span class='ocrx_word' id='word_1_246' title='bbox 1586 2305 1667 2333; x_wconf 92' lang='lat' dir='ltr'>nos</span> <span class='ocrx_word' id='word_1_247' title='bbox 1702 2289 1838 2334; x_wconf 85' lang='lat' dir='ltr'>acrius</span> <span class='ocrx_word' id='word_1_248' title='bbox 1866 2306 1996 2352; x_wconf 87' lang='lat' dir='ltr'>expu-</span> 
     </span>
     <span class='ocr_line' id='line_1_33' title="bbox 606 2352 1997 2421; baseline 0.004 -22"><span class='ocrx_word' id='word_1_249' title='bbox 606 2352 851 2416; x_wconf 84' lang='lat' dir='ltr'>gnabamus</span> <span class='ocrx_word' id='word_1_250' title='bbox 878 2373 955 2418; x_wconf 89' lang='lat' dir='ltr'>per</span> <span class='ocrx_word' id='word_1_251' title='bbox 982 2372 1152 2414; x_wconf 80' lang='lat' dir='ltr'>terram,</span> <span class='ocrx_word' id='word_1_252' title='bbox 1181 2372 1304 2402; x_wconf 89' lang='lat' dir='ltr'>tanto</span> <span class='ocrx_word' id='word_1_253' title='bbox 1326 2358 1467 2420; x_wconf 85' lang='lat' dir='ltr'>magis</span> <span class='ocrx_word' id='word_1_254' title='bbox 1487 2360 1724 2421; x_wconf 81' lang='lat' dir='ltr'>expugnati</span> <span class='ocrx_word' id='word_1_255' title='bbox 1750 2376 1918 2404; x_wconf 88' lang='lat' dir='ltr'>eramus</span> <span class='ocrx_word' id='word_1_256' title='bbox 1941 2358 1997 2405; x_wconf 89' lang='lat' dir='ltr'>ab</span> 
     </span>
     <span class='ocr_line' id='line_1_34' title="bbox 607 2426 1996 2492; baseline 0.004 -21"><span class='ocrx_word' id='word_1_257' title='bbox 607 2426 666 2470; x_wconf 85' lang='lat' dir='ltr'>eis</span> <span class='ocrx_word' id='word_1_258' title='bbox 690 2427 735 2472; x_wconf 93' lang='lat' dir='ltr'>in</span> <span class='ocrx_word' id='word_1_259' title='bbox 761 2426 954 2485; x_wconf 85' lang='lat' dir='ltr'>chochis‚</span> <span class='ocrx_word' id='word_1_260' title='bbox 991 2429 1036 2473; x_wconf 68' lang='grc' dir='ltr'>ὅ(</span> <span class='ocrx_word' id='word_1_261' title='bbox 1072 2427 1127 2473; x_wconf 89' lang='lat' dir='ltr'>ad</span> <span class='ocrx_word' id='word_1_262' title='bbox 1159 2426 1366 2473; x_wconf 77' lang='lat' dir='ltr'>fossatum</span> <span class='ocrx_word' id='word_1_263' title='bbox 1403 2430 1564 2474; x_wconf 89' lang='lat' dir='ltr'>mortui</span> <span class='ocrx_word' id='word_1_264' title='bbox 1599 2429 1917 2492; x_wconf 82' lang='lat' dir='ltr'>aliquantulum</span> <span class='ocrx_word' id='word_1_265' title='bbox 1941 2430 1996 2477; x_wconf 92' lang='lat' dir='ltr'>de</span> 
     </span>
     <span class='ocr_line' id='line_1_35' title="bbox 606 2497 1996 2561; baseline 0.004 -19"><span class='ocrx_word' id='word_1_266' title='bbox 606 2497 870 2544; x_wconf 87' lang='lat' dir='ltr'>Christianis.</span> <span class='ocrx_word' id='word_1_267' title='bbox 910 2498 955 2543; x_wconf 81' lang='lat' dir='ltr'>Et</span> <span class='ocrx_word' id='word_1_268' title='bbox 985 2515 1088 2544; x_wconf 89' lang='lat' dir='ltr'>tunc</span> <span class='ocrx_word' id='word_1_269' title='bbox 1122 2498 1303 2561; x_wconf 88' lang='lat' dir='ltr'>quidam</span> <span class='ocrx_word' id='word_1_270' title='bbox 1328 2500 1584 2546; x_wconf 87' lang='lat' dir='ltr'>Sarracenus</span> <span class='ocrx_word' id='word_1_271' title='bbox 1609 2502 1727 2547; x_wconf 88' lang='lat' dir='ltr'>venit</span> <span class='ocrx_word' id='word_1_272' title='bbox 1749 2501 1803 2547; x_wconf 90' lang='lat' dir='ltr'>de</span> <span class='ocrx_word' id='word_1_273' title='bbox 1827 2501 1927 2548; x_wconf 80' lang='lat' dir='ltr'>villa</span> <span class='ocrx_word' id='word_1_274' title='bbox 1951 2504 1996 2548; x_wconf 69' lang='grc' dir='ltr'>ὃς</span> 
     </span>
     <span class='ocr_line' id='line_1_36' title="bbox 605 2567 1994 2631; baseline 0.004 -18"><span class='ocrx_word' id='word_1_275' title='bbox 605 2567 725 2627; x_wconf 81' lang='lat' dir='ltr'>dixit,</span> <span class='ocrx_word' id='word_1_276' title='bbox 751 2569 874 2631; x_wconf 91' lang='lat' dir='ltr'>quod</span> <span class='ocrx_word' id='word_1_277' title='bbox 899 2572 1062 2616; x_wconf 87' lang='lat' dir='ltr'>mortui</span> <span class='ocrx_word' id='word_1_278' title='bbox 1081 2588 1217 2630; x_wconf 86' lang='lat' dir='ltr'>erant,</span> <span class='ocrx_word' id='word_1_279' title='bbox 1243 2573 1287 2616; x_wconf 89' lang='lat'>&amp;</span> <span class='ocrx_word' id='word_1_280' title='bbox 1305 2571 1518 2618; x_wconf 86' lang='lat' dir='ltr'>vulnerari</span> <span class='ocrx_word' id='word_1_281' title='bbox 1542 2573 1656 2619; x_wconf 92' lang='lat' dir='ltr'>intus</span> <span class='ocrx_word' id='word_1_282' title='bbox 1682 2574 1791 2620; x_wconf 89' lang='lat' dir='ltr'>ultra</span> <span class='ocrx_word' id='word_1_283' title='bbox 1810 2573 1929 2619; x_wconf 87' lang='lat' dir='ltr'>mille</span> <span class='ocrx_word' id='word_1_284' title='bbox 1948 2575 1994 2619; x_wconf 89' lang='lat'>&amp;</span> 
     </span>
     <span class='ocr_line' id='line_1_37' title="bbox 606 2640 1992 2706; baseline 0.004 -21"><span class='ocrx_word' id='word_1_285' title='bbox 606 2640 868 2704; x_wconf 58' lang='lat' dir='ltr'>octingenti,</span> <span class='ocrx_word' id='word_1_286' title='bbox 892 2642 938 2686; x_wconf 71' lang='grc' dir='ltr'>ὅ(</span> <span class='ocrx_word' id='word_1_287' title='bbox 962 2642 1136 2705; x_wconf 81' lang='lat' dir='ltr'>Pagani,</span> <span class='ocrx_word' id='word_1_288' title='bbox 1165 2643 1235 2704; x_wconf 87' lang='lat' dir='ltr'>qui</span> <span class='ocrx_word' id='word_1_289' title='bbox 1261 2659 1382 2688; x_wconf 88' lang='lat' dir='ltr'>erant</span> <span class='ocrx_word' id='word_1_290' title='bbox 1413 2643 1458 2688; x_wconf 90' lang='lat' dir='ltr'>in</span> <span class='ocrx_word' id='word_1_291' title='bbox 1477 2659 1639 2706; x_wconf 88' lang='lat' dir='ltr'>campo</span> <span class='ocrx_word' id='word_1_292' title='bbox 1665 2660 1766 2690; x_wconf 88' lang='lat' dir='ltr'>cum</span> <span class='ocrx_word' id='word_1_293' title='bbox 1791 2643 1992 2706; x_wconf 80' lang='lat' dir='ltr'>soldanO,</span> 
     </span>
     <span class='ocr_line' id='line_1_38' title="bbox 605 2708 1365 2776; baseline 0.005 -21"><span class='ocrx_word' id='word_1_294' title='bbox 605 2708 861 2757; x_wconf 89' lang='lat' dir='ltr'>defecerunt</span> <span class='ocrx_word' id='word_1_295' title='bbox 887 2713 931 2757; x_wconf 89' lang='lat' dir='ltr'>in</span> <span class='ocrx_word' id='word_1_296' title='bbox 957 2712 1157 2775; x_wconf 89' lang='lat' dir='ltr'>quintam</span> <span class='ocrx_word' id='word_1_297' title='bbox 1181 2729 1365 2776; x_wconf 88' lang='lat' dir='ltr'>partem.</span> 
     </span>
    </p>
   </div>
  </div>
 </body>
</html>
