2216 3435
732 675 1154 735 cAffiQOJxQYMUs

365 856 862 916 ITINERARIUM
908 856 958 915 S.
1007 855 1495 916 WILLIBALDI¹

550 1386 553 1389 “
580 1381 743 1429 RESUL
753 1382 885 1445 igitur
897 1380 1192 1440 willibaldus,
1213 1383 1410 1446 angelice
1424 1386 1622 1432 castitatis

531 1478 554 1524 ‘J
580 1457 720 1517 instar,
738 1460 786 1503 de
798 1476 941 1520 genere
954 1460 1188 1520 cAnglorum
1204 1459 1380 1505 emicuit
1398 1461 1619 1509 oriundus.

581 1533 788 1593 Cumque
806 1532 980 1595 egregie
999 1531 1158 1577 indolis
1176 1550 1284 1595 puer
1306 1550 1409 1579 cum
1429 1536 1621 1582 maxima

360 1649 372 1654 c
402 1598 435 1612 Ἀ
450 1561 570 1653 &3⁶32
582 1621 811 1671 parentum
824 1606 897 1668 spe
910 1606 998 1651 iam
1010 1606 1243 1652 triennium
1256 1607 1490 1668 clauderet,
1503 1628 1619 1656 mor—

241 1677 401 1724 borum
423 1677 722 1724 incommodis
746 1675 888 1722 subito
912 1675 1122 1737 intabuit3
1136 1680 1365 1739 spec‘labile
1388 1685 1474 1726 oris
1499 1685 1618 1730 decus

233 1752 337 1812 feda
371 1768 569 1797 tenuatum
601 1753 727 1796 macie
760 1751 959 1809 defloruit.
992 1748 1182 1795 Ulcerati
1215 1747 1370 1797 dolore
1402 1769 1618 1817 parentes,

241 1820 364 1884 quod
388 1822 566 1867 unicum
592 1838 697 1868 tunc
720 1819 916 1879 restabat,
946 1838 1045 1866 eum
1068 1824 1135 1866 vix
1151 1823 1297 1883 patulo
1321 1841 1389 1868 ore
1418 1832 1510 1870 ae'ra
1532 1844 1618 1873 tra-

239 1897 389 1940 hentem
414 1892 587 1939 ecclesie
607 1892 852 1950 inferentes,
877 1907 979 1937 ante
1010 1890 1287 1938 adorandam
1305 1894 1499 1942 sanciam
1524 1914 1618 1945 cru-

239 1981 336 2010 cem
355 1964 604 2027 posuerunt‚
629 1965 675 2009 &
693 1961 720 2008 si
743 1962 800 2008 ad
833 1963 1012 2008 salutem
1037 1980 1309 2021 recrearetur,
1347 1984 1448 2012 eum
1473 1967 1618 2017 divine

238 2034 583 2098 mancipandum
597 2035 785 2082 servituti
802 2032 1084 2081 devoverunt.
1105 2035 1181 2080 Piis
1204 2036 1343 2082 statim
1358 2039 1470 2084 votis
1491 2038 1616 2086 effec-

239 2122 331 2152 tum
348 2105 627 2166 merentibus,
646 2123 783 2169 puero
802 2125 888 2151 cum
896 2107 1037 2169 salute
1045 2110 1165 2169 prior
1184 2112 1270 2152 oris
1283 2110 1464 2155 decentia
1477 2113 1615 2172 rediit,

237 2179 283 2224 &
299 2176 494 2225 absolute
506 2176 745 2226 valetudini
759 2177 1062 2224 reconciliatus
1073 2185 1322 2240 prematuris
1330 2182 1492 2244 pollere
1511 2188 1616 2245 cepit

238 2253 464 2297 virtutibus.

301 2324 344 2368 11.
371 2322 474 2368 Hoc
505 2321 635 2385 igitur
671 2321 820 2367 omine
847 2338 1037 2382 parentes
1061 2324 1193 2367 ‘Deum
1230 2323 1388 2383 aliquid
1410 2328 1546 2386 magni
1571 2330 1613 2371 in

235 2410 342 2438 tante
367 2394 516 2439 indolis
533 2411 659 2454 puero
679 2410 930 2454 operaturum
944 2397 1229 2455 percipientes,
1257 2392 1331 2439 fibi
1350 2411 1441 2439 non
1462 2395 1611 2443 defue-

236 2479 350 2522 runt,
381 2461 453 2509 sed
476 2462 615 2509 filium
640 2464 761 2509 suum
786 2465 856 2510 vix
882 2465 1214 2526 quinquennem
1238 2466 1500 2514 monachice
1531 2467 1611 2514 dis-

236 2535 427 2580 trics'tioni
452 2533 572 2598 apud
596 2535 906 2581 monasterium
931 2537 1156 2580 Waltlzeim
1182 2534 1362 2596 dietum,
1389 2537 1463 2585 sub
1482 2558 1611 2586 vene·
1632 2551 1808 2582 Waltheim.

236 2604 377 2651 tando
402 2604 558 2652 abbate
582 2606 837 2670 Egilward0‚
868 2605 1189 2653 dedicaverunt.
1216 2609 1378 2655 Litteris
1403 2628 1510 2675 ergo
1535 2629 1611 2675 ap·
1755 2625 1758 2627 ’

236 2676 406 2740 plicitus
431 2694 511 2724 nec
529 2695 808 2725 momentum
833 2681 1040 2742 temporis
1065 2681 1158 2726 otio
1186 2678 1370 2738 indulsit,
1396 2681 1468 2728 sed
1494 2681 1611 2730 brevi

266 2817 276 2838 ι
294 2808 380 2845 Quae
398 2806 518 2841 Italicis
537 2806 689 2854 impressa
710 2808 781 2841 sunt
794 2808 882 2856 typis
896 2808 927 2843 in
943 2809 1009 2842 sola
1022 2808 1182 2855 anonymi
1196 2809 1353 2845 relatione
1369 2811 1607 2857 repperiuntur.
