2216 3435
524 200 615 263 396
1099 213 1319 247 ARCULFI

572 352 638 392 est.
660 378 711 382 ——
739 353 806 393 De
834 353 967 394 mensa
988 353 1026 394 &
1048 368 1113 394 ara
1133 354 1171 394 &
1194 354 1382 408 plateola.
1404 354 1516 396 Inter
1537 356 1746 397 ecclefiam
1769 357 1899 399 Cons-

570 413 834 452 tantinianam
856 413 893 453 δι
914 411 1160 454 Iherusalem
1182 414 1353 455 habetur
1374 416 1507 456 mensa
1528 415 1662 470 lignea
1693 431 1788 456 cum
1819 417 1900 458 alta

566 487 634 513 ara
654 472 692 512 ἃ
715 472 902 526 plateola,
934 474 972 513 in
999 488 1078 526 qua
1111 474 1175 513 die
1197 473 1235 514 &
1256 475 1378 515 noete
1409 475 1616 529 lampades
1650 491 1732 516 non
1766 478 1900 518 extin-

564 543 726 587 guntur.
747 557 799 562 ——
830 532 931 573 Haec
952 534 1075 573 verba
1085 532 1230 587 figura:
1248 534 1307 574 illi
1324 534 1547 589 iunguntur,
1568 551 1680 589 quam
1702 536 1831 577 videre
1851 538 1899 592 ‹st

590 623 598 631 .
625 605 708 645 149.

512 653 536 693 l.
558 603 622 706 53,
643 651 798 691 dietum
819 653 913 705 ‘3⁸4’st
932 653 982 692 A.

513 712 538 753 l.
559 723 623 764 24,
643 720 800 751 cereata
821 711 875 750 X.
898 711 1046 766 Definit
1065 711 1116 751 A.

515 772 540 812 l.
561 783 625 823 25,
646 770 742 823 quia
770 771 812 809 Y.

514 830 540 871 l.
561 831 624 881 26,
646 840 727 869 tam
749 829 817 869 vili
838 828 1081 882 figuratione
1104 830 1159 871 X.

515 888 540 930 l.
561 889 625 939 28,
657 888 729 928 loco
762 889 901 942 utique
923 919 931 928 .
949 920 957 929 .
980 919 988 928 .
1011 919 1019 928 .
1041 887 1220 941 ecclefia,
1251 889 1362 930 hahet
1380 890 1450 931 X:
1482 901 1551 931 aut
1585 890 1696 945 quod
1732 891 1899 944 propius

567 953 757 1003 ecclefia5
785 955 926 995 Yvero
946 965 1014 994 aut
1035 969 1125 1008 quae
1148 955 1316 1009 propius
1339 969 1373 995 e.

1112 1099 1152 1144 P.
1185 1110 1298 1160 150:

512 1249 535 1290 l.
562 1260 640 1303 1-3,
656 1249 749 1304 deest
767 1248 817 1287 X
817 1266 829 1297 3
848 1249 885 1287 in
913 1249 952 1287 Y
967 1256 1087 1288 autem
1107 1246 1239 1305 desunt
1255 1245 1281 1286 l.
1303 1245 1382 1297 1-6,
1403 1245 1516 1303 usque
1537 1244 1591 1284 ad
1611 1243 1797 1285 vocabula
1828 1244 1898 1285 ad-

565 1309 730 1349 volutus
752 1307 820 1348 est.

512 1369 537 1410 l.
558 1369 595 1420 6,
618 1367 863 1421 sepulturam
885 1367 951 1416 Χ,
971 1391 1023 1396 ——
1043 1365 1299 1407 trudentibus
1321 1366 1375 1406 X.

513 1428 537 1469 l.
560 1440 597 1482 7,
618 1442 697 1482 que
718 1428 773 1468 X

512 1487 537 1530 l.
558 1502 595 1542 9,
618 1487 729 1527 dolat
751 1486 836 1526 add.
860 1486 998 1541 Xpost
1017 1485 1273 1539 quadratum.

512 1548 538 1588 l.
564 1560 623 1598 10,
644 1546 815 1599 desuper
837 1544 984 1598 scripta
1004 1546 1059 1587 X

512 1608 537 1649 l.
559 1607 623 1658 26,
644 1606 791 1646 rubeus
811 1606 867 1656 X,
894 1606 938 1646 Y.

512 1668 538 1709 l.
559 1667 623 1718 28,
643 1667 737 1721 deff}
756 1666 812 1716 X,
835 1666 878 1705 Υ.

512 1728 536 1769 l.
559 1740 622 1782 30,
644 1726 751 1766 illius
772 1726 826 1766 X.

1109 1876 1151 1921 P.
1189 1886 1303 1938 151:

510 2022 535 2062 l.
562 2033 594 2072 1,
616 2028 887 2060 rememorate
910 2019 974 2068 Χ,
994 2042 1047 2047 -
1067 2016 1288 2057 anastaseos
1310 2016 1363 2056 X.

511 2081 535 2120 l.
557 2092 594 2132 2,
614 2080 729 2119 denuo
748 2079 876 2132 incipit
893 2079 944 2118 A.

509 2142 535 2182 l.
557 2153 594 2194 3,
615 2154 637 2179 a
657 2141 822 2179 dextera
842 2138 933 2178 coh.
956 2138 1058 2190 parti
1082 2137 1136 2178 X.

509 2201 535 2242 l.
555 2214 594 2253 4,
615 2199 789 2239 Domini
811 2199 904 2253 deq}
924 2198 978 2238 X.

509 2261 534 2302 l.
556 2272 594 2312 5,
613 2259 707 2314 deest
727 2258 782 2309 Χ,
809 2259 852 2298 Y.

509 2320 534 2360 1.
557 2331 593 2373 7,
613 2318 817 2357 vocitatur
837 2316 901 2364 A‚·
921 2316 961 2355 in
983 2317 1077 2367 deest
1095 2315 1146 2356 A.

509 2378 534 2420 l.
556 2379 593 2430 8,
614 2391 714 2417 enea
734 2376 789 2416 X.

508 2438 533 2479 l.
554 2451 592 2492 c),
614 2438 754 2491 pendit
776 2437 836 2486 X;
858 2451 938 2490 que
959 2436 1010 2477 A.

508 2498 534 2538 l.
559 2508 692 2551 13-22,
713 2497 846 2554 desunt
863 2498 914 2536 A.

509 2557 535 2599 l.
561 2569 620 2609 15,
641 2570 818 2611 quorum
839 2556 894 2597 X.

508 2616 534 2658 l.
559 2617 618 2668 16,
639 2614 805 2656 effertur
826 2615 876 2655 X
882 2634 895 2666 3
913 2639 965 2645 —
985 2615 1147 2656 interim
1166 2615 1260 2669 deest
1279 2614 1333 2654 X.

509 2676 535 2718 l.
561 2689 621 2731 17,
640 2674 808 2717 ecclesie
827 2676 920 2732 deest
939 2676 993 2716 X.

512 2736 538 2778 l.
562 2736 622 2790 18,
642 2735 766 2790 usque
786 2735 842 2777 X.
