2216 3435
661 114 746 144 102
1068 114 1366 148 ANTONINUS
1393 116 1626 148 MARTYR

650 254 747 314 fuit,
781 273 904 318 paret
935 275 1061 304 cruor
1084 259 1303 322 sanguinis
1336 260 1378 304 in
1405 260 1493 322 ipsa
1518 277 1654 322 petra.
1695 264 1737 306 ln
1762 261 1894 307 latere
1918 280 2039 325 petre

650 327 708 371 est
732 330 862 374 altare
887 333 1069 386 cstbralze,
1110 329 1183 375 ubi
1220 330 1311 376 ibat
1336 331 1493 378 Offerre
1522 334 1644 380 Isaac.
1679 333 1734 380 lbi
1768 337 1812 380 ὃς
1844 337 2038 381 Melchi-

636 401 763 459 sedec
793 398 951 446 obtulit
968 405 1238 463 sacrificium,
1273 404 1454 466 quando
1490 404 1712 453 Abraham
1747 406 2039 454 revertebatur

650 487 751 516 cum
790 472 972 518 vicloria
1014 491 1037 518 a
1077 473 1185 519 cede
1219 476 1444 522 Amelech.
1484 478 1611 524 Tunc
1647 478 1811 525 ibidem
1848 477 1969 524 dedit
2001 479 2039 522 ei

650 541 875 589 Abraham
901 562 1081 590 omnem
1110 544 1455 593 decimationem
1487 550 1526 595 in
1555 550 1722 598 hostias.
1751 554 1866 596 quta
1904 550 2038 595 altare

648 614 705 659 est
731 629 1001 678 crepatura‚‘¹
1025 616 1099 663 ubi
1125 619 1254 680 ponis
1281 637 1430 665 aurem
1455 622 1498 665 &
1523 620 1670 667 audies
1695 621 1877 668 flumina
1904 638 2037 683 aqua-

647 704 757 745 rum,
794 690 839 733 ὅς
876 687 902 733 fi
944 690 1076 734 iacias
1121 690 1300 749 malum,
1346 708 1531 753 pomum
1574 710 1648 738 aut
1690 693 1870 755 aliquid,
1913 692 2037 755 quod

646 775 793 805 natare
817 761 972 822 potest,
998 763 1043 806 δε
1071 760 1192 807 vadis
1212 761 1266 807 ad
1286 762 1450 808 Siloam
1471 764 1659 821 fontem,
1682 768 1726 811 ὃς
1745 764 1804 811 ibi
1827 765 2035 827 suscipies.

647 832 756 876 Inter
776 832 939 877 Siloam
968 834 1013 878 ὃς
1034 833 1316 897 Golgotham
1334 834 1467 880 credo
1494 834 1578 880 effe
1603 837 1863 882 milliarium.
1878 837 2035 881 I-liero-

645 902 812 962 solyma
837 921 1000 966 aquam
1034 906 1180 951 vivam
1213 923 1305 950 non
1336 904 1466 953 habet
1495 924 1638 970 preter
1662 908 1826 954 Siloam
1853 909 2035 954 fontem.

777 1066 871 1112 XX.
909 1069 1088 1129 ‘Basilica
1118 1070 1383 1129 Couslantim',
1413 1070 1638 1114 cubiculum
1664 1087 1749 1114 cum
1775 1088 1901 1114 cruce.

710 1210 779 1254 De
805 1209 1037 1273 Golgotha
1075 1211 1207 1273 usque
1233 1209 1289 1256 ad
1314 1211 1479 1267 locum,
1506 1210 1578 1256 ubi
1602 1213 1782 1260 inventa
1806 1229 1896 1258 erat
1920 1229 2036 1271 crux,

644 1281 742 1325 sunt
754 1279 918 1344 gressus
939 1283 1275 1346 quinquaginta.
1298 1286 1340 1328 ln
1361 1286 1520 1346 bufilica
1532 1286 1782 1344 Consi‘cmtini
1801 1284 2037 1330 coherente

644 1350 757 1396 circa
782 1369 1125 1399 monumentum
1145 1355 1213 1401 vel
1232 1355 1478 1417 Golgotba,
1499 1356 1541 1399 in
1563 1356 1673 1400 atrio
1698 1354 1826 1417 ipsius
1851 1353 2036 1414 baffiice,

643 1422 702 1466 est
725 1426 962 1481 cubiculum,
998 1429 1065 1470 ubi
1091 1428 1406 1488 ligmunsuncfle
1431 1432 1563 1471 crucis
1588 1426 1778 1489 positum
1811 1427 1883 1486 est,
1914 1426 2037 1490 quod

643 1493 922 1542 adoravimus
948 1499 993 1542 ὃ(
1013 1498 1190 1543 osculati
1218 1498 1387 1555 sumus3
1413 1516 1517 1544 nam
1536 1501 1580 1543 ὃς
1601 1499 1788 1557 titulum,
1821 1500 1895 1561 qui
1914 1500 2038 1561 super

644 1583 776 1629 caput
811 1568 896 1613 Iesu
931 1567 1095 1632 pofitus
1134 1587 1237 1627 erat,
1276 1569 1348 1615 δεῖ)
1371 1571 1414 1614 in
1453 1587 1542 1631 quo
1579 1571 1785 1633 scriptum
1815 1571 1896 1616 est:
1929 1574 2038 1632 Iesus

642 1641 925 1698 Qayarenus,
952 1659 1020 1685 rex
1043 1643 1268 1698 Judeorum,
1299 1639 1389 1686 vidi
1419 1643 1462 1686 ὃς
1488 1642 1531 1685 in
1558 1659 1690 1686 manu
1720 1659 1818 1687 mea
1842 1643 1961 1688 tenui
1991 1644 2037 1687 ὃς

642 1709 857 1755 osculatus
883 1712 988 1758 sum.
1028 1711 1169 1775 Qiod
1193 1713 1365 1775 lignum
1399 1714 1536 1757 crucis
1573 1712 1628 1758 de
1654 1730 1765 1758 nuce
1790 1713 1859 1759 est.
1889 1715 2038 1759 Proce—

642 1779 772 1827 dente
808 1783 953 1829 sancffa
985 1801 1113 1829 cruce
1145 1783 1200 1829 ad
1231 1783 1511 1829 adorandum
1545 1783 1598 1829 de
1634 1783 1838 1830 cubiculo
1876 1786 1951 1831 suo
1993 1788 2038 1831 &

642 1853 844 1899 veniente
890 1855 932 1899 in
972 1856 1145 1913 atrium,
1199 1854 1272 1901 ubi
1314 1854 1535 1915 adoratur,
1579 1855 1736 1902 eadem
1775 1857 1883 1902 bora
1922 1857 2039 1903 stella

642 1941 824 1987 apparet
858 1927 901 1971 in
933 1927 1028 1972 celo
1055 1930 1099 1972 ὃς
1124 1928 1243 1973 venit
1275 1927 1400 1990 super
1423 1927 1588 1986 locum,
1630 1927 1703 1974 ubi
1736 1946 1839 1974 crux
1871 1928 2036 1974 residet.

643 1996 688 2041 Et
713 1996 819 2042 dum
845 1997 1058 2044 odoratur
1084 2016 1200 2057 crux,
1226 1999 1305 2043 stat
1329 1999 1455 2061 supra
1480 2018 1579 2044 eam
1604 2000 1734 2059 stella,
1765 2003 1810 2046 ὃς
1836 2000 2035 2046 offerturc

644 2068 791 2114 oleum
822 2068 878 2114 ad
902 2068 1260 2116 benedicendum
1297 2071 1498 2133 ampullis
1540 2071 1724 2132 mediis3
1772 2072 1880 2117 hora
1916 2090 2037 2131 vero,

643 2157 730 2201 qua
763 2142 950 2205 tetigerit
985 2143 1155 2205 lignum
1194 2143 1332 2188 crucis
1374 2142 1448 2187 has
1481 2143 1709 2206 ampullas,
1747 2161 1853 2189 mox
1889 2142 2040 2189 ebullit

643 2212 791 2257 oleum
817 2213 946 2273 foras>
982 2217 1027 2259 ὃς
1058 2213 1132 2260 nisi
1159 2215 1282 2259 citius
1314 2214 1588 2273 claudantur,
1620 2232 1764 2260 totum
1798 2215 2040 2261 refunditur

643 2284 770 2329 foras.
819 2285 1075 2332 Revertente
1114 2303 1240 2331 cruce
1276 2287 1320 2331 in
1359 2286 1510 2331 locum
1548 2287 1683 2346 suum,
1723 2288 1841 2333 stella
1879 2289 2040 2351 pariter

643 2357 881 2415 revertitur,
912 2359 956 2402 &
996 2358 1094 2420 post
1129 2358 1339 2403 reclusam
1381 2375 1559 2403 crucem
1590 2359 1699 2404 ultra
1738 2377 1831 2404 non
1857 2375 2040 2422 apparet

642 2428 771 2473 stella.
804 2428 934 2473 Etiam
972 2428 1032 2474 ibi
1067 2430 1126 2475 est
1150 2430 1336 2493 spongia
1360 2432 1404 2475 ὃ(
1431 2447 1587 2489 canna,
1622 2429 1676 2475 de
1702 2429 1857 2492 quibus
1882 2431 2039 2494 legitur

641 2501 685 2545 in
721 2499 971 2563 Evangelio,
999 2500 1053 2546 de
1080 2519 1165 2563 qua
1192 2502 1379 2565 spongia
1405 2519 1567 2563 aquam
1598 2500 1801 2547 bibimus.
1829 2500 1887 2548 lbi
1913 2502 1970 2547 est
1994 2504 2039 2547 ὃς

644 2571 754 2617 calix
789 2572 1047 2632 onychinus,
1086 2591 1220 2635 quem
1249 2571 1472 2618 benedixit
1502 2574 1547 2618 in
1582 2590 1691 2618 cena
1727 2574 1962 2631 Dominus,
1994 2575 2039 2618 ὃς

693 2733 721 2753 a.
750 2722 800 2755 G..
826 2719 859 2753 in
878 2720 955 2755 aliis
979 2721 1042 2765 mff
1055 2721 1170 2766 cripta,
1193 2716 1382 2765 scriptasi—
1400 2723 1429 2754 b.
1447 2721 1632 2762 Aufidia.
1656 2742 1696 2746 —-
1717 2734 1744 2755 c.
1761 2724 1812 2765 G„
1831 2721 1875 2755 al.
1891 2721 2038 2756 affertur.
