2216 3435
167 706 192 726 c.
208 705 257 733 27.

656 253 722 285 DE
758 253 968 287 ITINERE
1003 253 1270 287 FRisoNUM.
1590 242 1642 289 61

276 400 460 464 scopulis
484 400 711 463 preclusuS,
740 400 964 462 quandam
988 399 1042 446 de
1066 399 1246 447 navibus
1272 401 1421 447 nostris
1448 418 1538 447 non
1564 401 1649 448 fine
1671 423 1748 452 1217

275 488 440 534 magno
458 471 651 534 periculo
671 473 850 534 recepit,
872 487 1011 517 cetere
1029 489 1131 517 vero
1146 488 1261 518 extra
1276 487 1454 534 portum
1467 473 1510 518 in
1526 473 1648 518 cons—

274 545 403 606 pecstu
443 542 723 604 scopulorum
763 542 962 588 anchoris
1003 542 1128 587 miffis
1164 544 1209 587 in
1250 543 1443 606 angustia
1484 544 1648 606 spiritus

276 617 453 659 noc‘tem
477 629 723 676 exegerunt.
748 614 877 659 Mane
904 631 1050 659 autem
1078 614 1193 659 fafio
1213 614 1349 660 ventis
1374 612 1649 662 suadentibus

276 686 431 730 iterum
481 685 560 730 iter
599 701 919 746 attemptantes,
958 684 1030 730 secl
1072 701 1179 731 voto
1222 683 1421 743 fraudati,
1473 702 1650 746 portum

275 755 403 801 Silere
420 756 686 813 intravimus,
709 754 782 801 ubi
797 757 840 801 in
861 757 1045 820 grangia
1065 757 1210 819 portui
1227 755 1427 818 proxima
1445 754 1650 801 abbatem

275 825 329 872 de
353 825 548 872 Alcubaz
582 826 743 872 ordinis
774 826 1060 872 Cistercienfis
1086 837 1096 856 ¹
1117 828 1374 873 invenimus.
1412 828 1451 870 A
1481 843 1570 888 quo
1596 826 1650 872 cle

274 897 348 943 situ
374 914 481 943 terre
505 900 550 944 ὃς
575 914 785 961 portuum
815 896 1067 943 difficultate
1103 898 1238 943 multa
1261 896 1515 942 audivimus.
1559 898 1651 960 Qui

273 970 405 1014 etiam
434 969 544 1014 inter
575 985 716 1015 cetera
750 967 875 1014 nobis
910 969 1065 1027 retulit,
1109 969 1288 1030 qualiter
1318 968 1516 1030 magister
1540 970 1649 1031 regis

273 1039 326 1086 de
350 1040 529 1086 Maroch
565 1040 620 1085 ad
657 1039 791 1086 fidem
832 1040 1021 1085 nostram
1056 1040 1286 1086 conversus
1319 1039 1468 1101 palam
1500 1056 1650 1085 coram

271 1129 373 1175 rege
397 1110 650 1174 predicavit,
677 1129 860 1175 regnum
889 1110 1013 1174 ipsius
1036 1111 1168 1156 finem
1193 1109 1441 1156 habiturum
1467 1112 1511 1155 in
1545 1128 1649 1174 pro-

269 1184 400 1229 ximo.
440 1183 547 1245 Quo
572 1182 628 1228 ad
651 1182 806 1228 iussum
830 1184 940 1246 regis
959 1183 1203 1240 interfecto,
1225 1181 1345 1227 filius.
1364 1183 1451 1227 eius
1483 1183 1528 1226 in
1552 1182 1648 1246 lege

271 1253 536 1301 dofflffimus
572 1253 706 1299 fidem
737 1254 1007 1299 christianam
1030 1252 1204 1316 publice
1229 1251 1456 1316 professus,
1498 1270 1648 1299 contra

269 1325 414 1388 legem
449 1326 559 1388 regis
601 1324 922 1387 prudentiffime
966 1324 1196 1387 disputavit
1231 1327 1275 1369 ὃς
1310 1323 1364 1369 de
1398 1324 1485 1369 fine
1526 1326 1648 1387 regni

269 1395 395 1459 ipfius
413 1414 465 1441 ex
484 1395 605 1441 diffls
622 1406 640 1425 2
656 1396 971 1459 prophetarum
993 1394 1268 1458 probabilem
1287 1395 1463 1458 collegit
1482 1396 1648 1440 senten—

271 1468 395 1527 tiam3
410 1468 484 1530 qui
502 1466 688 1513 secunda
705 1466 773 1512 die
788 1467 905 1512 mille
918 1467 1077 1512 lanceis
1092 1465 1314 1511 confossus
1332 1467 1502 1512 interiit.
1513 1467 1648 1512 Cuius

272 1557 344 1584 rex
369 1556 526 1601 corpus
565 1555 665 1583 cum
701 1540 744 1583 in
769 1537 1001 1584 immundo
1025 1538 1128 1583 loco
1159 1538 1299 1600 proici
1325 1536 1503 1596 iuberet,
1548 1539 1646 1584 Deo

270 1611 444 1657 volente
485 1609 601 1654 nulla
635 1626 807 1672 poterat
846 1627 934 1655 arte
967 1610 1147 1656 moveri.
1191 1609 1297 1672 Quo
1335 1609 1546 1654 miraculo
1577 1627 1648 1654 rex

270 1681 480 1738 confusus,
518 1680 729 1725 christiani
765 1678 957 1725 roborati
992 1681 1035 1725 in
1070 1696 1253 1739 tantum,
1295 1697 1340 1726 ut
1376 1678 1430 1725 ab
1466 1680 1540 1725 illo
1579 1679 1648 1726 die

269 1751 442 1815 publice
468 1750 611 1797 miffas
646 1750 924 1808 celebrarent,
962 1754 1006 1796 ὃς
1040 1750 1235 1797 ecclesias
1275 1752 1570 1797 construerent
1602 1753 1647 1797 in

270 1824 440 1869 civitate
464 1822 656 1868 Maroch.
694 1823 787 1867 Hiis
822 1823 951 1885 igitur
991 1825 1035 1867 ὃς
1060 1823 1254 1885 plurimis
1285 1821 1339 1869 ab
1380 1839 1433 1868 eo
1476 1822 1645 1882 auditis,

268 1912 447 1958 portum
470 1894 597 1939 Silere
625 1902 639 1931 3
659 1895 789 1938 tercia
825 1894 928 1939 feria
961 1894 1057 1956 post
1093 1894 1244 1939 festum
1269 1893 1504 1939 Alexandri
1535 1912 1644 1940 mar·
1663 1910 1781 1938 inin.

269 1967 368 2025 tyris
397 1966 655 2026 linquentes,
691 1965 803 2010 sexta
830 1965 933 2009 feria
962 1966 1160 2026 proxima
1185 1964 1468 2012 Ulixibonam
1492 1983 1644 2028 perve-
1666 1984 1720 2013 101.
1740 1993 1785 2022 14.

268 2039 422 2082 nimus.
446 2038 514 2082 De
539 2037 658 2081 cuius
674 2034 747 2081 situ
774 2035 963 2097 quedam
983 2052 1162 2098 propter
1184 2036 1427 2093 utilitatem,
1454 2036 1645 2099 quedam

267 2124 446 2171 propter
477 2106 813 2153 deledlationem
851 2108 1130 2153 anneclimus.
1172 2107 1232 2152 Est
1258 2108 1387 2170 igitur
1411 2107 1646 2154 Ulixibona

267 2181 414 2226 civitas
431 2179 652 2241 Hispanie‚
679 2179 886 2224 terminus
911 2179 1108 2243 gentium
1133 2180 1178 2224 ὃς
1202 2177 1388 2237 ecclesie,
1410 2179 1490 2224 ritu
1512 2182 1644 2225 veteri

267 2249 339 2296 fita
360 2252 405 2297 in
431 2266 597 2309 monte,
618 2248 671 2295 ab
692 2250 816 2297 Ulixe
837 2252 882 2295 ὃς
900 2249 1066 2295 Achille
1088 2249 1283 2306 condita,
1311 2249 1432 2312 quod
1454 2249 1645 2313 probant

267 2323 443 2384 antiqua
458 2320 640 2379 edificia,
655 2322 809 2366 Turres
830 2337 992 2367 veteres
1011 2321 1244 2383 appellata,
1266 2324 1310 2367 &
1328 2338 1463 2384 pagus
1477 2322 1643 2367 vicinus

267 2393 428 2439 Achele
453 2409 630 2439 vocatus
660 2391 715 2439 ab
740 2393 920 2438 Achille.
963 2393 1112 2455 Caput
1143 2409 1290 2438 autem
1314 2394 1495 2439 civitatis
1518 2393 1643 2457 ipsius

267 2464 476 2510 circulum
496 2464 681 2526 implens
701 2481 827 2509 muro
847 2466 891 2510 ὅς
912 2463 1095 2510 turribus
1115 2464 1224 2523 altis,
1252 2464 1458 2510 verticem
1484 2467 1642 2511 montis

265 2535 443 2600 pulchre
462 2552 661 2594 coronat,
686 2533 758 2581 ubi
775 2536 831 2581 est
849 2535 1008 2582 domus
1029 2536 1285 2599 episcopalis
1306 2538 1350 2581 ὃς
1370 2536 1500 2582 sedes.
1527 2537 1640 2582 Cor-

316 2718 328 2738 1
347 2708 386 2739 A.
407 2705 624 2739 Sistercienfis.
648 2726 693 2731 —-
719 2721 737 2740 2
756 2719 795 2740 ex
814 2707 907 2741 distis
1045 2719 1059 2747 3
1087 2708 1284 2750 Sequebatur
1323 2707 1530 2748 intravimus,
1557 2707 1638 2741 dele-

265 2759 313 2792 bis
321 2760 502 2804 secundum
518 2759 654 2793 deletum
671 2760 704 2793 in
722 2762 759 2795 A.
994 2767 1058 2794 tum
1077 2760 1109 2794 in
1129 2762 1166 2794 A.
