2216 3435
325 192 515 225 XIV-XV.
544 189 852 223 DESCRIPTIO
880 188 1198 221 PARROCHJAE
1224 188 1525 221 IERUSALEM.
1603 174 1628 219 ii

236 333 368 388 fustus
389 340 534 371 narrat
564 329 789 370 Guillelmus
813 328 963 382 Tyrius,
983 329 1046 380 qui
1058 337 1174 381 papae
1194 327 1339 366 litteras
1368 328 1409 366 de
1437 329 1551 366 verbo
1578 329 1633 366 ad

249 397 409 436 verbum
415 395 505 453 suae
521 394 676 449 historice
691 394 861 451 inseruit,
875 404 982 446 atque
997 393 1038 432 de
1059 392 1217 444 antiquis
1229 391 1438 432 Antiocheni
1446 394 1628 447 patriar-

247 461 376 502 chatus
396 460 574 500 limitibus
595 475 638 499 ac
659 459 835 514 divisione
856 458 1042 512 differuit,
1057 467 1185 512 pauca
1206 457 1377 509 quaedam
1407 459 1455 497 ab
1477 459 1630 511 antiqua

248 525 379 578 aliqua
413 524 540 564 notitia
571 533 775 573 mutuatus,
804 537 886 574 quae
918 537 985 561 non
1007 521 1087 561 alia
1107 536 1218 573 quam
1239 521 1359 575 nostra
1379 521 1434 574 eff
1437 537 1451 560 e
1467 522 1628 562 videtur.

301 590 381 630 Illa
411 604 508 642 ergo,
537 604 648 641 quam
675 588 798 641 praelo
814 587 1054 642 subiecimus,
1085 586 1260 636 Notitia,
1279 586 1379 626 illius
1412 587 1534 627 aetatis
1559 587 1630 640 ff

245 655 413 705 videtur,
451 669 525 706 qua
572 652 704 693 Graeci
734 653 772 691 in
805 651 1010 706 Palaestina
1048 652 1156 692 etiam
1189 651 1489 691 dominabantur.
1522 652 1628 705 „Quin

246 720 353 760 etiam
376 735 471 759 anno
500 731 522 771 5
527 731 577 772 53
588 718 777 775 scriptam
798 718 870 772 effe
891 718 1104 768 dixerimus,
1117 717 1157 772 st
1176 717 1277 756 modo
1297 717 1517 772 quibusdam
1538 733 1629 757 ver-

247 785 314 836 bis,
335 783 554 824 Antiocheni
568 783 858 838 patriarchatus
877 782 1152 838 descriptionem
1160 782 1412 838 sequentibus,
1432 783 1631 823 tribuenda

238 849 295 905 stt
298 849 407 904 fides.
428 848 489 888 Ex
504 848 633 900 quibus
647 849 884 902 comperimus
896 848 1005 888 illam
1021 863 1159 888 novam
1173 847 1382 903 divisionem
1397 849 1433 888 in
1452 847 1631 903 Corfian-

247 914 485 969 tinopolitano
503 913 663 963 concilio,
691 913 751 953 hoc
772 928 868 953 anno
898 913 1091 963 celebrato,
1120 914 1303 953 decretam
1318 913 1456 967 fuiffi‘.
1490 912 1630 953 Faten-

248 980 335 1019 dum
356 989 478 1019 tamen
499 977 594 1018 nihil
609 978 684 1018 tale
703 979 740 1017 in
762 978 904 1031 concilij
923 978 1012 1018 altis
1030 993 1091 1018 nos
1110 979 1304 1033 invenisse,
1322 993 1385 1017 nec
1405 979 1442 1017 in
1470 979 1631 1018 omnibus

247 1044 454 1086 Notitiam
470 1058 550 1083 cum
569 1042 867 1096 Descriptione,
882 1058 965 1095 quae
974 1043 1169 1097 praecedit,
1184 1059 1393 1096 congruere,
1410 1043 1632 1099 Quodscire

249 1109 387 1149 volenti
418 1109 674 1160 cuiuscumque
718 1108 924 1162 metropolis
965 1107 1124 1162 ecclefias
1160 1108 1380 1164 episcopales
1422 1118 1632 1162 computare

239 1174 419 1231 sufficiet.
441 1174 488 1214 In
507 1172 795 1227 Descriptione
805 1173 883 1230 sub
900 1172 1081 1228 Caesarea
1095 1184 1144 1225 27
1162 1172 1314 1227 ecclefiae
1324 1173 1431 1228 sunt,
1443 1174 1480 1213 in
1502 1174 1631 1213 Noti-

250 1239 304 1278 tia
325 1247 447 1278 autem
481 1251 553 1292 ¹9³·
590 1238 627 1277 in
650 1236 936 1290 Descriptione
957 1237 1035 1292 sub
1056 1236 1293 1290 Scythopoli
1322 1250 1380 1289 14,
1408 1239 1445 1276 in
1467 1238 1630 1278 Notitia

247 1304 271 1344 8
284 1324 300 1350 ;
327 1304 365 1343 in
387 1301 678 1355 Descriptione
699 1302 845 1342 Petreio
865 1302 1024 1357 episcopo
1031 1302 1291 1357 subiiciuntur
1321 1314 1380 1356 13,
1411 1303 1447 1341 in
1469 1303 1632 1343 Notitia

251 1383 342 1408 vero
377 1379 437 1418 12,
466 1368 503 1407 in
526 1366 813 1420 Descriptione
842 1366 1029 1422 Bostrensi
1047 1378 1111 1420 30,
1139 1367 1176 1406 in
1202 1367 1365 1407 Notitia
1391 1379 1452 1421 34.
1482 1367 1633 1422 Quibus

253 1433 359 1473 addit
372 1432 536 1473 Notitia
553 1444 600 1484 25
617 1432 778 1487 ecclesias
786 1432 1078 1488 suffraganeas.
1098 1432 1222 1484 Atque
1242 1442 1283 1471 ut
1300 1448 1378 1472 rem
1396 1433 1631 1489 adsumma-

250 1499 349 1538 rium
380 1498 609 1551 redigamus,
637 1498 675 1537 in
706 1496 995 1550 Descriptione
1015 1497 1080 1549 84,
1111 1498 1147 1536 in
1168 1497 1332 1537 Notitia
1358 1514 1450 1538 vero
1469 1499 1518 1552 98
1539 1499 1636 1553 sunt

250 1562 414 1618 ecclestae.

302 1627 585 1682 Quidamforte
595 1627 853 1677 mirabuntur,
862 1643 921 1667 nos
933 1628 1176 1680 antiquiorem
1189 1626 1518 1680 Descriptionem
1536 1626 1631 1683 exis-

255 1692 416 1746 timaffi,
433 1707 543 1745 quum
563 1691 727 1732 Notitia
740 1692 914 1745 plurium
926 1693 1107 1732 contineat
1119 1691 1582 1748 ecclestarumnomina,&
1596 1693 1632 1731 in

256 1757 413 1798 Oriente
457 1757 584 1796 multae
624 1755 777 1810 ecclefiae
811 1767 1013 1811 temporum
1038 1757 1211 1811 proceffu
1247 1759 1442 1812 dcstruttae
1473 1757 1631 1809 fuerint.

253 1822 336 1862 Nec
353 1831 474 1862 tamen
490 1820 551 1860 hoc
570 1823 735 1874 nostram
751 1832 899 1862 mutare
910 1822 1027 1876 potuit
1029 1821 1267 1879 sententiam,
1280 1823 1342 1874 qui
1355 1821 1631 1874 Descriptioni

254 1887 365 1926 multo
397 1886 574 1925 maiorem
602 1884 780 1937 fiduciam
802 1901 912 1938 quam
943 1886 1117 1926 Notitiae
1146 1888 1365 1926 tribuamus.
1402 1885 1633 1939 Descriptio

254 1952 348 1991 enim
368 1951 406 1990 in
427 1950 588 1990 omnibus
608 1965 688 1989 cum
708 1949 792 2001 illis,
813 1964 895 2002 quae
915 1951 957 1990 de
980 1950 1191 1998 Palaestinae
1196 1953 1306 2006 statu
1327 1952 1425 1991 nobis
1445 1960 1530 1991 nota
1538 1949 1637 2006 sunt

255 2015 382 2070 optime
401 2014 580 2064 convenit,
601 2014 639 2053 in
660 2013 823 2054 Notitia
836 2029 927 2054 vero
943 2014 1063 2068 plura
1078 2014 1258 2055 intellectu
1273 2015 1443 2071 difficilia
1464 2015 1635 2071 necsatis

248 2081 427 2133 probata.
453 2077 783 2132 Descriptionem
808 2094 892 2132 ergo
906 2079 1024 2133 paulo
1041 2081 1122 2134 post
1141 2079 1428 2136 Chalcedonense
1449 2079 1634 2119 concilium

257 2145 448 2185 redabtam
469 2143 597 2198 fuiffi’
633 2144 842 2198 opinamur,
863 2144 1067 2184 Notitiam
1097 2160 1188 2185 vero
1202 2145 1328 2202 serius
1355 2147 1403 2184 ab
1424 2144 1635 2185 Antiocheno

256 2210 412 2262 quodam
438 2208 644 2264 prejbytero
676 2208 920 2266 conscriptam
942 2210 1083 2264 fuiffi3,
1116 2210 1179 2261 qui
1209 2210 1335 2262 plures
1363 2209 1524 2264 ecclesias
1546 2210 1635 2265 suae

257 2274 407 2330 ecclefiae
429 2274 656 2315 attribuerit.

313 2339 446 2393 Neque
472 2353 563 2379 vero
591 2340 752 2392 nostrum
773 2341 823 2391 est
850 2340 1019 2379 indicare
1038 2339 1182 2394 quaestt
1205 2339 1259 2380 his
1278 2341 1406 2380 libellis
1425 2339 1635 2380 adhibenda

256 2403 367 2451 fides;
385 2404 479 2459 satis
498 2405 572 2444 erit
586 2420 700 2444 unam
721 2405 964 2458 alteramque,
977 2406 1145 2445 maxima
1165 2421 1239 2458 qua
1251 2406 1433 2460 potuimus
1447 2405 1635 2459 diligentia

258 2469 372 2509 denuo
392 2469 592 2523 impreffas
611 2470 791 2521 exhibere,
825 2471 890 2523 qui
907 2471 1044 2511 volenti
1067 2470 1202 2512 Terrae
1229 2471 1371 2510 Santtae
1385 2472 1532 2525 statum
1554 2480 1637 2510 ante

244 2534 389 2590 sacras
429 2535 665 2588 expeditiones
697 2536 903 2593 describere
936 2551 1004 2575 non
1039 2536 1184 2576 minimi
1205 2537 1275 2591 effe
1303 2537 1459 2576 debeant
1490 2536 1636 2588 auxilij.

261 2597 402 2639 Graeca
429 2609 522 2638 certe
556 2600 685 2653 lingua
715 2601 921 2657 conscripta
953 2611 1062 2640 erant
1087 2602 1253 2653 genuina
1283 2611 1406 2653 opera,
1439 2601 1480 2639 de
1508 2601 1637 2651 quibus

445 2687 472 2713 Τ
