2216 3435
553 290 938 323 HODOEPORICON
976 292 1006 323 S.
1039 292 1362 325 WILLIBALDI.
1547 295 1632 340 271

268 446 340 492 secl
360 446 447 490 cito
467 442 493 488 fi
519 445 682 490 venerit
700 443 784 489 fine
805 444 965 501 charta,
986 444 1172 490 tollunt‘1
1195 444 1316 489 illum
1341 446 1453 491 cives
1475 447 1520 490 ὅ(
1541 447 1637 492 mit-

268 533 362 561 tunt
381 515 436 561 ad
456 513 604 560 urbem
624 516 801 574 Tyrum.
832 515 900 560 Ille
919 533 1046 561 mons
1066 516 1122 560 est
1140 516 1250 560 inter
1267 516 1430 575 Tyrum
1449 519 1493 561 ὃ(
1511 518 1636 563 Tala-

267 585 473 632 maidam.
506 585 551 630 Et
574 602 676 630 tunc
700 587 818 631 venit
841 587 996 631 iterum
1021 587 1245 648 episcopus
1270 586 1325 631 acl
1350 587 1506 646 Tyrum.

330 657 560 719 Episcopus
579 655 855 702 Willibaldus
875 659 1006 718 prius,
1031 656 1209 718 quando
1231 658 1379 702 eratin
1401 659 1636 716 Ierusalem,

264 726 436 773 emebat
453 725 526 771 fibi
545 726 786 772 balsamum
800 730 844 772 ὃς
859 727 1075 790 replebath
1101 745 1233 772 unam
1249 727 1517 774 munerbam.
1534 730 1637 774 Tol-

261 799 309 843 lit
327 816 460 843 unam
481 815 651 854 canam,
673 817 755 859 que
775 799 850 843 fuit
869 816 1064 844 concava
1083 801 1127 843 ὅ(
1148 798 1295 843 habuit
1314 800 1464 844 imum.
1481 811 1494 828 ⁶
1521 800 1636 844 Illam

262 869 440 932 replevit
471 868 525 914 de
558 886 677 931 petre
708 869 826 928 oleo,
858 871 902 914 &
936 870 1035 915 fecit
1066 871 1177 915 intus
1212 871 1254 914 in
1288 869 1562 927 munerbam‚
1591 873 1635 916 ὃς

262 940 423 985 secuitd
443 940 561 985 illam
583 957 771 984 cannam
797 957 946 1001 parem
972 939 1193 997 munerbe,
1218 943 1276 986 ita
1302 957 1347 985 ut
1370 943 1413 986 in
1439 943 1635 1005 margine

260 1010 387 1056 ambe
419 1009 554 1056 essent
587 1010 737 1056 similes
768 1011 896 1073 plane
928 1013 973 1055 ὃ(
1003 1010 1056 1056 fic
1081 1011 1312 1056 claudebat
1336 1030 1384 1056 os
1411 1012 1631 1059 munerbe.

260 1082 467 1143 Cumque
492 1081 702 1127 venissent
736 1082 795 1126 illi
829 1081 883 1127 ad
910 1081 1060 1127 urbem
1086 1084 1265 1141 Tyrum,
1300 1083 1358 1127 illi
1385 1084 1496 1128 cives
1522 1083 1634 1129 urbis

260 1153 458 1198 tollentes
478 1171 552 1198 eos
573 1151 925 1215 constringebant
942 1155 986 1198 &
1006 1170 1186 1198 omnem
1204 1154 1374 1198 scirfam
1393 1172 1546 1199 eorum
1563 1172 1632 1200 ex—

259 1223 500 1285 quirebant,
534 1240 579 1268 ut
604 1225 850 1286 reperirent,
888 1222 913 1267 fi
946 1223 1109 1285 aliquid
1141 1222 1384 1269 habuissent
1408 1223 1633 1271 abscondi-

258 1311 364 1353 tum,
393 1297 437 1340 ὅ(
467 1294 493 1339 sl
519 1293 683 1355 aliquid
718 1293 991 1352 invenissent,
1028 1295 1115 1339 cito
1146 1295 1242 1339 illos
1268 1297 1494 1356 punientes
1519 1314 1631 1342 mar-

258 1367 499 1426 tyrizarent.
525 1366 730 1426 Cumque
756 1366 905 1410 omnia
933 1367 1203 1426 exquirentes
1228 1366 1333 1411 nihil
1353 1366 1628 1413 inveniffent³

257 1435 329 1482 nisi
354 1454 487 1482 unam
508 1435 818 1487 fmunerbam,
851 1454 982 1497 quam
1015 1435 1164 1481 habuit
1188 1436 1481 1495 Willibaldus,
1511 1438 1629 1483 illam

255 1509 492 1569 aperientes
520 1506 782 1566 odorabant,
815 1506 937 1568 quod
962 1509 1075 1552 intus
1105 1506 1257 1553 fuisset.
1285 1509 1492 1570 Cumque
1517 1509 1628 1555 odo-

255 1576 406 1624 rabant
430 1595 549 1641 petre
574 1578 735 1636 oleum,
775 1580 876 1640 quia
896 1580 1006 1624 intus
1024 1579 1068 1622 in
1095 1595 1235 1623 canna
1261 1579 1398 1625 fuerat
1422 1580 1560 1642 supra,
1584 1583 1629 1625 ὅς

254 1646 507 1709 balsamum,
540 1651 638 1711 quia
658 1661 679 1688 «ff
724 1651 837 1694 intus
872 1665 963 1694 erat
998 1650 1040 1694 in
1078 1648 1289 1695 munerba
1324 1649 1468 1696 subtus
1510 1669 1628 1713 petre

257 1719 418 1779 oleum,
443 1738 534 1766 non
560 1722 837 1783 reperierunt,
862 1722 906 1765 ὃς
931 1719 985 1765 fic
1009 1738 1082 1765 eos
1108 1720 1381 1783 reliquerunt.

559 1880 709 1924 XXIX.
740 1881 1122 1940 Constantinopolis
1148 1882 1353 1941 Qiceast

321 2000 481 2046 Multos
506 2000 595 2046 dies
620 2018 740 2046 erant
764 1999 821 2045 ibi
845 2001 1137 2062 exspecstantes
1162 2004 1322 2061 navim,
1345 2002 1525 2079 quando
1551 2021 1625 2066 pa-

252 2087 341 2117 rata
363 2072 507 2117 fuerat.
529 2072 573 2116 Et
588 2072 736 2134 postea
755 2088 856 2116 tunc
877 2073 1190 2133 navigaverunt
1210 2085 1372 2119 totam¹
1398 2075 1606 2134 hiemem,
1613 2075 1628 2115 Ῐ

251 2160 275 2187 a
295 2142 425 2187 natali
444 2143 575 2188 saneti
595 2142 768 2187 Andree
787 2142 970 2203 apostoli
990 2143 1122 2203 usque
1143 2162 1274 2190 unam
1293 2144 1624 2192 hebdomadam

255 2229 355 2259 ante
381 2213 575 2259 Pascha.k
598 2214 724 2258 Tunc
749 2229 959 2258 venerunt
984 2214 1026 2257 in
1048 2216 1427 2278 Constantinopolim
1456 2216 1623 2277 urbem,

253 2282 323 2329 ubi
364 2285 631 2345 requiescunt
667 2301 748 2329 tres
791 2284 936 2341 saneti,
974 2283 1168 2331 Andreas
1203 2289 1247 2332 ὅ(
1282 2288 1538 2333 Timotheus
1577 2291 1623 2334 &

250 2355 382 2399 Lucas
407 2355 682 2417 evangelista,
714 2357 755 2400 in
787 2371 875 2399 uno
901 2354 1035 2399 altari.
1063 2356 1108 2400 Et
1134 2358 1358 2417 lohannes,
1384 2359 1452 2405 ille
1477 2378 1522 2404 os
1551 2381 1622 2405 au-

248 2444 370 2482 reum,
422 2427 648 2487 requiescit
692 2425 750 2471 ibi
794 2441 945 2470 coram
977 2425 1120 2484 altari3
1158 2428 1229 2474 ubi
1273 2429 1493 2492 presbyter
1530 2431 1622 2489 stat,

255 2494 435 2557 quando
470 2495 641 2541 missam
676 2497 793 2554 facit,
840 2494 898 2540 ibi
923 2495 979 2540 est
1010 2497 1252 2560 sepulcrum
1279 2502 1377 2546 eius.
1418 2500 1475 2547 lbi
1503 2504 1626 2547 eratl

291 2596 322 2617 a.
347 2583 554 2617 Mb.tollent.
577 2603 619 2608 —
641 2585 732 2626 b.C.,
753 2585 800 2626 R„
817 2585 888 2618 Mb.
974 2587 1059 2627 Mb.‚
1080 2589 1128 2627 C„
1148 2589 1181 2620 P.
1216 2607 1247 2611 —-
1281 2588 1300 2620 i.
1323 2589 1406 2630 Mb„
1437 2590 1472 2623 C.
1494 2596 1616 2622 totum.

244 2636 388 2682 replevit.
407 2656 448 2660 —
464 2648 491 2670 c.
508 2637 578 2670 Mb.
597 2636 802 2670 linum.—d.
817 2639 888 2670 Mb.
975 2658 1016 2663 —
1033 2641 1059 2683 j.
1082 2642 1134 2682 R.,
1154 2642 1205 2682 C.‚
1224 2642 1296 2674 Mb.
1319 2653 1470 2686 gemem;
1497 2642 1548 2675 hic
1566 2644 1620 2674 de—

245 2689 370 2733 statuit,-
405 2691 452 2731 R„
486 2691 518 2723 C.
539 2690 668 2723 secavit.
693 2710 738 2714 —
758 2702 785 2723 e.
806 2692 889 2732 Mb„
964 2692 1044 2736 finit
1061 2694 1200 2726 R.—k.
1218 2693 1279 2727 Hic
1290 2695 1406 2738 ruaesm
1419 2694 1532 2738 definit
1543 2696 1616 2728 Mb.

244 2744 292 2784 R„
306 2744 341 2776 C.
365 2743 568 2776 invenerunt.
590 2763 635 2767 —
650 2743 670 2776 f.
688 2755 787 2776 unam
805 2745 838 2777 d.
857 2745 890 2778 in
975 2766 1016 2770 —
1036 2745 1056 2779 Ι.
1081 2748 1116 2780 C.
1139 2746 1212 2780 fuit.

246 2797 275 2830 F.
297 2815 338 2820 —
355 2807 388 2842 g.
408 2797 440 2828 C.
464 2795 529 2841 qui.
547 2816 591 2820 —
605 2796 635 2828 h.
660 2796 784 2830 ‘Titulus
804 2799 834 2830 d.
856 2797 889 2832 in
