2216 3435
626 183 713 231 160
954 200 1101 233 LIBER
1138 201 1339 235 DUELLII
1374 204 1674 238 CHRISTIANI

522 363 599 393 1219
619 346 858 391 multorum
871 347 1216 395 Christianorum
1235 348 1442 396 habentes
1463 353 1606 398 secum
1626 356 1784 417 capita,
1803 356 2001 402 veniente

452 850 533 888 Sept.
554 857 599 886 14.

396 1785 476 1824 Sept.
494 1793 602 1824 23-29.

457 2005 535 2043 Sept.
554 2005 603 2034 26.

620 421 763 476 nocie,
792 418 1064 478 recesserunt,
1103 422 1247 479 nostri,
1288 439 1467 485 quoque
1493 425 1637 470 multis
1664 427 2002 472 Sarracenorum

619 490 765 536 occisis
799 508 850 536 ac
888 509 1094 553 quattuor
1117 492 1335 539 amiraldis
1358 512 1511 541 eorum
1534 498 1686 560 captis,
1722 499 1931 544 vulnerati
1957 500 2002 544 ὅς

618 562 805 608 multum
823 565 956 611 tristes
978 566 1089 610 infra
1108 564 1223 611 levas
1244 567 1339 612 sunt
1359 569 1534 629 recepti,
1564 568 1706 631 sicque
1725 569 1871 616 clausit
1895 570 1998 616 dies.

942 712 1007 753 ‘De
1026 712 1181 755 decimo
1206 712 1373 756 adventu
1401 715 1673 773 Paganorum.

683 851 969 897 XLlll-XLlV.
1014 855 1056 898 ln
1091 852 1363 899 Exaltacione
1404 855 1558 900 samoe
1590 856 1745 901 Crucis
1787 858 2004 920 principes

618 923 921 968 Romanorum
947 925 991 969 ὅ(
1016 925 1244 987 episcopus
1281 926 1474 988 Ungarie
1500 928 1544 971 ὅ(
1571 944 1720 973 comes
1746 928 2004 990 Belquilinus

619 1013 720 1041 cum
740 996 883 1041 multis
909 996 998 1041 aliis
1024 998 1261 1061 peregrinis
1294 997 1564 1044 recesserunt.
1601 1002 1643 1044 ln
1670 999 1732 1044 his
1757 1001 1889 1045 etiam
1914 1000 2004 1046 die-

618 1067 696 1114 bus
717 1068 930 1131 applicuit
946 1067 1172 1115 Savarifius
1192 1068 1246 1114 de
1259 1070 1450 1115 Malleon
1465 1088 1566 1115 cum
1586 1070 1838 1133 quindecim
1857 1072 2005 1135 galeis,

619 1142 661 1186 in
688 1139 843 1202 quibus
868 1140 993 1185 multi
1019 1157 1140 1186 erant
1165 1143 1394 1205 peregrini.
1438 1144 1609 1188 Interim
1637 1144 1773 1188 rursus
1801 1142 2003 1190 soldanus

619 1211 729 1257 mifit
753 1230 831 1276 per
849 1230 1004 1259 omnes
1025 1212 1251 1259 Babilonie
1276 1214 1525 1276 provincias
1547 1213 1720 1261 dicens:
1746 1219 1795 1260 Si
1813 1220 1904 1276 quis
1922 1218 2007 1262 vult

619 1288 762 1330 hahere
784 1287 818 1330 C
820 1288 1225 1347 hristianossclavos,
1250 1291 1324 1332 lzuc
1342 1292 1490 1343 veniat,
1512 1307 1629 1347 quum
1641 1292 1853 1350 principes
1872 1306 2005 1334 eorum

619 1360 892 1420 morruisunr,
930 1358 970 1403 δ’
997 1362 1110 1403 ‘Deus
1147 1377 1279 1403 eorum
1306 1360 1426 1420 longe
1461 1364 1511 1420 est
1547 1363 1594 1404 ab
1630 1364 1703 1416 eis,
1742 1360 1782 1405 ὃ*
1816 1364 1901 1406 vivi
1923 1364 2002 1405 iam

609 1433 812 1491 fugiunt!
852 1432 1007 1475 lterum
1043 1430 1336 1476 fraudulenter
1371 1433 1550 1492 paesium
1590 1432 1691 1477 fecit
1715 1434 1760 1477 ὃς
1784 1430 1912 1477 nobis
1936 1431 2006 1477 fir-

621 1520 739 1548 mare
755 1502 906 1548 voluit.
929 1502 1031 1546 Hoc
1050 1519 1198 1547 autem
1217 1520 1367 1549 verum
1389 1501 1487 1559 esse,
1509 1505 1769 1564 putavimus,
1790 1503 1862 1549 sed
1887 1504 2006 1568 lega-

622 1590 687 1620 tus
712 1591 804 1619 non
826 1572 1044 1632 credebat,
1065 1572 1153 1628 sed,
1176 1575 1234 1619 ita
1258 1592 1338 1619 nos
1360 1574 1399 1619 se
1418 1573 1542 1636 posse
1559 1573 1778 1633 deludere,
1798 1573 2006 1637 sperabat.

620 1645 835 1692 Soldanus
865 1646 994 1708 igitur
1028 1644 1304 1707 exspec‘labat
1328 1646 1506 1691 navium
1537 1646 1833 1704 receffionem,
1866 1646 1939 1692 sed
1964 1648 2008 1692 ὅς

623 1735 702 1763 nos
725 1717 965 1763 adventum
990 1716 1171 1762 aliarum
1197 1715 1485 1778 sperabamus.

687 1790 814 1835 XLV.
855 1792 897 1834 ln
938 1788 1088 1834 ultima
1124 1786 1377 1834 ebdomada
1416 1788 1567 1834 mens1s
1598 1788 1864 1852 Septembris
1895 1789 2008 1837 duo-

623 1860 766 1906 decim
803 1877 933 1907 naves
970 1877 1056 1905 una
1098 1858 1167 1905 die
1208 1859 1261 1905 de
1299 1876 1428 1922 portu
1472 1861 1679 1920 exierunt,
1719 1862 1764 1906 ὅς
1806 1861 2008 1908 soldanus

622 1933 764 1978 statim
789 1932 956 1994 exspuit
977 1934 1167 1993 patstum.

689 2004 830 2050 XLV1.
870 2007 914 2048 ln
956 2003 1073 2048 sexto
1111 2003 1313 2049 calendas
1354 2002 1564 2049 Ocstobris
1601 2021 1812 2050 venerunt
1851 2006 2010 2068 Pagani

624 2094 675 2123 ex
713 2092 894 2137 utraque
935 2089 1056 2137 parte
1096 2092 1172 2137 per
1214 2091 1369 2120 terram
1407 2077 1452 2120 ὅ(
1488 2074 1685 2120 iabulum
1723 2077 1781 2134 ὅς,
1824 2075 2008 2121 soldano

623 2145 813 2205 iubente,
838 2144 1044 2191 fossatum
1071 2146 1263 2191 nostrum
1287 2147 1567 2192 intraverunt.
1595 2147 1714 2193 Dixit
1738 2148 1872 2203 enim,
1894 2165 2009 2206 quum

626 2222 848 2279 Christiani
872 2220 1011 2278 desunt
1036 2218 1076 2262 ὃ*
1102 2220 1231 2262 nichil
1264 2220 1426 2263 valent!
1451 2219 1649 2264 Putantes
1685 2234 1845 2275 autem,
1889 2216 2010 2280 quod

626 2288 864 2348 dicebatur,
884 2288 970 2334 effe
989 2307 1154 2346 verum,
1182 2289 1322 2352 plures
1347 2290 1537 2352 ipsorum
1557 2289 1769 2336 intravere
1789 2288 2010 2347 fossatum,

627 2378 816 2424 quorum
851 2360 975 2405 multi
1010 2361 1106 2406 sunt
1141 2360 1283 2420 occisi,
1320 2363 1364 2406 &
1390 2362 1517 2423 pauci
1548 2360 1603 2405 ad
1630 2360 1864 2406 dominum
1890 2363 2011 2406 suum

625 2432 856 2480 soldanum
885 2432 980 2477 sunt
1005 2430 1153 2478 reversi
1182 2431 1394 2478 dicentes:
1428 2437 1619 2489 Domine,
1637 2435 1774 2494 sclavi
1802 2436 1865 2492 isti
1894 2433 2012 2478 valde

624 2508 933 2566 dampnaverunt
956 2508 1054 2549 nos!
1081 2505 1275 2549 fixerunt
1301 2521 1446 2549 autem
1474 2519 1680 2565 quattuor
1706 2503 2011 2566 manganellos

626 2592 780 2621 contra
804 2591 899 2632 nos,
926 2574 1000 2620 sed
1024 2576 1170 2638 gracia
1196 2576 1280 2621 Dei
1306 2575 1437 2620 nichil
1460 2573 1587 2619 nobis
1612 2590 1872 2631 nocuerunt,
1910 2575 2012 2636 quia

628 2646 746 2691 Deus
773 2662 863 2690 erat
886 2644 1127 2691 nobiscum.
