2216 3435
327 562 465 643 DE
532 560 875 645 LOCIS
937 562 1431 647 SANCTIS

579 772 702 809 QUAE
731 771 869 804 PERA
879 773 1165 806 MBULAVIT

378 925 923 1004 ANTOQIQUS
979 925 1361 1005 WARTYR

190 1395 213 1437 l.
250 1392 631 1452 Constantinopolis,
668 1394 837 1452 Cyprus,
871 1394 1127 1448 cAntaradus,
1164 1391 1359 1453 Tripolis,
1400 1395 1565 1453 Pyhlus,

686 1464 855 1520 Trieris,
883 1465 1066 1523 Berytus.

529 1825 621 1869 sum
632 1825 945 1888 peregrinatus,
965 1825 1061 1871 vie-'2
1085 1826 1262 1888 vestigia
1278 1826 1437 1871 Christi
1455 1826 1573 1887 sequi

531 1898 708 1958 cupiens
723 1898 766 1940 δε
783 1897 988 1942 miracula
1002 1897 1318 1959 prophetarum
1331 1896 1571 1959 pervidere,

193 1964 360 2010 edicere
385 1965 563 2012 curabo.

258 2040 315 2082 Ira
341 2054 543 2083 exeuntes
571 2038 626 2084 de
644 2039 858 2084 Placentia
879 2042 913 2084 C
916 2041 1265 2100 onstcmtinopolim
1286 2040 1496 2098 venimus,
1520 2038 1574 2084 de

193 2126 279 2170 qua
314 2109 461 2172 egreffi
500 2112 698 2156 venimus
739 2112 784 2156 in
817 2111 1001 2157 insulam
1036 2115 1224 2173 Cyprum,
1269 2112 1313 2156 in
1350 2112 1571 2157 civitatem

194 2181 474 2238 Corfiantiam,
511 2183 555 2226 in
587 2199 673 2244 qua
707 2183 931 2244 requiescit
967 2183 1135 2228 sanelus
1160 2182 1446 2245 Epiphanius:
1473 2183 1575 2228 civi-

193 2267 327 2296 tatem
360 2252 588 2313 pulchram
623 2256 667 2298 &
699 2253 966 2313 deliciosam,
1003 2270 1203 2299 ornatam
1242 2254 1397 2316 palmis
1429 2254 1575 2314 daffly-

193 2321 347 2368 lorum.
371 2325 543 2371 Deinde
567 2327 764 2372 venimus
789 2327 833 2370 in
859 2343 999 2388 partes
1018 2329 1147 2386 Syrie,
1167 2327 1210 2371 in
1231 2325 1414 2370 insulam
1438 2330 1575 2371 ς-Αηια-

193 2397 349 2452 radam,
376 2398 419 2440 ὅ(
443 2396 544 2443 inde
570 2398 767 2443 venimus
794 2398 837 2442 in
863 2397 1062 2459 ‘Tripolim
1089 2397 1219 2456 Syrie,
1249 2395 1321 2441 ubi
1346 2397 1571 2459 requiescit

197 2466 363 2512 [anellis
390 2470 605 2528 Leontius,
633 2486 717 2530 que
750 2469 899 2514 civitas
926 2485 1123 2531 tempore
1150 2469 1361 2514 Iustiniani
1387 2470 1570 2530 impera-

195 2538 298 2583 toris
330 2538 526 2585 subversa
553 2541 611 2585 est
635 2557 743 2585 terre
768 2557 888 2585 motu
910 2557 1012 2584 cum
1042 2540 1131 2585 aliis
1163 2538 1417 2585 civitatibus.
1445 2537 1577 2584 Veni-

196 2627 290 2654 mus
315 2610 416 2656 inde
438 2613 618 2672 Byrblzinz,
642 2629 725 2674 que
746 2613 790 2657 ὃ(
816 2613 962 2658 civitas
988 2629 1086 2656 cum
1106 2610 1356 2657 hominibus
1379 2609 1581 2656 subversa

244 2778 272 2800 a.
297 2763 332 2801 In
349 2765 512 2811 aliquibus
529 2768 619 2799 codd.
641 2766 854 2812 procedente.
887 2787 928 2790 —
951 2767 980 2800 b.
1006 2769 1034 2800 Ι).
