2216 3435
667 201 885 235 sANeTAE
910 201 1110 234 PAULAE.
1516 201 1574 251 37

207 342 361 406 populi
385 339 596 386 credentis
632 341 676 385 in
709 341 955 386 Dominum
985 341 1250 386 sacramenta
1282 342 1574 403 premiserant.

212 410 395 476 [ngreffa
418 416 570 457 Iericho
596 411 704 459 vidit
729 410 893 469 urbem,
921 429 1055 473 quam
1071 411 1268 458 fundavit
1289 411 1390 457 I-Iiel
1408 414 1450 457 in
1474 412 1575 458 Abi-

211 503 316 544 ram,
341 485 640 548 primogenito
668 484 757 542 sim,
792 486 836 529 ὃς
860 485 977 528 cuius
1001 500 1149 546 portas
1173 484 1317 546 posuit
1345 484 1388 528 in
1418 484 1575 547 Segub,

210 553 439 603 novissimo
458 554 659 600 filiorum,
710 555 861 599 intuita
882 554 939 599 est
964 554 1095 599 castra
1116 556 1295 615 Galgale
1312 555 1356 598 ὃ(
1376 571 1577 600 acervum

208 626 509 690 preputiorum
522 626 567 670 ὃ(
582 623 768 670 secunde
783 623 1116 669 circumcisionis
1135 625 1396 684 mysterium,
1409 626 1453 669 ὃς
1469 624 1577 669 duo·

209 697 352 743 decim
375 695 554 758 lapides,
577 696 663 757 qui,
687 694 741 740 de
766 694 956 741 Iordanis
976 695 1076 740 illuc
1095 694 1282 741 transsati
1303 695 1443 754 alveo,
1469 694 1577 741 duo-

210 768 353 815 decim
375 767 675 829 apostolorum
699 765 984 812 fundamenta
1007 766 1299 825 firmaverunt,
1331 768 1375 811 &
1407 767 1577 812 fontem

212 838 440 902 quondam
463 839 572 903 legis
596 837 902 884 amarissimum
926 840 970 882 ὃς
995 837 1192 894 sterilem,
1219 855 1350 899 quem
1369 856 1473 883 vero
1492 841 1577 883 He-

210 914 331 974 liseus
355 910 428 955 sua
452 909 649 956 condivit
683 909 890 971 sapientia
913 911 957 954 δε
982 909 1026 954 in
1063 907 1288 953 dulcorem
1317 906 1577 955 ubertatem-

211 1001 295 1045 que
313 981 538 1027 convertit.
574 981 658 1026 Vix
676 997 764 1025 nox
782 977 1011 1037 transierat,
1032 978 1335 1024 ferventiffimo
1357 979 1442 1024 estu
1462 981 1579 1026 venit

208 1051 263 1098 acl
293 1055 516 1110 Iordanem,
543 1053 653 1098 stetit
687 1052 732 1096 in
765 1051 857 1112 ripa
893 1048 1080 1094 fluminis
1113 1051 1172 1108 ὃς,
1209 1066 1306 1094 orto
1343 1050 1445 1107 sole,
1479 1051 1577 1096 solis

207 1123 358 1168 iustitie
382 1123 610 1170 recordata
635 1125 707 1180 est,
735 1120 965 1184 quomodo
990 1122 1033 1165 in
1059 1119 1206 1165 medio
1234 1119 1425 1165 Iordanis
1450 1122 1576 1167 alveo

207 1192 314 1239 ficca
338 1193 578 1240 sacerdOtes
605 1194 823 1258 posuerint
849 1192 1025 1255 vestigia
1048 1194 1092 1237 ὃς
1117 1191 1172 1237 ad
1199 1192 1323 1237 Helie
1349 1194 1394 1237 ὃς
1419 1193 1578 1239 l-Ielisei

206 1265 451 1327 imperium,
472 1263 674 1310 stantibus
692 1282 743 1310 ex
761 1279 940 1324 utraque
958 1278 1077 1324 parte
1095 1263 1232 1324 aquis,
1256 1263 1334 1308 iter
1351 1263 1467 1309 unda
1482 1281 1578 1326 pre-

208 1333 345 1380 buerit
368 1335 644 1397 pollutasque
663 1334 827 1380 diluvio
849 1350 980 1394 aquas
997 1335 1042 1378 ὅ(
1061 1334 1191 1378 totius
1212 1333 1391 1380 humani
1409 1335 1577 1398 generis

208 1406 509 1452 interfef'tione
545 1406 781 1452 maculatas
816 1405 892 1450 suo
919 1404 1138 1449 Dominus
1167 1405 1443 1453 mundaverit
1471 1405 1577 1469 bap-

207 1478 345 1523 tismo.

268 1549 364 1594 XV.
400 1549 602 1612 Longum
628 1548 700 1607 est,
725 1547 752 1593 si
779 1547 911 1593 velim
941 1546 996 1592 de
1029 1549 1136 1593 valle
1173 1551 1315 1593 eAclzor
1345 1545 1500 1607 dicere,
1534 1548 1579 1594 id

207 1621 278 1678 est,
303 1621 510 1666 tumultus
535 1637 662 1682 atque
686 1618 924 1677 turbarum,
949 1619 993 1664 in
1020 1636 1106 1681 qua
1137 1619 1299 1664 furtum
1329 1620 1374 1663 ὃς
1403 1620 1580 1666 avaritia

206 1691 501 1737 condemnata
527 1691 598 1751 est,
623 1693 667 1737 ὃ(
693 1690 747 1737 de
772 1692 931 1748 Bethel,
968 1689 1105 1735 domo
1134 1691 1232 1749 Dei,
1263 1691 1307 1736 in
1340 1708 1425 1752 qua
1456 1691 1581 1753 super

207 1762 372 1809 nudam
398 1762 582 1808 humum
606 1761 746 1808 nudus
773 1765 816 1808 ὃ(
840 1779 1006 1825 pauper
1030 1761 1238 1808 dormivit
1265 1761 1391 1807 Iacob
1417 1764 1475 1822 ὃς,
1500 1781 1580 1826 po-

209 1832 284 1878 sito
309 1831 449 1878 subter
476 1850 605 1895 caput
628 1831 788 1895 lapide,
816 1833 889 1893 qui
921 1834 966 1876 in
995 1832 1209 1877 Zacharia
1233 1833 1398 1895 septem
1429 1834 1581 1879 oculos

208 1903 363 1950 habere
389 1903 637 1949 describitur
659 1904 765 1948 &in
793 1903 892 1948 [saia
911 1903 1019 1965 lapis
1043 1902 1197 1947 dicitur
1216 1904 1447 1966 angularis,
1474 1904 1582 1951 vidit

208 1975 364 2019 scalam
394 1975 527 2036 usque
551 1974 607 2020 ad
635 1974 776 2019 celum
802 1972 1070 2032 tendentem,
1097 1974 1142 2017 in
1168 1990 1252 2034 qua
1272 1975 1492 2021 Dominus
1509 1975 1580 2020 de-

204 2047 327 2107 super
357 2044 620 2090 innitebatur
641 2043 969 2090 ascendentibus
991 2045 1217 2106 porrigens
1242 2062 1420 2090 manum
1442 2048 1486 2091 &
1509 2064 1581 2091 ne-

205 2118 416 2180 gligentes
426 2116 480 2161 de
493 2115 659 2161 sublimi
676 2116 950 2177 precipitanS.
971 2115 1174 2177 Sepulcra
1190 2118 1582 2177 quoqueinmonte

205 2188 407 2252 Ephraim
434 2188 534 2246 lesu,
554 2186 629 2232 filii
647 2188 785 2243 Nave,
804 2189 848 2231 ὃς
874 2186 1071 2245 Eleazari‚
1097 2185 1170 2231 filii
1190 2189 1312 2231 Aron
1332 2187 1582 2247 sacerdotis,

208 2276 230 2303 e
248 2259 426 2321 regione
446 2258 733 2317 venerataest,
751 2275 940 2320 quorum
957 2257 1063 2303 alter
1083 2256 1284 2302 conditus
1300 2259 1412 2303 estin
1436 2261 1581 2303 ‘Tham-

207 2331 389 2390 narlzsare
404 2347 428 2374 a
444 2329 770 2392 septentrionali
785 2345 905 2392 parte
923 2333 1067 2374 montis
1088 2331 1212 2385 Gaas,
1236 2329 1343 2374 alter
1362 2330 1405 2374 in
1427 2333 1579 2387 Galum,

206 2400 281 2445 filii
309 2401 369 2445 sui
389 2400 577 2459 Phinees,
595 2401 775 2462 satisque
794 2401 945 2445 mirata
970 2400 1042 2459 est,
1069 2399 1189 2461 quod
1219 2398 1464 2445 distributor
1486 2402 1582 2463 pos-

209 2471 435 2518 sessionum
458 2469 532 2516 sibi
557 2487 769 2517 montana
795 2473 839 2516 ὃ(
861 2472 1009 2533 aspera
1037 2469 1271 2534 delegisset.

271 2542 383 2588 XVI.
422 2542 545 2605 Quid
569 2560 738 2588 narrem
762 2545 867 2599 Silo,
894 2543 937 2586 in
964 2559 1049 2603 qua
1066 2542 1198 2587 altare
1221 2541 1412 2587 dirutum
1431 2541 1582 2589 hodie-

207 2631 290 2675 que
316 2614 589 2672 monstratur‚
614 2615 658 2658 ὃς
690 2629 861 2676 raptum
886 2612 1142 2659 Sabinarum
1175 2630 1199 2658 a
1230 2614 1417 2658 Romulo
1450 2613 1582 2659 tribus

206 2682 487 2730 beniamitica
505 2686 797 2747 precucurrit?
841 2683 1050 2730 Tranfivit
1074 2687 1246 2741 Siclzem‚
1269 2701 1376 2739 non,
1397 2701 1441 2729 ut
1458 2685 1582 2746 pleri-

215 2772 298 2817 que
317 2771 502 2801 errantes
516 2755 679 2819 legum,
700 2756 858 2816 Sichar,
875 2773 958 2817 que
977 2772 1090 2800 nunc
1105 2755 1311 2818 Neapolis
1329 2755 1583 2818 appellatur,

1617 425 1742 455 Iericho.

1619 570 1749 608 Galgala.

1619 851 1694 879 Fons
1719 848 1835 878 Helisei.

1619 1069 1760 1099 Iordanis.

1620 1566 1716 1597 Vallis
1732 1567 1845 1598 Achor.

1622 1707 1737 1739 Bethel.

1609 2272 1857 2302 'rhamnathsam

1623 2348 1713 2376 Mons
1731 2347 1819 2376 Gaas.

1666 2389 1778 2419 Gabaa.

1624 2561 1696 2591 suo.
1723 2541 1725 2543 ¹

1624 2701 1753 2731 Sichem.
