2216 3435
571 191 656 236 108
1163 200 1331 234 GESTA

467 368 544 398 1219
564 348 683 410 gani,
705 357 715 376 ¹
758 346 879 409 quod
916 348 1183 410 inceperant,
1224 346 1281 393 ad
1317 346 1451 393 finem
1491 347 1729 411 perducere
1765 348 1946 394 minime

564 417 701 480 posse,
724 417 779 464 ad
805 419 938 464 castra
956 429 973 448 2
1013 418 1242 465 redierunt.

627 490 802 536 XLV111.
841 490 883 535 Et
919 489 1025 535 dum
1060 491 1141 536 hec
1171 507 1416 554 agerentur,
1453 490 1635 553 quidam
1663 490 1718 537 de
1742 491 1946 537 Christia-

561 562 626 606 nis
651 579 834 607 numero
861 579 1037 620 novem,
1057 570 1070 599 3
1090 562 1276 625 instigati
1302 580 1326 608 a
1351 561 1531 608 diabolo
1557 564 1602 608 &
1627 564 1727 609 tacsti
1748 563 1944 626 maligno

562 633 723 695 spiritu,
749 634 824 695 qui
846 649 1030 695 pontem
1052 631 1366 690 custodiebant,
1396 651 1586 696 quorum
1610 633 1746 680 corda
1771 651 1875 680 auro
1901 635 1947 679 ἃ

561 721 746 768 argento
772 704 938 749 soldani
963 720 1084 749 erant
1109 703 1336 764 obcecara,
1352 714 1372 743 4
1388 722 1574 768 pontem
1599 705 1713 751 clam
1741 708 1786 751 ὅ(
1805 706 1947 769 priva-

562 777 640 821 tim
675 775 866 821 incidere
901 778 945 821 ὃς
985 775 1198 822 destruere
1233 775 1521 834 conabantur,
1559 777 1770 840 Paganos,
1807 778 1947 823 Sarra-

563 865 694 893 cenos
720 865 821 893 cum
845 847 979 911 galeis
1004 848 1048 892 in
1074 848 1296 894 civitatem
1321 848 1479 895 ducere
1504 849 1714 908 volentes,
1738 866 1784 894 ut
1807 867 1904 895 eam
1923 867 1948 895 a

563 919 814 964 Christianis
851 935 1081 982 protegere
1106 921 1150 965 ὅ(
1177 919 1414 966 defendere
1450 918 1637 983 poffent.
1685 920 1767 966 Sed
1794 921 1950 967 Domi-

564 1008 643 1035 nus
669 991 812 1036 noster
850 991 985 1036 ihesus
1019 990 1227 1051 Christus,
1264 1010 1289 1037 a
1323 1009 1412 1054 quo
1445 993 1595 1037 omnia
1636 991 1755 1038 bona
1791 995 1948 1039 cuncta

563 1061 825 1125 procedunt,
846 1064 890 1108 ὅς
916 1061 1000 1107 sine
1026 1080 1114 1124 quo
1136 1063 1197 1108 nil
1220 1063 1309 1109 fieri
1334 1064 1489 1126 potest,
1515 1064 1584 1109 cui
1610 1064 1669 1109 nil
1688 1065 1745 1109 est
1763 1063 1946 1111 abscon-

564 1134 671 1191 sum,
699 1133 832 1179 corda
858 1135 1059 1178 omnium
1078 1135 1226 1193 sciens,
1255 1137 1329 1197 qui
1354 1136 1412 1180 est
1434 1153 1556 1182 verus
1581 1134 1709 1181 iudex
1733 1138 1777 1181 ὃς
1802 1136 1946 1196 iustus,
1967 1144 2198 1185 Mur.p.1101.

564 1205 734 1250 noluics
760 1222 850 1250 tam
882 1205 1111 1284 peffimum
1136 1208 1180 1251 ὅ(
1204 1205 1516 1269 iniquissimum
1532 1207 1549 1236 ⁶
1577 1206 1710 1252 scelus
1732 1205 1788 1252 ad
1812 1206 1948 1252 finem

563 1276 827 1355 perducere3
854 1278 1055 1340 contigit,
1074 1287 1091 1314 7
1110 1276 1232 1339 quod
1256 1296 1364 1323 unus
1391 1296 1441 1324 ex
1460 1276 1677 1341 predic‘tis³
1703 1277 1850 1324 divina
1868 1295 1948 1341 po-

565 1350 699 1395 tentia
724 1351 769 1394 &
794 1348 1086 1395 milericordia
1112 1353 1264 1408 taetus,
1295 1349 1351 1396 ad
1387 1350 1621 1396 dominum
1649 1351 1834 1430 perrexit
1858 1366 1947 1395 car-

565 1420 770 1478 dinalem,
808 1421 884 1482 qui
910 1421 1093 1466 omnia8
1117 1438 1193 1484 per
1223 1420 1422 1468 ordinem
1446 1421 1520 1485 ipsi
1546 1424 1714 1485 aperuit
1739 1424 1784 1468 ὅ(
1808 1423 1947 1467 mani-

565 1493 744 1538 festavit.
765 1500 782 1529 9
817 1492 899 1549 Alij
923 1509 1043 1551 vero,
1078 1492 1164 1538 hoc
1202 1493 1397 1553 mentes,
1435 1493 1491 1540 ad
1516 1495 1791 1558 Paganorum
1815 1494 1949 1539 castra
1968 1502 2001 1532 P·
2019 1501 2038 1532 f-
2058 1501 2169 1541 114D·
2214 1502 2216 1541 Ι

565 1565 644 1627 fug
617 1581 784 1623 0‚erunt
804 1565 876 1609 ὃς
866 1581 925 1609 ita
938 1562 1182 1610 ¹0liberavit
1201 1566 1420 1610 Dominus
1439 1566 1582 1611 noster
1602 1566 1738 1611 lhesus
1756 1564 1949 1611 Christus

565 1642 810 1689 Crucifixus
828 1642 1095 1687 Christianos
1120 1640 1174 1687 ab
1201 1641 1394 1688 insidiis
1385 1644 1678 1690 inimicorum
1706 1642 1950 1690 Laudamus

566 1718 610 1761 ὃς
641 1714 940 1760 benedicimus
972 1714 1220 1759 Dominum
1254 1715 1469 1774 nostrum,
1503 1731 1655 1760 natum
1691 1714 1744 1761 de
1783 1716 1951 1779 virgine

566 1788 714 1833 Maria.
740 1785 952 1831 Videnres
972 1786 1146 1848 pagani,
1172 1786 1232 1832 nil
1252 1786 1393 1832 facere
1412 1785 1550 1849 posse,
1575 1803 1679 1832 cum
1698 1787 1952 1833 Christianis

565 1859 815 1904 machinare
841 1874 1060 1920 ceperunt.
1084 1866 1116 1886 1¹

630 1930 776 1976 XLIX.
799 1931 942 1976 Nocte
966 1930 1168 1991 proxima
1182 1930 1260 1975 fuit
1274 1946 1426 1992 captus
1443 1929 1623 1992 quidam
1644 1928 1855 1976 Ianuensis
1869 1946 1951 1976 tra-

566 2002 695 2061 ditor,
711 2003 783 2064 qui
798 2000 987 2047 debebat
998 2000 1189 2047 incidere
1204 2018 1377 2047 catenas
1391 2002 1591 2047 &sarcos
1603 2003 1648 2047 &
1661 2002 1743 2047 alia
1760 2003 1953 2065 ingenia,

567 2074 722 2139 quibus
736 2091 848 2137 pons
864 2071 1103 2133 tenebatur3
1119 2072 1308 2120 debebat
1320 2075 1510 2136 recipere
1524 2091 1548 2119 a
1567 2072 1751 2120 soldano
1773 2077 1814 2132 vj
1835 2073 1954 2120 mille

566 2147 770 2194 bisancos.
797 2145 896 2191 Alio
918 2143 986 2190 die
1012 2145 1091 2190 fuit
1116 2162 1267 2207 captus
1293 2145 1475 2207 quidam
1501 2145 1734 2208 Hispanus,
1756 2146 1831 2208 qui
1849 2163 1952 2191 ven-

568 2217 698 2265 debat
727 2217 967 2264 Sarracenis
1000 2233 1135 2261 unum
1172 2233 1334 2278 panem
1369 2234 1451 2280 pro
1477 2234 1566 2262 uno
1594 2215 1779 2275 bisanto,
1819 2216 1951 2262 &isti

568 2292 663 2336 sunt
696 2286 878 2352 suspensi
914 2286 969 2333 ad
996 2286 1183 2333 caudam
1216 2305 1433 2350 equorum
1457 2290 1502 2333 ὃς
1529 2287 1725 2333 dilaniati
1749 2288 1844 2334 sunt
1869 2305 1948 2350 per

569 2380 711 2409 totum
737 2361 986 2407 exercitum.
1026 2361 1232 2421 Sequenti
1256 2359 1325 2406 die
1349 2362 1394 2406 ὃς
1423 2364 1553 2405 noete
1577 2361 1798 2406 Sarraceni
1824 2377 1949 2422 para·
1968 2379 2012 2409 M.
2028 2379 2049 2409 f.
2066 2380 2104 2410 66
2121 2379 2156 2409 c.

569 2452 721 2482 verunt
748 2434 868 2498 ligna
893 2436 938 2480 δε
962 2432 1115 2480 herbas
1136 2432 1191 2479 ad
1214 2431 1492 2496 implendum
1517 2430 1723 2478 foffatum
1747 2432 1949 2478 Christia-

623 2590 633 2608 1
658 2578 691 2609 P.
709 2589 765 2609 om.
787 2596 825 2600 —
848 2590 866 2609 2
889 2577 1039 2621 Rfitppst
1061 2577 1125 2609 sua.
1147 2597 1191 2600 —
1214 2588 1228 2618 3
1250 2577 1284 2609 P.
1309 2587 1429 2609 novem
1447 2587 1597 2609 numero.
1618 2595 1660 2600 —-
1677 2588 1699 2616 4
1716 2577 1764 2608 M.
1784 2575 1948 2609 obcecati.

573 2651 615 2654 ——
637 2644 652 2674 5
673 2631 722 2664 M.
741 2630 867 2662 nolens.
893 2650 936 2656 -
956 2634 974 2663 6
997 2633 1029 2664 P.
1047 2631 1208 2675 iniquum.
1235 2650 1276 2654 —
1310 2643 1326 2671 7
1348 2631 1380 2662 P.
1401 2630 1575 2674 contingit.
1603 2649 1644 2653 —
1678 2633 1695 2663 8
1716 2630 1749 2662 P.
1769 2629 1953 2673 transponit

571 2684 683 2717 omnia
698 2685 761 2728 post
779 2685 939 2717 ordinem.
972 2704 1013 2708 —-
1042 2697 1060 2727 9
1086 2686 1118 2717 Ρ.
1145 2684 1206 2728 leg.
1235 2683 1491 2717 misericordiam
1516 2682 1691 2716 festinavit.
1715 2702 1756 2707 -
1783 2696 1820 2715 10
1839 2684 1871 2716 P.
1891 2695 1948 2717 om.

572 2741 601 2774 ἃ
624 2738 679 2776 ita.
699 2759 744 2762 —
765 2750 776 2771 1
793 2752 799 2770 ι
826 2739 949 2772 Abhinc
968 2746 1074 2772 textus
1096 2740 1144 2772 M.
1160 2738 1296 2783 prorsus
1314 2738 1473 2772 abhorret
1488 2737 1532 2771 ab
1545 2748 1588 2779 eo,
1607 2736 1663 2784 qui
1679 2737 1712 2770 in
1731 2738 1763 2771 P.
1777 2736 1906 2784 prestat.
