2216 3435
672 170 683 199 1
699 154 758 199 So
1225 161 1484 195 ARCULFUS

663 309 866 374 greditur.
891 310 1033 355 Postea
1050 309 1209 365 lacum,
1230 308 1302 369 qui
1320 308 1521 352 Genezar
1540 305 1710 363 dicitur,
1734 304 1881 351 medio
1905 305 2050 352 transit

662 381 875 439 fluento‚‘¹
900 379 1055 443 quibus
1081 397 1131 425 ex
1155 379 1263 424 locis
1287 378 1474 441 plurima
1499 378 1844 440 circumvagatus
1865 376 2044 432 deserta,

666 452 890 515 Al'phaltio
917 452 1137 514 suscipitur
1160 449 1272 507 lacu,
1299 447 1456 510 atqueb
1480 450 1523 493 in
1549 466 1649 494 eum
1671 447 1885 494 conditur.
1903 451 2049 510 Itaque

666 524 777 570 duos
796 524 913 570 lacus
940 525 1079 570 vislor
1104 519 1307 585 egressus,
1333 522 1376 566 in
1403 522 1528 566 tertio
1556 521 1687 566 heret.

1066 677 1213 723 XVIII.
1253 680 1318 722 ‘De
1343 681 1446 721 mari
1473 677 1650 722 Galilee.

731 787 885 834 Noster
910 786 1008 848 sepe
1028 799 1294 830 memoratus
1320 783 1488 828 I‘anflus
1509 782 1710 828 Arculfus
1737 801 1844 827 mare
1872 782 2050 837 Galilee‚

669 858 791 921 quod
816 861 861 904 δε
891 858 1008 903 lacus
1033 854 1273 903 Cinnereth
1307 856 1350 899 ὃς
1376 871 1493 899 mare
1517 851 1757 899 Tiberiadis
1783 853 2054 911 nominatur,

668 948 719 976 ex
743 931 909 975 maiore
937 927 1180 974 circumivit
1200 941 1334 988 parte,
1360 926 1430 970 cui
1456 942 1616 988 magne
1643 924 1826 970 finitime
1846 923 2057 969 adherent

666 1001 776 1048 silve.
808 1002 940 1046 Lacus
970 1000 1073 1063 ipse,
1105 997 1236 1045 veluti
1276 995 1473 1058 quodam
1505 997 1633 1041 maris
1680 994 1845 1041 ambitu
1878 994 2056 1057 amplis-

669 1071 809 1130 simus,
824 1073 868 1117 in
883 1069 1160 1134 longitudine
1179 1085 1354 1114 centum
1379 1069 1423 1112 ὅ(
1444 1066 1736 1131 quadraginta
1754 1065 1887 1112 stadia
1911 1082 2057 1111 exten-

670 1141 796 1201 ditur,
814 1141 1042 1189 latitudine
1058 1139 1350 1203 quadraginta
1365 1136 1634 1195 diffunditur,
1651 1138 1771 1182 cuius
1785 1155 1897 1200 aque
1912 1136 2059 1182 dulces

670 1216 715 1259 ὃς
751 1213 806 1259 ad
842 1212 1091 1276 potandum
1129 1212 1223 1257 sunt
1258 1209 1469 1268 liabiles,⁶'
1503 1207 1715 1271 siquidem
1749 1225 1830 1254 nec
1868 1208 2061 1271 palustris

672 1283 844 1348 uliginis
865 1284 1051 1330 crassum
1077 1282 1243 1346 aliquid
1267 1298 1340 1327 aut
1359 1279 1578 1326 turbidum
1597 1280 1824 1342 recipiunt,
1845 1280 1946 1341 quia
1972 1296 2062 1324 are-

673 1355 783 1401 noso
799 1355 992 1418 undique
1008 1357 1153 1401 littore
1168 1353 1518 1411 circumvenitur,
1540 1350 1655 1397 unde
1668 1353 1712 1396 ὃς
1726 1351 1876 1413 purior
1890 1350 2060 1395 haustus

672 1428 759 1473 eius
794 1444 845 1473 ac
881 1426 1068 1473 melior‘l
1099 1427 1157 1472 est
1195 1424 1250 1471 ad
1277 1425 1411 1470 usum.
1460 1426 1636 1470 Genera
1673 1439 1851 1484 quoque
1880 1422 2063 1484 piscium

675 1499 798 1563 gustu
819 1501 863 1545 ἃ
882 1500 1023 1563 specie
1043 1498 1258 1560 nusquam
1277 1497 1320 1542 in
1346 1495 1432 1541 alio
1451 1495 1563 1541 lacu⁶
1583 1494 1865 1556 prestantiora
1883 1492 2065 1539 inveniri

677 1569 869 1634 poffunt.

742 1643 839 1688 I-Iec
863 1641 1010 1688 brevia
1035 1640 1090 1687 de
1110 1638 1303 1686 Iordanis
1323 1638 1503 1684 exordio
1523 1637 1680 1683 &lacu
1702 1635 1943 1682 Cinnereth
1965 1653 2062 1698 par-

676 1715 754 1759 tim
780 1712 834 1759 de
859 1714 985 1759 tertio
1015 1711 1183 1758 Iudaice
1210 1710 1470 1774 captivitatis
1494 1708 1622 1767 libro,
1647 1708 1806 1771 partim
1826 1706 1880 1752 de
1898 1706 2061 1752 Arculfi

677 1786 941 1848 experientia
970 1800 1171 1846 excerpta
1196 1782 1440 1827 retulimus:
1467 1781 1555 1843 qui,
1584 1796 1628 1825 ut
1652 1780 1740 1842 ipse
1764 1776 2061 1824 indubitanter

678 1857 821 1916 refert,
842 1855 894 1902 ab
915 1872 968 1901 eo
987 1855 1106 1913 loco,
1133 1871 1222 1916 quo
1243 1853 1298 1899 de
1318 1851 1511 1899 faucibus
1531 1852 1660 1897 maris
1679 1850 1851 1896 Galilee
1871 1848 2064 1894 Iordanis

679 1926 911 1992 egreditur,
936 1927 1070 1988 usque
1102 1924 1158 1971 ad
1186 1943 1287 1971 eum
1319 1925 1483 1982 locum,
1521 1922 1594 1969 ubi
1619 1924 1665 1968 in
1696 1939 1813 1967 mare
1843 1921 2066 1966 Mortuum

675 2001 821 2057 intrat,
842 1997 977 2043 odlof
996 1996 1164 2042 dierum
1188 1998 1267 2042 iter
1289 1994 1453 2042 habuit:
1481 1994 1603 2057 quod
1629 1994 1788 2039 scilicet
1806 1991 1925 2037 idem
1950 2009 2068 2036 mare

678 2069 939 2116 salliffimum
974 2068 1029 2114 de
1068 2069 1227 2115 montis
1259 2068 1424 2114 Oliveti
1456 2066 1626 2129 specula
1656 2066 1810 2129 sepius,
1839 2062 1943 2109 sicut
1976 2063 2066 2126 ipse

680 2159 836 2202 narrat,
860 2143 1027 2187 sanGlus
1052 2140 1274 2204 prospexit
1297 2139 1510 2184 Arculfus.

964 2295 1073 2342 XIX.
1113 2298 1179 2340 ‘De
1203 2297 1362 2339 Siclzem
1387 2294 1427 2339 ὃ»
1446 2310 1568 2356 puteo
1596 2296 1796 2339 samarie.

748 2410 961 2465 Amulfus,
997 2407 1195 2454 sacerdos
1232 2408 1413 2465 santstus,
1455 2408 1684 2470 regionem
1714 2407 1905 2452 Samarie
1945 2423 2068 2468 pera-

682 2499 825 2545 grans,
850 2480 905 2526 ad
924 2482 1011 2526 eius
1032 2480 1255 2542 provincie
1274 2479 1471 2542 pervenit
1495 2479 1728 2536 civitatem,
1754 2494 1838 2539 que
1863 2476 2065 2523 hebraice

732 2642 760 2662 a.
787 2631 818 2662 L.
847 2629 992 2662 fluendo.
1020 2649 1062 2653 -—
1095 2630 1126 2661 b.
1156 2629 1190 2661 L.
1222 2627 1333 2672 usque.
1418 2626 1487 2659 lior.
1517 2645 1551 2648 -—
1582 2638 1607 2658 e.
1634 2625 1805 2667 Sicscribo
1831 2632 1867 2658 ut
1892 2627 2001 2668 Beda3
2024 2624 2069 2657 al.

689 2703 730 2707 —
751 2695 778 2717 c.
802 2684 836 2716 L.
865 2683 1033 2716 amabiles.
1060 2703 1102 2707 -
1128 2682 1162 2715 d.
1182 2681 1230 2715 Al.
1252 2682 1355 2717 mol-⁷
1419 2680 1504 2712 loco.
1536 2698 1578 2703 -—
1599 2678 1623 2712 f.
1646 2680 1679 2711 L.
1700 2677 1753 2721 vij.
