2216 3435
391 196 456 228 DE
489 195 626 227 LOCIS
661 194 1048 227 TRANSMARINIS
1083 195 1263 227 SACRIS.
1443 194 1524 245 135

165 350 254 378 ante
277 350 434 390 tempus
456 337 743 376 incarnationis
764 336 829 376 sue
850 351 898 376 ex
924 337 1077 390 virgine
1112 334 1319 389 assumpta,
1340 336 1439 376 olim
1469 351 1538 390 per

164 398 404 451 patriarchas
421 396 459 435 &
476 396 692 449 prophetas
708 396 795 435 suos
812 396 962 435 fecerat
977 393 1111 435 lhesus
1129 394 1312 435 Christus
1331 395 1537 435 Dominus

163 456 307 495 noster.
326 456 520 495 Viventes
538 466 703 495 ovantes
724 456 908 494 venimus
926 453 1190 504 Placentiam,
1211 454 1417 506 propriam
1439 454 1538 492 civi-

163 524 286 553 tatem
307 514 494 565 nostram,
515 512 683 567 politam
705 513 818 567 super
837 514 1007 553 fluvium
1028 515 1096 567 qui
1119 513 1266 552 dicitur
1287 511 1417 552 Padus
1436 511 1539 551 infra

164 579 242 617 iam
263 579 370 619 dicta
385 578 511 619 Italia.

472 935 588 980 lTER
622 937 912 982 ANTONINI
949 937 1232 983 MARTYRIS

643 1044 712 1084 (Ex
731 1043 806 1076 cod.
830 1042 1055 1086 Caduinenfi.)

354 1152 501 1209 Incipit
524 1152 600 1193 iter
626 1151 729 1193 beati
753 1153 960 1194 cAmonini
985 1155 1024 1194 in
1050 1151 1152 1194 locis
1174 1152 1340 1207 sanastis.

236 1248 554 1281 ROCEDENTE
585 1248 688 1280 beato
708 1248 912 1290 Antoniiio,
943 1261 1012 1282 una
1040 1261 1122 1282 cum
1142 1249 1281 1294 collega
1307 1250 1368 1282 suo
1389 1249 1539 1294 egreffus

235 1314 275 1334 ex
305 1301 488 1334 Placentia
516 1301 666 1343 civitate,
699 1301 903 1345 navigantes
934 1314 995 1346 per
1022 1314 1116 1335 mare
1143 1303 1304 1336 venimus
1330 1303 1362 1335 in
1390 1303 1537 1336 insulam

161 1355 308 1400 Ciprum
340 1355 373 1387 in
407 1368 478 1400 qua
508 1354 695 1399 requiescit
722 1355 856 1388 santius
886 1355 1107 1400 Epiphanius
1138 1356 1332 1401 episcopm.
1363 1357 1442 1389 Post
1471 1357 1536 1390 hec

157 1408 318 1441 venimus
346 1408 381 1441 in
399 1417 512 1454 partes
531 1408 626 1450 sirie,
647 1408 680 1441 in
700 1408 847 1442 insulam
869 1409 1082 1442 Santaritum
1111 1409 1208 1442 iuxta
1228 1409 1370 1443 Titum.
1400 1410 1539 1443 Deinde

159 1462 320 1495 venimus
340 1462 602 1495 Ptolomaidam
631 1474 699 1507 que
720 1462 764 1495 est
782 1462 842 1495 sub
863 1470 983 1495 monte
1005 1463 1182 1505 Carmelo‚
1211 1463 1363 1496 miliario
1382 1464 1500 1497 medio
1521 1476 1539 1496 a

161 1515 369 1549 monasterio
389 1515 519 1548 Helisei
538 1516 706 1561 prophete
726 1515 787 1548 ubi
815 1516 969 1549 occurrit
995 1516 1026 1549 ei
1051 1516 1177 1550 mulier
1205 1516 1305 1550 cuius
1332 1517 1443 1550 filium
1476 1517 1542 1550 sus-

170 1569 290 1603 citavit
317 1583 336 1603 a
355 1570 513 1603 mortuis.
543 1570 598 1603 De
617 1569 845 1603 Ptolomaida
864 1569 1041 1603 maritima
1061 1570 1223 1603 venimus
1242 1570 1277 1602 in
1299 1570 1384 1603 fines
1403 1570 1541 1604 Galilee

159 1622 194 1656 in
228 1623 404 1656 civitatem
431 1636 499 1668 que
529 1631 675 1656 vocatur
704 1624 968 1665 Gneocesarea3
996 1623 1121 1656 deinde
1149 1623 1300 1656 miliario
1329 1632 1456 1668 quarto
1485 1636 1542 1657 ve-

159 1676 276 1710 nimus
295 1677 330 1710 in
350 1677 474 1711 Chana
494 1677 632 1710 Galilee
662 1677 722 1710 ubi
742 1677 922 1710 Dominus
949 1676 1018 1710 fuit
1035 1677 1079 1709 ad
1099 1677 1248 1722 nuptias.
1282 1678 1329 1709 Et
1346 1677 1428 1710 inde
1446 1677 1542 1711 veni-

160 1741 238 1763 mus
266 1730 301 1763 in
330 1738 444 1775 partes
465 1730 549 1763 Sirie
573 1730 633 1764 ubi
664 1730 849 1775 requiescit
880 1731 1014 1763 fannus
1035 1730 1207 1763 Leontius
1240 1730 1275 1763 in
1301 1743 1370 1764 una
1399 1730 1539 1764 civitate

163 1782 264 1816 cuius
284 1796 414 1817 nomen
433 1784 534 1817 obliti
555 1785 683 1817 sumus.
706 1786 785 1822 Que
804 1784 926 1817 civitas
947 1792 1106 1828 tempore
1120 1783 1302 1817 Iustiniani
1321 1784 1541 1829 imperatoris

160 1837 316 1870 subversa
351 1837 395 1870 est
429 1850 448 1870 a
485 1845 572 1870 terre
607 1846 706 1870 motu
741 1849 822 1870 cum
857 1837 932 1870 aliis
966 1837 1175 1870 civitatibus.
1211 1837 1384 1871 Venimus
1417 1838 1541 1872 exinde

164 1890 360 1923 Bibbolum
383 1903 451 1935 que
474 1892 505 1924 δε
524 1890 594 1935 ipsa
614 1890 736 1924 civitas
755 1902 836 1923 cum
862 1890 1069 1923 hominibus
1094 1891 1251 1923 subversa
1274 1891 1330 1924 est.
1356 1892 1411 1924 Ex
1429 1891 1540 1937 hin[c]

161 1943 194 1976 in
215 1944 390 1977 civitatem
412 1944 543 1985 Triari,
573 1958 641 1990 que
661 1946 692 1978 δε
711 1945 779 1989 ipsa
800 1945 955 1977 subversa
974 1944 1027 1977 est.
1056 1944 1196 1977 Deinde
1214 1944 1375 1978 venimus
1396 1944 1432 1978 in
1450 1945 1534 1979 civi-

161 2005 267 2030 tatem
300 1997 606 2042 splendidissimam
637 1998 781 2031 nomine
801 1998 958 2040 Beritho,
988 1997 1021 2030 in
1052 2010 1122 2042 qua
1147 2010 1258 2042 nuper
1285 1998 1353 2030 fuit
1379 1998 1529 2032 studium

160 2050 355 2084 litterarum
377 2063 444 2096 que
466 2051 509 2084 est
528 2052 588 2084 sub
608 2059 776 2084 montana
796 2051 933 2084 Libani.
957 2052 992 2084 A
1015 2050 1160 2084 Beritho
1185 2050 1346 2084 venimus
1365 2051 1528 2086 Sidonem

160 2116 229 2149 que
265 2104 407 2137 adheret
434 2104 582 2138 Libano.
614 2105 670 2137 De
696 2105 823 2146 Sidone
853 2104 1012 2138 venimus
1045 2106 1186 2149 Sarepta
1212 2103 1247 2137 in
1278 2117 1348 2149 qua
1373 2105 1417 2138 est
1435 2116 1538 2139 cena-

160 2157 282 2191 culum
310 2157 398 2191 illud
427 2158 524 2203 quod
555 2158 687 2191 fanum
708 2158 822 2191 fuerat
841 2158 946 2191 Helie
964 2159 994 2191 δε
1015 2157 1142 2191 lenum
1164 2158 1223 2190 ubi
1243 2158 1413 2191 recubuit.
1447 2160 1538 2192 Exe—

160 2211 304 2245 untibus
323 2211 424 2245 nobis
443 2212 484 2245 de
506 2214 646 2257 Sarepta
667 2211 826 2245 venimus
847 2211 880 2244 in
901 2211 1078 2245 civitatem
1097 2211 1239 2244 Tiruin.
1256 2212 1294 2244 A
1315 2211 1406 2245 Tiro
1427 2213 1535 2258 usque

160 2265 202 2297 ad
214 2266 355 2310 Sarepta
374 2265 451 2298 sunt
470 2265 618 2298 miliaria
638 2266 843 2310 septem.At
861 2277 942 2298 vero
962 2265 1003 2298 de
1020 2264 1112 2298 Tiro
1128 2264 1288 2298 venimus
1302 2264 1336 2298 in
1357 2265 1535 2299 civitatem

160 2319 333 2351 Nazareth
350 2318 407 2351 ubi
421 2318 567 2363 angelus
584 2319 728 2352 Gabriel
747 2318 975 2352 adnunciavit
991 2318 1102 2351 sancte
1121 2318 1235 2351 Marie
1256 2318 1537 2353 incarnationem

162 2372 321 2405 Domini.
350 2372 405 2405 De
434 2373 608 2405 Nazareth
638 2373 798 2406 venimus
828 2372 861 2405 in
895 2379 1052 2405 montem
1087 2371 1236 2412 Tabor‚
1266 2372 1326 2404 ubi
1358 2372 1538 2406 Dominus

160 2425 424 2469 transfiguratus
452 2425 506 2458 est.
539 2426 592 2459 De
612 2427 738 2459 Tabor
764 2425 923 2459 venimus
953 2425 996 2458 ad
1027 2437 1120 2458 mare
1150 2425 1363 2467 Tiberiadis,
1392 2425 1426 2458 in
1454 2426 1539 2459 civi-

162 2487 268 2512 tatem
291 2491 360 2524 que
394 2480 574 2524 quondam
601 2479 775 2525 appellata
806 2479 851 2514 est
880 2480 1037 2520 Siche1n3
1074 2479 1181 2513 modo
1211 2479 1340 2513 dicitur
1359 2477 1539 2523 Neapolis,

161 2525 195 2564 in
214 2545 285 2577 qua
303 2540 429 2577 puteus
462 2532 506 2565 est
537 2533 595 2566 ubi
617 2532 795 2566 Dominus
823 2546 842 2566 a
862 2533 1007 2566 muliere
1027 2532 1243 2566 Samaritana
1276 2544 1404 2577 aquam
1427 2531 1540 2577 petiit,

161 2585 194 2618 in
214 2585 352 2619 basilica
371 2586 483 2619 Sancli
503 2586 681 2619 Iohannis.
709 2586 846 2619 Deinde
878 2586 1037 2620 venimus
1058 2585 1092 2618 in
1114 2585 1291 2619 civitatem
1313 2584 1535 2619 Tiberiadim

161 2638 196 2671 in
216 2652 286 2684 qua
305 2639 347 2672 est
367 2651 461 2672 mare
482 2639 618 2673 Galilee
635 2651 641 2682 3
676 2641 771 2684 quod
795 2639 910 2673 lacum
932 2638 1088 2672 Iordanis
1108 2638 1202 2672 facit.
1221 2639 1306 2672 Inde
1325 2638 1538 2672 transeuntes

162 2692 320 2726 venimus
345 2693 388 2726 ad
411 2693 500 2726 duos
526 2693 639 2726 fontes
672 2692 802 2726 scilicet
822 2694 880 2726 Ior
910 2693 941 2726 δι
961 2693 1054 2734 Dan,
1084 2692 1144 2738 qui
1163 2692 1199 2725 in
1218 2704 1329 2726 unum
1352 2691 1538 2725 confluunt

162 2746 192 2778 &
211 2745 382 2790 vocitatur
402 2745 570 2780 Iordanis.
593 2746 722 2780 Parvus
742 2745 936 2790 ingreditur
954 2745 989 2778 in
1011 2745 1127 2779 lacum
1154 2745 1251 2791 quod
1271 2752 1417 2779 vocatur
1444 2755 1538 2778 mare
