2216 3435
565 249 947 284 HODOEPORICON
984 251 1015 282 S.
1050 249 1373 282 WILLIBALDI.
1565 248 1652 299 259

295 331 423 338 ——a

280 399 435 444 iterum
452 394 701 441 introduxit.
722 394 767 438 Et
780 392 1006 439 dominico
1028 392 1098 438 die
1117 391 1303 438 ducebat
1319 404 1335 420 Δ
1353 410 1427 437 eos
1445 391 1502 437 ad
1520 393 1655 438 eccle—

282 467 384 514 fiam
407 485 484 530 per
515 465 867 523 mercimonium,
903 481 948 510 ut
972 464 1027 510 de
1052 462 1176 509 rebus
1200 462 1423 509 venalibus
1460 462 1656 509 viderent

281 537 386 600 quid
416 554 570 583 eorum
608 552 802 581 mentem
839 535 1086 593 deletsiaret,
1111 536 1156 580 ὃς
1180 534 1249 579 ille
1274 550 1376 579 tunc
1406 534 1483 578 suo
1514 535 1654 595 pretio

276 609 355 655 illis
381 605 626 654 obtineretb
661 605 876 668 quidquid
902 606 1077 652 illorum
1103 606 1238 651 menti
1261 621 1416 666 aptum
1440 604 1563 649 foret.
1598 604 1653 649 1111

278 681 390 726 cives
428 678 599 724 urbium
632 677 783 724 curiosi
821 678 976 741 iugiter
1011 677 1109 722 illuc
1145 676 1291 723 venire
1324 676 1652 733 consueverant,

276 750 372 795 illos
402 750 622 812 speculari,
660 750 734 811 qui
763 750 939 795 iuvenes
967 750 1012 793 ἃ
1041 747 1189 793 decori
1218 749 1262 792 ὅ(
1286 747 1468 793 vestium
1499 763 1653 791 ornatu

277 820 417 866 induti
436 836 557 866 erant
581 819 706 881 bene.

340 892 481 949 Tunc,
508 892 587 937 illis
616 893 660 936 in
685 908 854 936 carcere
879 887 1271 947 commorantibus,
1303 906 1411 934 unus
1437 888 1574 932 homo
1601 886 1654 933 de

278 963 488 1025 Hispania
512 964 630 1008 venit
648 960 971 1023 &loquebatur
995 978 1095 1006 cum
1120 960 1199 1005 illis
1223 961 1267 1005 in
1289 976 1472 1015 carcere,
1497 961 1542 1004 ὅ(
1564 958 1657 1004 dili-

275 1050 426 1096 genter
449 1032 505 1079 ab
541 1033 619 1078 illis
647 1031 876 1094 inquisivit,
907 1032 982 1093 qui
1013 1029 1149 1076 effent
1184 1033 1256 1076 &⁶
1280 1029 1396 1075 uncle
1427 1028 1574 1075 effent.
1611 1030 1655 1075 Et

275 1104 335 1149 illi
360 1103 557 1149 dixerunt
586 1104 625 1149 ei
653 1104 803 1148 omnia
827 1102 1065 1148 secundum
1089 1100 1291 1147 ordinem
1316 1100 1370 1146 de
1390 1102 1465 1146 suo
1490 1102 1652 1146 itinere.

278 1175 346 1220 Ille
365 1176 581 1238 Hispanus
607 1174 743 1219 homo
766 1171 954 1219 habebat
981 1173 1153 1218 fratrem
1177 1173 1221 1216 in
1245 1172 1408 1234 palatio
1428 1173 1554 1235 regis,
1581 1173 1654 1233 qui

275 1246 354 1291 fuit
372 1245 656 1291 cubicularius
675 1245 785 1308 regis
807 1245 1158 1290 Sarracenorum.
1187 1244 1393 1304 Cumque
1412 1243 1482 1287 ille
1500 1244 1655 1304 preses⁷

274 1317 349 1377 qui
369 1334 444 1362 eos
463 1318 507 1362 in
523 1334 742 1362 carcerem
760 1313 971 1373 mittebat,
1003 1314 1057 1360 ad
1072 1314 1282 1376 palatium
1311 1313 1526 1371 veniebat,
1556 1314 1625 1360 ille
1639 1312 1659 1340 ‘⁴‘

276 1388 507 1449 Hispanus,
527 1388 600 1449 qui
620 1404 721 1432 cum
748 1386 827 1431 iflis
851 1387 896 1430 in
923 1402 1092 1431 carcere
1116 1383 1391 1447 loquebatur,
1416 1387 1461 1430 ἃ
1484 1385 1553 1430 ille
1578 1404 1655 1432 na-

272 1459 401 1517 vitor,
418 1469 430 1486 Β
452 1460 496 1504 111
513 1459 633 1504 cuius
652 1459 752 1504 navi
767 1458 938 1503 fuerunt
957 1456 1135 1519 quando
1156 1456 1398 1520 pergebant
1413 1455 1467 1501 de
1482 1457 1653 1519 Cypro,

274 1547 429 1575 omnes
464 1528 585 1574 fimul
618 1545 830 1575 venerunt
857 1545 1007 1573 coram
1039 1545 1140 1590 rege
1169 1529 1518 1581 Sarracenorum,
1554 1531 1659 1574 cuif

273 1618 438 1647 nomen
465 1601 729 1646 Mirmumni.
764 1600 808 1645 Et
838 1616 940 1644 cum
970 1599 1135 1644 locutio
1160 1610 1180 1637 g
1198 1597 1402 1644 eveniffet
1428 1600 1443 1626 ἢ
1467 1599 1521 1644 de
1558 1601 1652 1645 illo-

275 1690 370 1717 rum
401 1673 541 1730 camin,
574 1671 645 1717 iile
667 1672 883 1734 Hispanus
909 1670 1046 1715 homo
1071 1671 1235 1728 omnia,
1263 1687 1346 1731 que
1372 1670 1431 1715 illi
1455 1669 1653 1717 dixerunt

272 1744 310 1788 ei
331 1744 376 1788 in
396 1760 581 1800 carcere,
607 1743 683 1788 suo
700 1743 916 1787 intimavit
936 1742 1070 1800 fratri,
1087 1743 1132 1786 ὃς
1152 1741 1275 1786 illum
1298 1743 1468 1803 rogavit
1490 1759 1535 1787 ut
1559 1744 1649 1806 regi

271 1813 481 1860 indicaret
503 1814 513 1842 1'
535 1816 579 1859 ὃς
604 1814 650 1859 111
674 1811 857 1859 subfidio
883 1812 962 1858 illis
989 1812 1113 1858 foret.
1142 1812 1234 1857 Post
1260 1812 1340 1857 hec
1367 1814 1524 1875 itaque,
1551 1831 1651 1859 cum

272 1902 426 1931 omnes
439 1886 503 1930 isti
519 1901 601 1930 tres
619 1883 741 1930 simul
759 1901 909 1929 coram
927 1901 1028 1946 rege
1046 1885 1255 1941 venirent,
1274 1882 1291 1922 j
1307 1886 1351 1929 ὃς
1370 1885 1519 1929 omnia
1534 1885 1651 1929 iuxta

272 1956 477 2002 ordinem
505 1955 752 2001 intimando
776 1955 835 2000 1111
861 1953 1104 2000 indicarent
1126 1956 1140 1982 k
1157 1953 1212 1999 cle
1231 1972 1383 1999 eorum
1414 1955 1553 2010 causa,
1583 1955 1652 2000 ille

273 2046 345 2074 rex
363 2028 660 2091 interrogavit,
686 2025 802 2072 unde
827 2024 974 2071 effent.
1002 2025 1046 2070 Et
1070 2025 1128 2070 1111
1150 2024 1370 2071 dixerunt:
1399 2048 1420 2066 <r
1441 2027 1508 2070 De
1535 2027 1650 2070 occi-

273 2097 435 2144 dentali
475 2099 626 2162 plaga,
670 2097 741 2144 ubi
787 2097 850 2142 101
892 2097 1098 2141 occasum
1143 2095 1287 2152 habet,
1338 2097 1399 2141 1111
1452 2096 1650 2141 homines

267 2185 478 2216 venerunt
499 2172 544 2215 ὃς
568 2186 649 2214 nos
674 2169 885 2215 nescimus
912 2183 1068 2212 terram
1096 2167 1204 2213 ultra
1228 2167 1323 2212 illos
1351 2169 1396 2212 ὃς
1431 2166 1534 2211 1111111
1571 2166 1643 2211 11111

271 2258 405 2303 aquas
432 2242 501 2285 »s
528 2241 574 2286 Et
595 2241 663 2286 ifle
694 2258 766 2286 rex
785 2237 1024 2300 respondit,
1052 2239 1109 2284 eis
1139 2238 1308 2284 dicens:
1343 2261 1364 2279 (ι
1392 2239 1542 2301 Qare
1571 2256 1649 2283 nos

272 2310 480 2358 debemus
505 2330 580 2358 eos
603 2314 779 2375 punire?
805 2313 909 2358 Non
936 2308 1097 2356 habent
1122 2326 1355 2373 peccatum
1379 2326 1532 2354 contra
1555 2327 1647 2355 nos.

272 2383 342 2427 Da
360 2383 417 2427 eis
435 2385 564 2443 viam,
583 2385 628 2429 ὃς
646 2382 731 2429 sine
749 2383 846 2428 illos
866 2379 995 2427 abire.
1013 2402 1035 2421 υ
1059 2382 1140 2440 Alij
1162 2382 1378 2438 homines,
1400 2382 1473 2443 qui
1493 2383 1536 2426 in
1556 2398 1646 2426 car-

272 2470 367 2499 cere
390 2452 671 2512 habebantur,
698 2452 919 2499 debebant
939 2453 1114 2498 censum
1134 2450 1313 2497 reddere
1339 2450 1598 2507 tremissem3
1623 2464 1647 2479 Ἠ

317 2560 348 2580 a.
369 2549 402 2580 C.
421 2547 522 2581 ducit.
543 2567 584 2572 —
604 2549 635 2580 b.
655 2547 734 2591 quid
749 2558 913 2580 eorum...
1059 2546 1077 2578 i.
1103 2547 1186 2586 Mb„
1208 2547 1241 2578 C.
1256 2545 1435 2578 indicasset.
1455 2547 1538 2589 —j.
1564 2547 1647 2587 Mb„

271 2601 437 2634 obtineret
467 2602 502 2634 d.
533 2600 566 2633 in
595 2602 628 2634 C.
658 2620 699 2624 ——
726 2612 754 2633 c.
777 2601 860 2640 Mb„
881 2602 916 2633 C.
1001 2601 1034 2633 C.
1055 2599 1240 2632 veniebant.
1258 2619 1301 2623 —
1318 2599 1349 2631 k.
1370 2600 1451 2639 Mb„
1471 2602 1503 2632 C.
1524 2599 1648 2632 indica-

270 2662 337 2687 aut.
357 2674 400 2678 —
425 2654 458 2686 d.
483 2654 551 2687 Mb.
574 2655 603 2686 Sc
627 2653 689 2686 ille.
715 2673 760 2677 —-
786 2665 816 2686 e.
845 2654 915 2686 Mb.
1001 2654 1091 2685 bant.
1121 2672 1161 2676 -
1192 2652 1211 2684 1.
1241 2654 1275 2685 C.
1302 2652 1372 2684 illos
1397 2660 1483 2684 terra
1507 2653 1647 2696 amplius

271 2714 400 2739 nautor.
426 2726 466 2730 —
499 2707 520 2739 1.
548 2709 581 2740 C.
608 2706 713 2739 cuius.
744 2726 789 2730 —
815 2718 847 2750 g.
869 2708 916 2748 C.,
1001 2718 1065 2739 non
1097 2706 1247 2745 habetur,
1272 2705 1431 2738 nescimus
1464 2717 1537 2737 rura
1566 2706 1646 2738 citra

271 2761 300 2793 δι
319 2759 509 2793 collocutio.
539 2780 578 2784 —
603 2760 634 2793 11.
656 2760 728 2793 Mb.
749 2767 914 2793 evenerat.
1001 2759 1082 2792 illos.
1106 2779 1139 2784 —
1171 2771 1213 2791 111.
1235 2760 1303 2793 Mb.
1324 2758 1519 2791 tremeffem.
