2216 3435
626 231 639 260 1
652 229 717 278 94
1186 230 1445 264 Ancum-'us

618 375 745 420 refert
770 376 984 434 Art-ulfus,
1011 377 1053 421 in
1080 375 1212 422 tribus
1241 379 1460 423 continuis
1487 377 1637 424 diebus
1664 379 1759 441 post
1784 379 2006 442 expletum

617 464 784 492 annum
818 448 941 510 super
973 465 1153 494 aureum
1184 448 1339 494 altared
1367 465 1467 494 cum
1499 450 1571 495 tali
1602 451 1791 513 pretiolo
1817 451 2007 497 elevatur

619 519 829 564 thesauro.
869 519 1009 582 Qod
1049 521 1197 581 utique
1237 520 1438 566 altarium
1462 522 1508 566 in
1537 521 1692 567 eadem
1721 520 1904 568 habetur
1937 539 2005 568 ro-

620 589 754 636 tunda
778 590 966 647 ecclelia,
989 590 1101 636 duos
1120 590 1408 655 longitudinis
1432 592 1594 639 habens
1614 592 1785 638 cubitos
1805 595 1851 639 δ(
1869 611 2006 640 unum

616 661 867 707 latitudinis.
905 665 944 708 ln
973 663 1128 715 ternis,
1153 664 1361 725 inquam,
1387 663 1699 710 tantummodo
1729 665 2005 723 anniversarii

616 732 691 779 fibi
717 732 1045 779 succedentibus
1071 732 1223 779 diebus
1248 733 1471 781 dominica
1495 752 1597 781 crux
1618 736 1743 798 super
1765 736 1900 782 altare
1923 736 2007 782 ele·

615 821 711 850 vata
740 806 930 867 ponitur,
957 805 1043 850 hoc
1066 805 1140 861 est,
1159 807 1202 851 in
1223 822 1333 852 cena
1354 807 1553 865 Domini,
1573 823 1662 869 quo
1683 806 1753 852 die
1767 808 2008 870 imperator

613 878 659 921 ὅ(
698 878 907 922 exercitus
952 877 1165 934 militum,
1204 875 1427 923 ecclesiam
1453 878 1673 926 ‚intrantes
1714 880 1760 924 δε
1799 877 1854 924 ad
1895 878 2003 925 illud

614 947 871 994 accedentes
896 949 1043 1007 altare,
1068 965 1218 1011 aperta
1243 949 1314 994 illa
1346 949 1615 995 sacrosanch
1649 949 1874 1013 capsellas
1898 951 2005 998 salu-

613 1037 750 1065 tarem
774 1020 1022 1065 osculantur
1047 1036 1235 1066 crucem.

679 1091 838 1137 Primus
874 1109 974 1137 ante
1006 1108 1160 1137 omnes
1200 1093 1438 1155 imperator
1478 1090 1595 1137 orbis
1630 1092 1751 1138 illam
1794 1093 2004 1140 inclinato

615 1163 830 1208 osculatur
861 1163 996 1218 vultu,
1025 1162 1201 1217 deinde,
1239 1165 1356 1209 iuxta
1386 1163 1697 1209 conditionum
1732 1165 1802 1211 vel
1837 1182 2003 1212 etatum

613 1235 814 1281 ordinem
840 1252 949 1280 unus
973 1235 1069 1297 post
1095 1253 1233 1280 unum
1252 1234 1481 1295 accedens,
1505 1235 1766 1282 honorabile
1790 1237 2004 1284 osculatur

614 1305 870 1369 patibulum.
899 1305 1081 1352 Proinde
1106 1307 1289 1352 crastino
1310 1305 1394 1364 die,
1422 1308 1509 1352 hoc
1534 1307 1607 1366 est,
1632 1307 1748 1353 sexta
1773 1308 1878 1355 feria
1902 1325 2003 1355 ante

613 1379 786 1442 pascha,
812 1379 976 1441 regina,
992 1389 1004 1406 ⁶
1028 1396 1229 1424 matrone
1246 1381 1291 1424 δε
1312 1397 1465 1426 omnes
1483 1381 1639 1444 populi
1658 1381 1859 1427 mulieres
1877 1380 2003 1444 supra

611 1466 859 1495 memorato
898 1449 1052 1495 ordine
1088 1449 1306 1496 accedunt
1338 1452 1383 1496 ἃ
1419 1468 1521 1497 cum
1558 1453 1683 1498 omni
1717 1452 2002 1498 veneratione

611 1521 870 1566 osculantur.
898 1521 1048 1567 Tertio
1077 1521 1161 1580 die,
1186 1522 1275 1567 hoc
1298 1523 1357 1568 est
1382 1522 1561 1569 sabbato
1599 1523 1804 1587 paschali,
1830 1523 1999 1586 episco-

610 1609 689 1654 pus
713 1595 759 1638 &
784 1594 1002 1639 universus
1029 1594 1126 1657 post
1153 1612 1255 1640 eum
1280 1594 1416 1640 clerus
1440 1612 1542 1640 cum
1559 1596 1717 1640 timore
1739 1596 1785 1640 &
1809 1611 1999 1640 tremore

608 1667 652 1710 ἃ
670 1666 910 1729 omnigena
927 1665 1264 1712 honorificentia
1279 1665 1497 1712 accedunt
1510 1665 1762 1725 ordinatim,
1776 1665 2003 1712 victoriale

609 1736 850 1782 osculantes
870 1737 1051 1801 lignum,
1073 1738 1116 1782 in
1133 1738 1205 1783 sua
1221 1735 1410 1800 politum
1435 1738 1576 1801 capsa.
1597 1737 1826 1799 finitisque
1843 1736 2000 1783 sanffis
2035 1731 2040 1738 ’

607 1809 652 1853 δε
681 1807 847 1854 letificis
879 1807 1035 1854 talibus
1067 1809 1336 1854 lacrol'ancffe
1371 1811 1506 1855 crucis
1538 1807 1892 1868 osculationibus,
1928 1807 2001 1854 illa

609 1879 866 1926 veneiabilis
888 1880 1017 1943 capsa
1043 1879 1272 1939 clauditur,
1297 1882 1343 1926 ὅ(
1366 1879 1423 1926 ad
1449 1881 1574 1926 suum
1598 1897 1702 1926 cum
1726 1880 1800 1926 tali
1817 1879 1997 1927 honori-

610 1949 696 1996 fico
724 1951 925 1998 thesauro
951 1969 1196 2015 reportatur
1220 1952 1466 1998 armarium.

672 2021 756 2068 Sed
774 2025 819 2069 δε
840 2024 926 2069 hoc
945 2041 1037 2069 non
1059 2024 1335 2087 negligenter
1352 2023 1628 2081 intuendum,
1651 2022 1775 2085 quod
1788 2040 1879 2069 non
1892 2022 2001 2082 duo,

609 2093 679 2139 sed
718 2096 795 2140 tria
833 2094 999 2141 ibidem
1035 2097 1172 2140 crucis
1206 2093 1447 2140 habeantur
1476 2094 1624 2141 brevia
1647 2095 1781 2158 ligna,
1814 2095 1902 2140 hoc
1926 2093 2000 2152 est,

609 2167 894 2212 transversum
919 2167 1105 2231 lignum,
1131 2169 1176 2212 ὅ(
1197 2167 1384 2231 longum
1401 2167 1583 2213 incisum
1601 2168 1646 2212 δε
1669 2167 1714 2211 in
1739 2164 1846 2211 duas
1863 2182 1998 2228 equas

607 2236 796 2283 divisum
828 2255 985 2300 partes,
1020 2256 1043 2284 e
1077 2236 1231 2300 quibus
1257 2238 1475 2301 tripartitis
1499 2235 1831 2283 honorabilibus
1853 2236 1998 2300 lignis,

608 2308 786 2370 quando
822 2310 892 2355 illa
924 2311 1114 2372 aperitur
1150 2309 1293 2372 capsa,
1319 2309 1415 2354 miri
1445 2308 1592 2354 odoris
1619 2308 1867 2372 fragrantia,
1893 2323 1945 2353 ac
1967 2305 1997 2352 fi

607 2382 808 2425 omnium
836 2379 996 2426 florum
1021 2379 1127 2427 inibi
1151 2380 1453 2439 collectorum,
1472 2378 1678 2426 mirabilis
1702 2379 1836 2442 plena
1862 2378 1996 2424 suavi-

607 2468 692 2498 tate
726 2453 927 2502 exoritur.
961 2453 1115 2498 satians
1153 2453 1198 2497 δί
1238 2450 1448 2497 letificans
1485 2468 1638 2497 omnes
1677 2452 1722 2496 in
1758 2449 1995 2513 propatulo

607 2525 717 2568 intra
742 2523 853 2568 illius
879 2521 1054 2568 ecclesie
1078 2524 1261 2586 parietes
1281 2523 1505 2567 interiores
1531 2520 1710 2584 positos,
1736 2522 1811 2583 qui
1834 2519 1996 2566 eodem

607 2596 816 2657 temporis
858 2593 996 2656 spatio
1032 2595 1239 2639 intrantes
1267 2593 1397 2652 stant3
1427 2610 1533 2638 nam
1563 2591 1617 2638 de
1644 2591 1801 2638 nodisd
1821 2607 1994 2637 eorum·

654 2717 683 2737 a.
714 2706 807 2738 stn.
838 2705 894 2738 'sub
926 2705 1029 2738 altare
1056 2717 1180 2738 ereum*
1213 2723 1255 2729 -—
1339 2705 1461 2748 regine.
1488 2723 1529 2728 --
1556 2705 1589 2737 d.
1615 2705 1648 2737 Β.
1670 2715 1746 2736 nam
1768 2704 1799 2736 δε
1818 2702 1927 2743 nobb,
1950 2703 1991 2736 G.

608 2760 639 2790 b.
659 2757 766 2802 Grcgl'.
785 2757 919 2802 capella.
943 2777 985 2782 —-
1007 2770 1033 2791 c⁴
1055 2758 1106 2790 Sic
1124 2769 1189 2801 ego,
1209 2757 1282 2801 al„
1341 2757 1383 2790 de
1409 2757 1516 2790 nobis.
