2216 3435
523 586 618 642 DE
671 584 822 641 ITIN
833 583 953 640 ERE
999 580 1402 639 FRISONUM.

677 714 739 755 [Ex
758 712 898 745 Emonis
913 711 1065 746 Chronico
1080 712 1243 754 (-1237).]

499 1176 507 1185 l
533 1174 557 1191 sl*

466 1187 468 1200 ¹
517 1174 715 1247 5³)NNO
751 1172 971 1218 dominice
1008 1172 1314 1217 incarnationis
1354 1185 1470 1230 1217
1507 1173 1650 1234 ponti·
1670 1180 1784 1251 13:1⁷ss

524 1245 733 1310 ssficatus
753 1244 907 1290 domni
928 1244 1113 1300 Honorij
1137 1260 1249 1305 pape
1271 1242 1475 1300 secundo,
1496 1243 1648 1288 ultimo
1793 1237 1797 1240 ⁴

286 1317 334 1416 {3
390 1376 394 1379 μ
531 1305 652 1401 ᾃέάίε
678 1313 829 1360 meniis
854 1315 969 1373 Maij‚
1000 1314 1161 1359 natales
1187 1313 1291 1358 fines
1315 1315 1359 1358 ὃς
1383 1331 1483 1359 arva
1508 1313 1651 1360 dulcia

314 1433 325 1441 c
449 1417 478 1424 »
511 1384 840 1447 Qsslinquentes,
878 1385 1094 1447 primicias
1124 1384 1481 1447 peregrinationis
1510 1387 1649 1432 nostre

275 1454 502 1501 libavimus
524 1457 575 1514 ei,
602 1458 674 1518 qui
693 1474 871 1519 peregre
891 1455 1164 1518 proficiscens
1183 1456 1263 1500 suis
1286 1453 1403 1500 bona
1424 1456 1495 1501 sua
1515 1474 1650 1518 quan·

276 1527 423 1588 doque
448 1544 547 1572 cum
573 1528 702 1573 usuris
729 1543 920 1589 repetere
945 1525 1163 1572 distribuit.
1202 1527 1273 1572 Per
1296 1526 1481 1571 hostium
1507 1529 1651 1590 itaque

275 1598 424 1644 Lavice
441 1596 629 1644 fluminis
648 1600 691 1644 in
717 1599 849 1644 altum
872 1599 1020 1657 emiffi,
1046 1599 1182 1644 ventis
1203 1596 1258 1643 usi
1278 1615 1359 1659 pro
1379 1615 1484 1644 voto
1505 1600 1650 1646 secun-

276 1668 354 1727 dis,
391 1668 460 1714 die
485 1671 617 1715 tercio
653 1670 860 1733 Angliam
884 1669 1081 1716 Vidimus.
1120 1670 1270 1732 Quam
1296 1686 1372 1731 pre
1397 1669 1530 1714 oculis
1558 1673 1601 1716 ὃς
1627 1689 1651 1716 a
1672 1684 1735 1712 Iun.
1754 1694 1780 1712 2.

277 1739 430 1786 dextris
465 1739 686 1797 habentes,
728 1741 908 1786 insulam
952 1758 1036 1802 que
1079 1740 1234 1786 dicitur
1262 1740 1395 1785 Wich
1439 1743 1650 1801 venimus,

278 1829 362 1873 que
392 1812 500 1856 mari
532 1812 766 1857 excedente
798 1811 931 1858 divisa
964 1810 1018 1856 ab
1043 1812 1200 1874 Anglia
1236 1828 1312 1873 per
1344 1811 1382 1856 se
1417 1812 1517 1857 facit
1541 1814 1652 1858 insu-

275 1884 377 1941 lam,
418 1882 491 1928 sed
527 1882 719 1928 debitam
745 1883 902 1946 Anglie
941 1883 1075 1927 servat
1099 1881 1406 1927 obedientiam.
1449 1884 1652 1944 Sequenti

277 1970 421 1999 autem
446 1953 515 1999 die
539 1952 700 1999 sabbati
725 1953 1052 1999 Deutenmutha
1077 1954 1365 2016 pervenimus,
1407 1951 1477 1998 ubi
1505 1971 1652 2016 portus
1672 1964 1735 1992 Iun·
1756 1972 1781 2001 3-

277 2025 386 2071 inter
410 2024 519 2070 duos
543 2041 714 2070 montes
739 2025 847 2070 altos
864 2023 1031 2069 sinuoso
1052 2041 1133 2069 nos
1157 2024 1333 2086 collegit
1347 2025 1562 2085 amplexu,
1581 2024 1652 2070 ubi

279 2094 512 2142 I-Iollendie
547 2097 757 2141 comitem
787 2098 831 2141 ὃς
861 2097 1071 2141 comitem
1101 2095 1155 2140 de
1185 2094 1347 2140 Wetha
1379 2112 1477 2139 cum
1511 2097 1652 2142 multis

277 2168 373 2212 viris
410 2165 627 2212 nobilibus
671 2181 754 2212 112
799 2165 981 2213 navibus
1019 2166 1224 2213 advecffis
1266 2168 1521 2212 invenimus,
1569 2165 1650 2213 Ubi

277 2236 454 2283 confilio
480 2237 759 2300 prudentiore
783 2238 1068 2301 promulgatis
1092 2236 1260 2301 legibus
1293 2239 1335 2282 in
1362 2240 1545 2283 exercitu
1574 2239 1651 2282 ser-

277 2308 441 2366 wamelis,
467 2308 670 2355 omnibus
695 2327 874 2371 quoque
894 2309 949 2355 ad
975 2309 1150 2355 [alutem
1170 2310 1412 2354 animarum
1431 2311 1475 2354 ὃς
1496 2326 1651 2371 pacem

277 2379 589 2442 pertinentibus
630 2382 705 2426 rite
746 2379 967 2442 dispositis,
1009 2397 1156 2425 comes
1200 2379 1254 2425 de
1283 2380 1446 2425 Wetha
1488 2379 1649 2442 predux

279 2452 415 2495 tocius
440 2450 572 2496 claffis
596 2452 654 2496 est
672 2452 844 2509 decius,
870 2452 1102 2513 posteriore
1128 2450 1320 2496 custodia
1340 2453 1488 2496 comiti
1509 2461 1518 2480 ¹
1542 2452 1649 2497 l-lol-

277 2521 456 2567 landie2
474 2521 694 2584 deputata,
734 2539 866 2584 quem
897 2521 1054 2568 ducem
1077 2524 1121 2566 δε
1156 2521 1387 2567 dominum
1414 2524 1499 2567 iam
1535 2538 1647 2567 totus

279 2590 353 2637 sibi
377 2591 596 2655 delegerat
620 2593 839 2638 exercitus.
876 2593 957 2638 Die
978 2593 1104 2655 igitur
1128 2592 1353 2637 dominico
1378 2593 1645 2654 aliquantum
1667 2607 1764 2643 iuna

333 2767 342 2787 1
367 2755 404 2787 A.
425 2753 556 2786 comite.
573 2773 617 2776 —-
636 2766 653 2786 2
678 2754 713 2786 A.
736 2753 939 2791 Hollandrie,
957 2765 1039 2785 corr.
1054 2752 1293 2797 βιχγινινζψνῃίο.
