2216 3435
600 226 692 274 214
1032 222 1171 256 BEDA
1207 221 1536 254 VENERABILIS

711 364 774 408 IX
809 368 907 421 (viij,
928 367 981 418 ix,
1001 382 1039 417 x,
1059 367 1129 421 xj).
1152 365 1300 421 Desttu
1318 365 1490 417 Hebron,
1506 367 1548 405 de
1566 364 1768 417 Mambre,
1783 368 1827 407 &³
1843 382 1970 406 monu-

806 428 930 466 mentis
949 436 1103 480 patrum
1125 426 1169 464 ἔθ’
1189 425 1331 476 Adam,
1351 426 1393 464 de
1410 425 1541 479 pineto.

733 485 773 526 X
809 486 893 540 (xij,
913 485 1013 539 xiij).
1034 485 1098 525 De
1120 484 1260 524 Iericho
1286 485 1331 524 &
1350 484 1432 524 locis
1458 484 1614 543 eiusdem
1622 484 1778 543 sanHis,
1799 485 1841 525 de
1861 484 1970 526 eccle-

798 544 864 601 sta
887 543 1062 598 Galgalis
1080 543 1242 597 &fonte
1263 542 1420 601 Helisei‚
1440 543 1483 583 de
1502 554 1632 598 campo
1650 559 1793 598 magno.

708 603 771 645 XI
807 605 889 658 (xv,
908 604 1004 657 xvij,
1024 603 1151 656 xviij).
1173 603 1236 642 De
1258 603 1419 643 Iordane
1437 605 1481 643 Εἴ
1501 603 1603 643 mari
1624 602 1782 644 Galilee.

688 662 772 705 XII
808 665 889 718 (xv,
909 664 1006 718 xvj).
1034 663 1098 703 De
1122 663 1225 703 mari
1244 662 1405 703 Mortuo
1432 665 1476 704 ἔθ’
1502 672 1645 703 natura
1672 663 1745 703 eius
1755 662 1843 719 stve
1863 664 1974 704 adia-

806 733 913 764 centis
932 732 1045 763 terre.

666 781 772 824 XIII
808 784 919 837 (xiv).
941 783 1004 822 De
1023 783 1108 834 loco,
1126 782 1164 821 in
1185 798 1252 836 quo
1272 782 1456 822 Dominus
1477 782 1692 836 baptizatus
1711 782 1772 836 est.

666 848 769 890 XIV
807 849 904 902 (xxj,
924 848 1005 901 xx).
1028 848 1092 888 De
1111 848 1254 902 locustis
1271 850 1316 889 {9⁵
1335 845 1439 888 melle
1451 846 1627 903 silvestri
1651 849 1813 902 &fonte
1830 847 1970 889 Iohan-

806 909 859 949 nis
880 909 941 948 Ba
970 908 997 948 ti
1033 924 1063 948 e.

689 969 772 1010 XV
809 968 922 1021 (xix).
940 908 1125 1022 ,jbestfonte
1146 967 1256 1008 Iacob
1275 968 1382 1008 iuxta
1403 967 1552 1008 Sichem.

665 1026 770 1070 XVI
807 1028 919 1081 (xxij,
948 1028 1060 1080 xviij,
1095 1027 1207 1082 xxiij,
1236 1028 1361 1079 xxiv).
1391 1027 1456 1067 De
1489 1025 1690 1067 Tiberiade
1717 1029 1762 1068 δ’
1794 1027 1973 1082 Caphar-

806 1104 921 1128 naum
940 1090 985 1128 &
1005 1087 1216 1128 Nazareth
1234 1089 1278 1128 {5⁷
1299 1087 1340 1126 de
1361 1086 1444 1127 locis
1463 1087 1594 1127 ibidem
1604 1087 1759 1145 sanHis.

643 1146 771 1188 XVII
807 1148 931 1201 (xxv).
953 1147 1017 1187 De
1036 1157 1151 1187 monte
1175 1146 1304 1188 Tabor
1323 1149 1367 1188 Εἴ
1387 1147 1504 1187 tribus
1525 1145 1676 1202 ecclesiis
1683 1147 1807 1206 super
1828 1163 1920 1189 eum.

626 1205 775 1249 XVIII
811 1208 949 1262 (xxvj).
972 1208 1034 1247 De
1046 1207 1124 1263 fitu
1145 1207 1344 1266 Damasci.

664 1264 771 1307 XIX
808 1267 976 1322 (xxviij).
999 1266 1148 1322 Desttu
1165 1266 1405 1318 Alexandrie,
1425 1268 1468 1306 de
1484 1265 1646 1322 ecclefia,
1659 1267 1697 1305 in
1719 1282 1793 1321 qua
1809 1268 1974 1327 requieff-

805 1326 852 1366 cit
871 1326 1043 1367 Marcus
1062 1327 1324 1382 Evangelista,
1345 1328 1390 1366 ὅ
1410 1327 1452 1366 de
1472 1325 1578 1367 Nilo.

683 1385 768 1426 XX
804 1386 888 1439 (lib.
910 1397 1014 1438 tert.,
1029 1387 1076 1441 j).
1104 1387 1168 1426 De
1188 1386 1510 1441 Constantinopoli,
1529 1388 1574 1428 ἔθ’
1595 1386 1751 1443 basilica
1768 1387 1806 1426 in
1827 1402 1884 1439 ea,
1905 1402 1971 1441 que

807 1461 949 1486 crucem
970 1446 1127 1487 Domini
1145 1447 1306 1487 continet.

667 1503 787 1546 XXI.
807 1505 993 1561 Epilogus.

671 1751 737 1792 ‘De
761 1748 863 1793 locis
875 1749 1036 1809 sancqis
1060 1748 1237 1803 libellus,
1264 1765 1376 1806 quem
1401 1749 1450 1791 de
1474 1747 1676 1807 opusculis
1703 1749 1898 1791 maiorum

949 1820 1214 1864 abbreviando
1240 1820 1354 1863 Beda
1379 1820 1613 1879 composuit.

595 1959 807 2024 Descripfi
831 1959 1016 2008 breviter
1039 1960 1231 2023 finesque
1255 1958 1436 2024 fitusque
1458 1961 1676 2019 locorum,

757 2033 916 2096 Pagina
939 2032 1056 2078 sacra
1085 2032 1224 2097 magis
1250 2049 1335 2095 que
1359 2030 1649 2079 memoranda
1671 2031 1813 2092 refert,

595 2103 724 2164 Beda,
759 2104 941 2166 sequens
965 2120 1161 2151 veterum
1186 2121 1475 2150 monumenta
1499 2103 1709 2166 fimulque
1738 2120 1975 2163 novorum,

758 2175 922 2222 Charta
951 2177 1255 2240 magistrorum
1279 2194 1365 2239 que
1387 2177 1512 2222 sonet
1534 2175 1777 2239 inspiciens.

597 2248 682 2305 Da,
709 2247 811 2307 lesu,
839 2264 884 2294 ut
908 2248 1096 2312 patriam
1120 2248 1289 2312 semper
1312 2247 1542 2295 tendamus
1566 2246 1622 2293 ad
1649 2246 1783 2308 illam,

762 2319 913 2382 Quam
938 2318 1037 2366 beat
1057 2335 1254 2367 eternum
1276 2318 1379 2367 vifio
1404 2320 1573 2367 summa
1597 2321 1676 2366 tui!
