2216 3435
656 124 667 152 1
686 121 741 168 14
1053 115 1350 149 ANTONINUS
1376 114 1609 148 MARTYR

647 282 742 312 mus
759 266 907 328 itaque
930 266 973 310 in
996 268 1172 309 Plzaram
1194 264 1430 322 civitatem,
1452 263 1494 308 in
1522 279 1607 324 qua
1628 263 1842 326 pugnavit
1861 261 2030 321 Moyses

647 353 748 382 cum
774 338 1005 383 Amalech:
1044 336 1114 382 ubi
1152 337 1209 382 est
1235 336 1492 391 oratorium,
1533 335 1653 378 cuius
1688 334 1820 379 altare
1845 331 2031 395 positum

647 410 705 454 est
729 409 855 473 super
879 409 1046 472 lapides
1072 410 1180 461 illos,
1223 424 1333 470 quos
1365 407 1604 470 posuerunt
1627 404 1763 466 Moysi
1795 406 1951 451 oranti.
1991 408 2033 451 In

645 483 740 544 ipso
764 483 868 527 loco
895 482 953 527 est
978 483 1126 527 civitas
1158 481 1327 525 munita
1364 479 1495 523 muris
1531 496 1553 523 e
1583 476 1800 536 lateribus,
1838 480 1881 522 ὅ(
1912 477 2035 522 locus

649 554 778 600 valde
815 554 959 599 sterilis
991 564 1161 616 preter⁶²
1190 568 1341 613 aquas
1380 549 1439 595 lbi
1470 566 1750 594 occurrerunt
1778 548 1906 594 nobis
1941 567 2034 594 mu-

646 627 769 672 lieres
808 643 909 671 cum
945 622 1197 680 infantibus,
1236 622 1404 685 palmas
1435 622 1477 667 in
1518 619 1716 666 manibus
1745 636 1968 683 portantes
1992 623 2037 666 ὃς

647 698 860 762 ampullas
892 714 994 742 cum
1020 695 1265 757 raphanino
1295 694 1417 753 oleo3
1445 694 1656 756 prostrate
1676 692 1862 755 pedihus
1885 693 2036 738 nostris

650 770 821 832 plantas
847 769 1010 813 nostras
1043 765 1270 830 ungebant
1299 767 1343 810 &
1368 766 1512 827 capita
1542 766 1701 825 nostra,
1725 766 1874 828 lingua
1899 782 2036 828 egyp-

649 842 761 887 tiaca
794 840 1022 903 psallentes
1064 837 1374 900 antiphonam:
1406 835 1627 882 Benedic‘ti
1661 854 1740 883 vos
1776 855 1801 882 a
1837 836 2037 882 Domino

662 912 1003 974 benediclusque
1028 909 1241 956 adventus
1267 909 1416 967 vester,
1436 908 1650 954 I-losanna
1672 909 1718 954 in
1745 906 1925 954 excelfis.
1947 908 2039 971 Ipsa

651 1002 760 1031 terra
785 985 842 1030 est
868 982 1216 1039 Madianitarum‚
1253 983 1297 1025 ὃς
1334 978 1409 1043 ipfi
1438 979 1632 1025 habitant
1665 981 1709 1025 in
1733 980 1825 1042 ipsa
1849 981 2038 1038 civitate,

650 1057 816 1115 dicitur,
843 1055 945 1117 quia
964 1072 1014 1100 ex
1040 1053 1202 1099 familia
1228 1052 1382 1111 lethro‚
1402 1052 1537 1097 soceri
1558 1050 1731 1111 Moyfis‚
1757 1050 2037 1097 descendunt.

652 1128 913 1192 Oelingenti
938 1125 1164 1172 condome
1185 1125 1419 1169 militantes
1444 1125 1488 1168 in
1514 1122 1692 1186 publico
1713 1140 1815 1168 cum
1834 1121 2040 1169 uxoribus

647 1202 728 1246 fuis
767 1217 902 1256 erant,
946 1214 1173 1244 annonam
1206 1199 1251 1241 ὃς
1292 1196 1426 1242 vestes
1463 1197 1725 1258 accipientes
1767 1212 1818 1240 ex
1852 1194 2037 1258 Egypro,

649 1273 819 1318 nullum
842 1270 1041 1316 laborem
1065 1267 1287 1326 hahentes,
1326 1269 1427 1329 quia
1453 1284 1534 1313 nec
1558 1266 1734 1327 habent,
1771 1265 1845 1312 ubi
1874 1266 2038 1324 (solum

648 1345 833 1404 colant),
870 1360 923 1388 eo
950 1341 1072 1404 quod
1099 1357 1244 1386 totum
1275 1340 1412 1385 arenis
1445 1338 1686 1402 (constat)3
1716 1341 1761 1384 ὅς
1791 1355 1932 1401 preter
1956 1337 2037 1384 sin-

649 1417 778 1480 gulos
803 1414 894 1460 dies
919 1412 1082 1459 hahent
1106 1411 1291 1476 lingulas
1316 1429 1451 1473 equas
1476 1412 1733 1469 sarracenas,
1755 1409 1876 1474 (per)
1895 1411 2040 1473 capita

650 1488 796 1550 paleas
826 1489 871 1532 ὅς
901 1484 1117 1531 hordeum
1153 1484 1208 1529 de
1237 1481 1416 1547 publico
1447 1484 1724 1546 accipientes,
1757 1482 2039 1527 discurrentes

650 1577 754 1605 cum
782 1557 879 1622 ipsis
910 1575 987 1620 per
1021 1574 1218 1602 eremum
1254 1572 1334 1617 pro
1372 1553 1568 1600 custodia
1597 1554 1960 1599 monasteriorum
1994 1556 2039 1599 ὃς

648 1633 924 1678 eremitarum
948 1645 1128 1692 propter
1148 1625 1319 1672 infidias
1340 1628 1692 1672 sarracenorum.
1713 1627 1829 1670 Ante
1849 1642 2039 1687 quorum

648 1705 854 1750 timorem
893 1719 986 1746 non
1021 1700 1295 1763 exagitantur
1327 1699 1578 1757 Sarraceni3
1609 1716 1715 1744 nam
1749 1713 1953 1743 exeuntes
1984 1694 2039 1741 de

647 1776 740 1839 ipsa
765 1775 951 1832 civitate,
979 1773 1151 1818 fontem
1174 1771 1234 1816 illi
1259 1771 1418 1816 serrant
1448 1773 1493 1816 ὅς
1518 1771 1660 1817 claves
1690 1769 1852 1815 tollunt
1874 1769 2035 1814 secum.

649 1847 694 1893 Et
717 1846 777 1891 illi
803 1844 984 1907 quidem
1014 1842 1068 1889 ab
1102 1844 1215 1888 intus
1253 1841 1440 1887 similiter
1474 1841 1640 1887 faciunt
1664 1857 1845 1904 propter
1869 1837 2038 1885 insidias

648 1920 1000 1974 sarracenorum,
1038 1916 1138 1977 quia
1162 1931 1244 1960 nec
1268 1911 1445 1973 habent,
1477 1911 1551 1958 ubi
1577 1929 1732 1959 exeant
1757 1911 1874 1970 foris,
1900 1925 2039 1973 preter

650 1991 793 2038 celum
817 1991 861 2035 δε
886 2005 1075 2034 arenam.

646 2152 747 2199 XLI.
802 2151 1063 2212 c‘s‘lffczgdolus,
1115 2151 1280 2203 Sochoz,
1327 2148 1451 2202 Elim,
1502 2146 1760 2201 Garandala,
1811 2150 2035 2192 oratorium

1148 2222 1330 2281 ffloyfis,
1361 2219 1536 2279 Clysma.

713 2346 870 2394 Exinde
894 2347 1091 2392 venimus
1112 2344 1374 2405 magdolum
1399 2343 1444 2386 ὅ(
1467 2344 1619 2386 Saclzot
1634 2342 1679 2385 ὃ(
1697 2338 1753 2386 ad
1776 2340 1943 2399 locum,
1963 2338 2038 2386 ubi

648 2423 744 2469 sunt
757 2423 1024 2481 septuaginta
1043 2418 1182 2477 palme
1208 2417 1252 2460 ὅς
1277 2412 1517 2459 duodecim
1542 2412 1702 2470 fontes,
1727 2414 1772 2457 ὃς
1797 2411 2034 2475 applicavi-

649 2509 745 2539 mus
778 2488 838 2535 ibi
868 2489 978 2535 duos
1016 2487 1148 2545 dies,b
1180 2486 1350 2550 fatigati
1386 2484 1483 2548 post
1522 2499 1668 2529 tantos
1699 2482 1871 2529 labores
1903 2499 2035 2545 atque

648 2563 783 2609 eremi
805 2562 1062 2609 vastitatem.
1105 2563 1149 2605 ln
1187 2575 1276 2621 quo
1306 2557 1410 2603 loco
1446 2555 1505 2602 est
1540 2554 1761 2601 castellum
1784 2552 2030 2614 modicum,

697 2737 726 2757 a.
749 2726 801 2766 G.‚
818 2722 863 2756 al.
883 2730 1029 2768 propter.
1051 2740 1092 2745 —
1114 2722 1145 2754 b.
1168 2722 1200 2754 P.
1220 2718 1290 2752 dies
1317 2713 1452 2751 ffiultos.
