2216 3435
514 278 579 310 DE
607 278 839 310 IOHANNE
866 279 998 311 REGE
1025 278 1326 311 IERUSALEM.
1536 281 1620 327 127

249 424 587 481 lherosolimam,
612 423 836 469 confilium
857 425 1054 470 fecerunt
1071 426 1217 469 venire
1237 425 1360 486 super
1379 442 1472 471 nos.
1494 427 1621 488 Prop-
1643 447 1719 476 1219

247 514 306 542 ter
331 497 431 559 hoc,
459 494 580 556 quod
611 497 739 557 pauci
776 514 958 552 eramus,
998 512 1259 559 putaverunt
1295 495 1501 541 devorare
1526 513 1622 554 nos,

246 567 346 613 sicut
366 568 487 612 multi
510 568 695 613 famelici
711 587 846 614 unum
866 586 1041 630 panem,
1061 568 1205 612 &iam
1224 566 1455 612 diviserant
1473 570 1622 614 omnia

243 638 406 693 nostra,
433 636 504 682 sed
536 640 674 701 gratia
708 640 789 684 Dei
819 656 869 684 ex
903 639 980 683 illis
1011 638 1133 683 multi
1169 638 1329 682 mortui
1363 638 1546 695 fuerunt,
1578 641 1624 684 ἃ

242 707 372 753 nichil
398 707 523 753 nobis
558 726 810 754 nocuerunt.
847 710 1007 754 Nonne
1042 710 1085 753 in
1111 709 1289 770 epistola
1314 709 1423 753 Pauli
1450 709 1620 772 legitur:

241 781 289 822 si
321 782 434 823 Deus
458 798 533 840 pro
564 783 693 835 nobis,
726 786 815 840 quis
843 797 978 825 contra
1004 785 1110 824 nos?
1146 778 1367 840 (Roman,
1395 793 1497 835 VIII,
1527 782 1620 843 31.)

244 850 375 894 Certe
398 851 629 912 unicuique
648 852 833 896 vestrum
851 851 1007 911 loquar
1023 867 1123 894 cum
1141 850 1342 905 lacrimis,
1368 850 1490 911 quod
1506 867 1622 896 tanta

241 937 329 965 erat
354 922 519 965 miseria
543 922 699 979 nostra,
739 920 859 983 quod
884 920 987 966 ficut
1012 921 1205 966 infirmus
1234 920 1441 966 desiderat
1467 924 1617 968 sanita-

242 1009 342 1046 tem7
387 994 442 1036 ita
471 991 815 1037 defiderabamus
846 992 992 1037 videre
1022 993 1211 1037 virencia
1236 991 1478 1050 herbarum,
1516 995 1617 1054 quia

241 1061 367 1107 herba
391 1063 530 1107 nostra
552 1081 641 1108 non
666 1082 753 1108 erat
773 1062 845 1108 nisi
869 1062 1074 1108 sabulum.
1098 1062 1225 1107 Nulla
1246 1065 1409 1125 quippe
1428 1064 1617 1110 humana

241 1133 389 1197 lingua
422 1134 549 1196 plane
582 1133 705 1180 vobis
736 1132 949 1196 explicare
979 1133 1117 1196 poffet
1140 1134 1353 1178 miseriam
1373 1137 1417 1179 ὃς
1441 1135 1620 1180 infirmi-

242 1220 374 1249 tatem
399 1205 601 1263 nostram,
640 1207 685 1249 ὃ(
711 1204 928 1260 defideria,
966 1221 1049 1265 que
1075 1203 1176 1265 paffi
1203 1203 1297 1248 sunt
1322 1204 1550 1250 Christiani
1576 1208 1618 1251 in

241 1275 436 1336 predicis>
462 1275 591 1320 sedio.

305 1347 448 1392 XXIII.
486 1350 528 1391 In
554 1347 702 1390 ultima
727 1345 1007 1391 hebdomada
1032 1346 1188 1408 Aprilis
1219 1345 1303 1390 dux
1329 1347 1492 1392 Austrie
1517 1365 1616 1393 cum
1636 1360 1729 1399 April·
1747 1368 1852 1397 29-30·

242 1418 385 1463 multis
410 1418 500 1462 aliis
526 1416 580 1461 de
601 1419 786 1462 exercitu
813 1416 989 1462 receffit.

303 1488 604 1534 XXIV-XXV.
644 1492 685 1532 In
717 1491 876 1534 ottavo
908 1487 1083 1533 decimo
1109 1488 1179 1533 die
1205 1490 1306 1546 Maij
1332 1492 1449 1535 venit
1475 1490 1615 1536 solda-
1636 1500 1710 1530 Mai·
1731 1500 1775 1529 18-

138 1566 157 1594 f·
174 1575 220 1604 32·
240 1577 316 1605 nus
356 1576 456 1604 cum
489 1575 582 1603 toto
621 1561 804 1604 exercitu
834 1576 997 1615 eorum,
1032 1561 1076 1604 ὃ(
1112 1561 1377 1606 intraverunt
1414 1560 1618 1606 fossatum

240 1630 429 1675 nostrum
467 1632 511 1675 ὅ(
548 1645 809 1692 putaverunt
839 1648 918 1675 nos
957 1630 1281 1692 apprehendere
1306 1633 1350 1676 ὃς
1375 1631 1619 1694 disperdere

240 1702 363 1763 super
381 1717 553 1758 terram,
575 1700 660 1757 sed,
687 1701 861 1746 volente
881 1702 1080 1746 Domino
1099 1703 1143 1746 ὃς
1166 1719 1448 1764 cooperante,
1475 1703 1620 1749 Chris-

240 1773 343 1817 tiani
380 1769 621 1816 habuerunt
657 1772 884 1817 vicloriam
917 1774 961 1817 ὃς
999 1771 1255 1818 occiderunt
1296 1775 1406 1818 inter
1447 1775 1620 1820 Sarace-

241 1860 319 1887 nos
351 1844 396 1887 ὅ(
426 1860 562 1903 equos
593 1860 747 1887 eorum
782 1842 1012 1904 plusquam
1038 1842 1127 1888 duo
1157 1844 1286 1888 milia.
1320 1844 1392 1889 Per
1423 1861 1504 1890 tres
1530 1845 1619 1892 dies

241 1931 264 1959 a
282 1931 409 1959 mane
436 1915 564 1974 usque
585 1912 638 1958 ad
665 1917 843 1959 nocstem
865 1913 1093 1959 nobiscum
1115 1915 1417 1977 preliaverunt,
1445 1918 1489 1961 ὃς
1516 1915 1620 1962 ficut

239 2002 418 2046 campus
456 1985 607 2046 plenus
636 1985 693 2029 est
725 1984 778 2029 de
813 1985 979 2043 culmis,
1015 2002 1115 2030 cum
1148 1985 1355 2031 tolluntur
1392 1987 1520 2049 spice,
1560 1989 1618 2033 ita

241 2054 444 2100 fossatum
470 2055 662 2100 nostrum
683 2056 862 2117 plenum
888 2072 977 2101 erat
1002 2056 1201 2117 quarellis
1227 2058 1270 2101 ὃ(
1294 2057 1472 2119 sagittis.

303 2126 455 2171 XXVI.
484 2129 526 2170 In
551 2125 619 2171 die
643 2144 746 2172 vero
768 2127 1030 2172 pentecostes
1056 2144 1267 2172 venerunt
1290 2145 1366 2189 per
1391 2146 1553 2190 aquam
1572 2132 1617 2176 ὃς
1636 2141 1706 2171 Mai.
1725 2144 1772 2172 26.

238 2213 314 2258 per
339 2214 494 2242 terram
518 2199 562 2243 ὃς
581 2199 858 2260 proiecerunt
883 2199 1033 2261 ignem
1058 2198 1181 2260 super
1198 2196 1428 2244 bertrescas
1455 2203 1616 2248 nostras

237 2269 281 2311 ὃ(
302 2285 509 2330 ceperunt
529 2268 731 2314 fossatum
752 2270 943 2314 nostrum
963 2268 1141 2330 implere
1160 2270 1205 2313 ὅ(
1224 2270 1347 2331 super
1365 2287 1444 2316 nos
1457 2274 1616 2331 venire,

237 2340 282 2382 ὃς
306 2355 385 2383 nos
411 2338 512 2384 sicut
536 2341 733 2402 captivos
762 2339 966 2395 dividere,
1000 2341 1045 2384 ὃ(
1077 2340 1221 2397 nostri,
1259 2342 1456 2401 quamvis
1493 2345 1616 2390 multi

239 2409 461 2467 vulnerati,
487 2427 586 2454 cum
613 2412 794 2455 vicloria
821 2411 1130 2469 remanserunt,
1166 2413 1210 2456 ὃς
1239 2413 1459 2458 Sarraceni
1486 2414 1616 2459 tristes

237 2481 281 2525 ἃ
311 2478 412 2524 illusi
438 2479 539 2526 versi
567 2481 671 2527 sunt.

302 2550 471 2595 XXVII.
498 2554 624 2597 Tunc
651 2551 846 2597 fecerunt
864 2553 1093 2598 Christiani
1117 2552 1395 2611 tribuchetos,
1420 2557 1464 2600 ὃς
1489 2573 1614 2618 cepe—

239 2637 336 2666 runt
370 2638 446 2683 per
478 2620 616 2667 subter
639 2621 819 2669 fluvium
845 2623 994 2669 fodere
1026 2640 1195 2682 terram,
1227 2626 1272 2670 ὃς
1306 2624 1520 2671 submersa
1545 2628 1613 2673 est.

237 2690 444 2736 Videntes
480 2693 621 2755 igitur,
650 2694 772 2754 quod
808 2711 915 2741 cava
951 2695 1082 2740 nichil
1118 2695 1373 2757 prodiderit,
1409 2713 1616 2758 ceperunt

239 2776 359 2806 catos
383 2762 640 2807 construere.
