2216 3435
608 213 696 273 278
811 225 1247 259 SANCTIMONIALIS
1281 226 1759 260 HEYDENussiMENffls

676 386 872 432 XXXVI.
912 392 1106 452 Frifinga,
1142 392 1306 448 Eilistat,
1352 390 1626 435 Willihaldus
1664 395 1703 435 in
1741 393 1904 452 presby-

1099 477 1265 505 teratum
1296 477 1460 506 creatus.
1478 471 1496 488 ‘¹

665 584 871 645 Cumque
897 582 954 628 ibi
979 600 1204 628 manerent
1220 582 1235 611 ²⁷
1265 582 1354 628 duo
1379 581 1500 628 simul
1524 582 1579 628 ad
1606 583 1757 630 Eihstat
1781 584 1980 646 aliquan-

601 653 737 699 tulum
780 656 987 716 temporis
1019 653 1244 700 juducium
1270 653 1550 700 willibaldus
1576 672 1705 717 atque
1730 657 1978 720 Sustgarius,

600 725 853 787 almumque
877 724 1040 771 ibidem
1066 725 1355 783 habitationis
1372 726 1521 772 locum
1547 726 1820 789 explorando
1847 728 1978 791 elige-

601 812 708 854 rent,
726 807 739 824 ⁶
761 797 907 858 postea
926 798 1081 843 iterum
1096 796 1336 861 pergebant
1357 797 1412 842 ad
1435 799 1630 843 santstum
1640 798 1909 844 Bonifacium
1925 799 1979 844 ad

599 871 880 929 Frigifingum‚
901 871 945 914 ὃς
964 868 1021 914 ibi
1042 885 1163 914 erant
1192 886 1293 913 cum
1312 868 1402 924 illo,
1424 868 1666 931 usquedum
1687 886 1840 915 omnes
1860 868 1982 916 fimul

598 940 753 984 iterum
779 938 1010 985 veniebant
1034 939 1089 985 ad
1110 939 1271 985 Eihstat.
1304 940 1348 985 Et
1373 938 1535 986 ibidem
1563 958 1664 986 tunc
1691 942 1812 986 illum
1836 941 1980 986 Willi-

600 1009 780 1055 baldum
811 1011 1079 1058 consecravit
1102 1012 1268 1056 sandius
1294 1012 1538 1057 Bonifacius
1568 1013 1610 1057 in
1640 1009 1984 1074 presbyterialisd

600 1080 821 1145 dignitatis
841 1082 1041 1145 gradum.
1074 1084 1165 1145 Ipso
1189 1081 1274 1139 die,
1303 1101 1391 1145 quo
1418 1084 1647 1146 episcopus
1674 1084 1814 1129 noster
1837 1083 1979 1128 Willi-

600 1151 752 1198 baldus
770 1154 1042 1200 consecratus
1057 1155 1114 1200 est
1133 1156 1176 1200 in
1194 1153 1554 1217 presbyteratum,
1576 1154 1813 1201 undecimo
1835 1153 1979 1199 calen-

598 1223 674 1269 das
704 1226 870 1287 augusti
902 1225 991 1284 fuit,
1027 1225 1082 1271 ad
1105 1227 1293 1272 natalem
1320 1228 1451 1273 samsti
1476 1227 1741 1290 Apollinaris
1765 1228 1811 1272 ὃς
1836 1226 1979 1271 Γειηέὶε

598 1296 732 1341 Marie
757 1295 1031 1360 Magdalene.

621 1456 835 1502 XXXVII.
876 1458 1120 1519 ‘leuringia‚
1156 1462 1195 1503 in
1220 1459 1500 1519 Sulqebrucgeg
1528 1459 1785 1517 sacerdotali
1812 1459 1947 1517 infula

654 1531 820 1573 ditatur.
839 1531 1079 1590 Qonnulla
1104 1531 1158 1573 ad
1174 1530 1397 1590 prologum
1411 1530 1643 1590 spvecslcmtia
1673 1531 1892 1590 interserta.
1913 1539 1925 1556 f

663 1652 707 1697 Et
725 1653 956 1714 postquam
974 1653 1099 1697 unius
1117 1653 1219 1697 anni
1234 1650 1433 1697 transibat
1452 1650 1648 1710 circulus,
1670 1651 1837 1697 saueius
1851 1652 1980 1697 Boni-

596 1726 730 1770 facius
749 1725 944 1787 precepit
969 1724 1043 1782 illi,
1071 1740 1115 1768 ut
1138 1725 1182 1768 in
1201 1721 1527 1786 Thuringiamf
1543 1722 1599 1768 ad
1626 1723 1666 1768 se
1684 1724 1861 1770 veniret.
1890 1725 1980 1769 Sta-

595 1795 761 1855 timque
797 1795 1069 1841 venerandus
1101 1795 1168 1840 ille
1204 1796 1266 1841 vir
1300 1795 1383 1839 Dei
1407 1792 1980 1840 willibaldusssi'ecunclum

593 1866 821 1912 iuffionem
846 1868 978 1912 sancii
1004 1868 1082 1913 viri
1107 1868 1148 1911 in
1178 1866 1445 1927 leuringiam
1470 1863 1675 1912 veniebat
1699 1867 1743 1910 ὅ(
1769 1865 1814 1910 in
1840 1864 1978 1911 domo

595 1938 731 1984 fratris
752 1940 811 1984 sui
836 1940 969 1984 sanffl
988 1937 1259 1985 Wunebaldi
1285 1938 1583 2001 hospitalitatis
1607 1935 1878 1983 mansionem
1905 1938 1980 1983 ha—

594 2009 737 2069 bebat,
766 2012 867 2073 quia
888 2011 1006 2056 illum
1025 2011 1112 2055 iam
1135 2010 1250 2072 prius
1271 2012 1374 2055 od‘to
1396 2026 1615 2055 annorum
1640 2008 1780 2072 spatio
1797 2010 1842 2054 ὃ(
1857 2025 1979 2054 nono

593 2080 777 2127 dimidio
810 2081 864 2128 ab
891 2099 959 2140 eo,
993 2081 1115 2143 quod
1143 2080 1197 2126 de
1222 2082 1361 2126 Roma
1388 2079 1613 2144 pergebat,
1650 2097 1742 2125 non
1775 2079 1896 2127 vidit.
1935 2080 1981 2126 Et

594 2154 681 2198 iam
714 2171 817 2200 tunc
842 2152 1036 2199 videndo
1063 2152 1317 2217 gaudebant
1346 2154 1391 2198 ὃς
1416 2153 1759 2198 conventionem
1790 2152 1980 2215 gratula-

593 2222 749 2270 bantur
774 2223 922 2270 ambo.
955 2223 1056 2270 {llud
1085 2225 1162 2269 fuit
1185 2223 1436 2269 autumnale
1461 2225 1563 2269 anni
1590 2239 1775 2285 tempus,
1800 2222 1980 2286 quando

588 2295 867 2342 Willibaldus
891 2295 1094 2343 veniebat
1122 2298 1165 2341 in
1197 2295 1499 2358 Thuringiam.
1540 2295 1781 2357 Statimque
1808 2295 1977 2357 postea-

593 2385 726 2429 quam
760 2368 860 2413 illuc
897 2366 1113 2426 veniebat,
1145 2368 1312 2412 iamstus
1344 2366 1590 2412 Bonifacius
1626 2366 1976 2430 archiepiscopus

594 2456 724 2502 atque
751 2438 1050 2484 Burchhardus
1070 2442 1115 2484 ὃς
1135 2440 1267 2485 Wizo
1290 2439 1406 2484 sacra
1427 2440 1702 2501 episcopatus
1728 2439 1981 2484 au&oritate

593 2511 714 2556 illum
739 2509 988 2556 ordinando
1022 2511 1396 2556 consecraverunt.
1434 2511 1508 2555 Ast
1532 2508 1698 2556 ibidem
1723 2527 1841 2570 tunc,
1879 2526 1980 2555 cum

643 2651 671 2673 a.
692 2639 818 2673 ‘Titulus
830 2641 860 2672 d.
877 2640 909 2672 in
921 2640 1005 2680 Mb„
1021 2640 1052 2672 P.
1063 2659 1109 2663 —
1124 2640 1156 2671 b.
1170 2639 1241 2672 Mb.
1374 2651 1401 2672 e.
1427 2638 1551 2672 ‘situlus
1568 2641 1600 2672 d.
1619 2639 1653 2672 in
1666 2640 1751 2680 Mb„
1766 2641 1797 2672 P.
1814 2658 1855 2663 —
1871 2638 1892 2671 f.
1905 2639 1977 2672 Mb.

598 2694 765 2725 manebat.
797 2713 841 2716 ——
865 2705 891 2726 c.
919 2694 990 2726 in.
1015 2693 1192 2736 elegebant
1212 2693 1241 2725 δι
1327 2692 1574 2737 Thyringeam.
1593 2712 1634 2717 —
1650 2705 1683 2737 g.
1699 2692 1803 2727 Nova
1820 2691 1978 2726 &ultima

598 2746 718 2791 postea.
746 2767 791 2771 —
818 2746 850 2778 d.
878 2747 950 2780 Mb.
980 2746 1243 2791 prespiteratum.
1272 2794 1275 2795 ⁷
1327 2746 1360 2779 in
1378 2746 1449 2780 le.
1470 2745 1601 2780 lacuna.
