2216 3435
648 130 700 175 18
1162 142 1515 176 ITINERARIUM

638 289 858 334 Christum
886 288 1067 352 flagellis
1093 289 1356 336 ceciderunt.
1386 295 1497 335 lntus
1523 307 1682 348 autem,
1712 292 1820 336 intra
1850 309 2020 336 murum

353 374 616 406 Pauuumnavid.
638 362 756 419 Sion,
784 378 905 423 paret
929 362 1065 417 locus,
1091 360 1381 422 ubipalatium
1409 360 1557 407 habuit
1585 366 1739 407 David.
1780 362 1831 407 Ex
1859 363 2020 425 septem

353 452 517 490 synagoge.
639 432 887 496 synagogis,
917 451 1000 495 que
1033 433 1119 478 illic
1150 433 1332 490 fucrant,
1371 451 1456 478 una
1491 450 1660 479 tantum
1693 433 1917 492 remansit3
1958 453 2018 479 re-

634 504 751 567 lique
792 522 939 551 31116111
981 522 1155 550 arantur
1191 507 1235 550 ὅ(
1284 506 1570 565 seminantur,
1614 504 1718 551 s1cut
1758 506 1877 551 lsaias
1917 523 2017 568 pro-

634 576 766 639 pheta
791 575 908 621 dixit.

352 666 590 706 Ρωωηωμυιῑ-
700 647 802 694 Inde
840 664 884 693 ut
915 666 985 692 cas
1018 648 1130 692 foras
1162 664 1336 692 murum
1373 646 1427 693 dc
1458 649 1576 705 Sion,
1609 649 1727 694 eunti
1764 647 1818 694 ad
1855 666 2015 710 portam

391 716 468 736 ‘³¹¹³'
630 722 923 783 neapolitanum
950 718 1004 765 ad
1032 736 1203 782 partem
1229 718 1440 778 dextram,
1475 719 1680 765 deorsum
1704 721 1747 766 in
1786 721 1897 767 valle
1921 722 2018 766 sunt

348 804 526 833 Pretorium.
631 792 827 854 parietes),
856 790 930 837 ubi
955 790 1113 836 domus
1147 791 1225 835 suit
1255 789 1337 836 sive
1366 796 1590 853 pretorium
1623 792 1760 836 Pontii
1788 792 1916 837 Pilati.
1956 791 2015 838 lbi

629 863 849 908 Dominus
891 861 1061 908 auditus
1104 863 1180 919 est,
1224 879 1462 924 antequam
1505 879 1732 925 pateretur.
1781 865 1820 907 Α
1858 862 2014 910 finistra

347 950 510 988 Goigmha.
628 951 773 980 autem
798 951 920 997 parte
948 935 1004 979 est
1031 934 1294 979 monticulus
1323 936 1547 996 Golngw,
1574 933 1647 980 ubi
1673 935 1892 980 Dominus
1919 952 2013 980 cru-

345 1026 453 1065 crypm
472 1027 605 1056 nomm,
627 1005 775 1051 cifixus
809 1008 877 1052 est.
921 1006 1022 1053 Inde
1051 1005 1167 1069 quali
1192 1006 1248 1052 ad
1274 1005 1428 1069 lapidis
1454 1004 1629 1051 missum
1660 1006 1718 1050 est
1753 1024 1901 1067 crypta,
1941 1005 2014 1051 ubi

626 1094 784 1140 corpus
811 1079 899 1123 eius
937 1077 1126 1141 positum
1152 1079 1244 1135 fuit,
1282 1080 1326 1123 &
1359 1079 1483 1123 tertio
1511 1076 1580 1123 die
1618 1077 1804 1123 surrexit.
1847 1076 2012 1123 Ibidem

345 1165 582 1214 1321‘111c32c0ns-
625 1149 764 1194 modo
792 1148 899 1195 iussu
933 1154 1184 1211 Constantini
1210 1151 1484 1212 imperatoris
1521 1151 1679 1212 bcqfilica
1713 1149 1826 1194 fa<sta
1857 1149 1929 1208 est,
1967 1147 2011 1193 id

385 1217 500 1238 mmm·
624 1221 695 1278 est,
722 1220 998 1266 dominicum
1024 1223 1130 1268 mire
1158 1221 1506 1284 pulchritudinis,
1533 1220 1698 1266 habens
1724 1219 1780 1266 ad
1806 1221 1916 1266 latus
1940 1238 2011 1266 ex-

622 1293 831 1353 ceptoria,
870 1292 986 1339 unde
1025 1311 1139 1356 aqua
1163 1294 1344 1353 levatur,
1382 1296 1427 1339 ὃς
1459 1291 1668 1337 balneum
1700 1310 1724 1338 a
1755 1307 1897 1355 tergO,
1937 1289 2011 1336 ubi

620 1361 806 1409 infantes
840 1364 1050 1411 lavantur.

686 1436 788 1480 Item
816 1434 869 1481 31)
898 1437 1171 1482 Hierusalem
1202 1436 1323 1482 eunti
1347 1435 1403 1481 ad
1434 1451 1625 1498 portam,
1661 1452 1746 1497 que
1773 1434 1831 1480 est
1858 1451 2011 1480 contra

344 1525 436 1554 vanis
454 1526 598 1565 lofiphat.
620 1508 848 1566 orientem,
875 1526 921 1554 ut
945 1508 1205 1554 ascendatur
1234 1510 1277 1553 in
1307 1525 1509 1554 montem
1533 1507 1714 1566 Oliveti‚
1751 1507 1890 1564 vallis,
1926 1524 2011 1569 que

620 1577 775 1624 dicitur
799 1582 999 1641 Iosaplzar.
1027 1578 1095 1625 Ad
1118 1596 1288 1642 partem
1312 1578 1533 1638 sinistram,
1563 1577 1636 1626 ubi
1660 1579 1758 1624 sunt
1781 1579 1921 1636 vinee,
1950 1578 2008 1623 est

618 1652 663 1696 ὅ(
688 1668 822 1713 petra,
852 1651 925 1697 ubi
959 1650 1080 1696 ludas
1114 1650 1313 1696 {scarioth
1340 1650 1561 1696 Christum
1589 1648 1788 1708 tradidit3
1827 1648 1885 1695 ad
1908 1667 2006 1712 par—

620 1741 708 1770 tem
729 1740 832 1770 vero
866 1722 1063 1769 dextram
1087 1724 1146 1768 est
1171 1722 1302 1769 arbor
1326 1723 1490 1786 palme,
1525 1720 1579 1766 de
1605 1738 1693 1784 qua
1723 1721 1911 1767 infantes
1943 1739 2006 1767 ra-

621 1813 717 1841 mos
754 1797 941 1843 tulerunt
971 1799 1029 1855 &,
1067 1798 1267 1843 veniente
1301 1795 1491 1852 Christo,
1532 1791 1860 1839 substraverunt.
1911 1793 2013 1840 Inde

374 1883 574 1932 monuments
620 1886 712 1914 non
746 1869 899 1933 longe,
946 1867 1063 1931 quafi
1100 1867 1156 1914 ad
1191 1867 1348 1930 lapidis
1385 1864 1582 1925 missum,
1628 1866 1725 1911 sunt
1766 1883 2015 1912 monumenta

339 1925 409 1954 ΠΜ
426 1925 600 1955 &Ezeshoe'
621 1938 726 1999 duo,
753 1939 1000 1986 monubiles
1026 1941 1135 1986 mire
1156 1937 1503 2002 pulchritudi11i8‚
1533 1938 1671 1984 fatsta:
1697 1938 1742 1982 in
1768 1953 1907 1981 unum
1933 1953 2012 1999 po-

621 2011 716 2058 sltus
755 2013 813 2058 est
848 2015 981 2074 Isaias
1006 2012 1238 2075 propheta,
1265 2012 1341 2074 qui
1365 2010 1424 2056 est
1453 2028 1552 2057 vere
1578 2007 1869 2068 monolithus,
1900 2009 1945 2052 ὃς
1968 2008 2013 2052 in

620 2084 752 2130 alium
776 2088 980 2145 quclzias,
1009 2101 1081 2129 rex
1110 2082 1353 2129 Iudeorum.

339 2174 431 2202 Mons
449 2171 572 2202 Oliveti.
685 2155 787 2203 Inde
817 2155 1012 2202 ascendis
1047 2155 1091 2200 in
1130 2173 1297 2200 montem
1333 2155 1503 2213 Olivezi‚
1545 2152 1617 2199 111)1
1652 2155 1873 2200 Dominus
1910 2171 2011 2200 ante

621 2226 862 2289 paffionem
887 2227 1125 2290 discipulos
1152 2226 1316 2273 docuit,
1346 2225 1405 2271 lbi
1431 2226 1547 2271 fafia
1572 2225 1631 2270 est
1655 2224 1765 2271 iuffu
1791 2227 2012 2272 Constan-

618 2300 695 2344 tini
712 2298 885 2345 bafilica
906 2301 1013 2345 mire
1034 2298 1379 2362 pulchritudinis.
1408 2296 1509 2344 Inde
1532 2315 1622 2344 non
1645 2298 1782 2363 longe
1801 2299 1860 2344 est
1884 2315 2012 2344 mon-

619 2371 786 2431 ticulus,
823 2369 895 2416 ubi
920 2372 1145 2417 Dominus
1185 2369 1378 2416 ascendit
1419 2387 1558 2429 orare,
1603 2371 1648 2414 ὃς
1685 2372 1888 2434 apparuit
1926 2370 2014 2415 illic

617 2444 786 2504 Moyses
818 2445 863 2488 ὃς
900 2442 1019 2503 Elias,
1065 2441 1247 2505 quando
1288 2443 1457 2488 Petrum
1498 2443 1543 2487 δε
1581 2441 1822 2488 Iohannem
1866 2443 2012 2488 secum

616 2514 749 2561 duxit.
773 2513 874 2560 [nde
894 2513 952 2559 ad
978 2514 1195 2559 orientem
1221 2511 1366 2575 passus
1392 2512 1510 2557 mille
1532 2513 1800 2576 quingentos
1820 2513 1878 2559 est
1895 2512 2011 2571 villa,

336 2600 490 2630 Bethania.
617 2606 700 2651 que
727 2585 971 2650 appellatur
1005 2589 1223 2630 Ἐετὴαηὶα.
1254 2583 1312 2630 11)1
1338 2584 1397 2630 est
1431 2599 1598 2646 crypta,
1624 2582 1697 2630 ubi
1721 2585 1903 2630 Lazarus
1930 2600 2010 2646 po-

616 2659 712 2706 situs
736 2659 827 2717 fuit,
854 2674 986 2720 quem
1016 2656 1232 2703 suscitavit
1256 2657 1488 2719 Dominus.

336 2742 464 2772 Iericho.
683 2733 787 2776 [tem
810 2728 865 2775 ab
891 2729 1163 2774 Hierusalem
1189 2729 1232 2774 in
1261 2731 1417 2773 Iericho
1468 2784 1473 2787 Α
1508 2764 1515 2771 .
1608 2764 1615 2770 .
1712 2726 1847 2772 millia
1884 2739 2008 2772 XVIII
