2216 3435
696 313 761 346 DE
796 313 934 346 LOCIS
968 311 1191 346 SANCT-Iss‘
1483 314 1566 348 201

272 457 368 502 l-Iec
391 457 536 519 itaque
561 473 645 518 que
668 458 857 520 superius
882 457 937 503 de
963 457 1411 520 Constantinopoleos
1434 455 1508 503 fitu
1529 459 1575 503 &

207 526 485 585 conditione,
516 545 692 573 necnon
722 530 767 573 ὃς
796 528 850 573 de
878 528 949 574 illa
979 527 1167 574 rotunda
1190 526 1390 587 ecclefia,
1419 529 1463 573 in
1490 546 1576 590 qua

203 597 380 643 salutare
396 599 578 662 Lignum
601 597 795 658 habetur,
820 598 1043 657 diximus,‘³
1065 601 1110 644 &
1134 615 1289 658 cetera,
1315 615 1398 660 que
1421 597 1477 644 ab
1502 616 1576 644 ore

204 668 337 714 sanffl
361 668 590 714 sacerdotis
609 669 771 714 Arculfi
794 670 957 716 intente
981 669 1228 715 didicimus:
1254 669 1328 731 qui
1351 670 1396 714 in
1421 668 1575 715 eadem

204 734 492 802 permaximab
506 740 691 785 Romani
704 741 871 803 imperij
888 741 1057 787 civitate
1068 759 1092 786 a
1106 740 1294 803 paschali
1306 740 1576 787 solemnitate

204 810 336 872 usque
349 810 405 856 ad
425 812 711 856 Dominicum
728 810 958 873 permansit
981 812 1233 857 natalitium.
1259 811 1403 857 Postea
1422 811 1576 858 exinde

204 881 391 927 Romam
418 882 630 944 appetivit
652 884 696 928 ὃ(
722 884 953 946 navigavit.

613 1077 685 1122 Vl,
722 1081 788 1121 ‘De
812 1094 940 1122 monte
973 1078 1164 1123 Vulcano.

270 1194 478 1258 Qedam
503 1195 638 1241 insula
656 1196 701 1240 in
725 1196 833 1240 mari
851 1211 1016 1258 magno
1038 1193 1218 1240 habetur
1241 1193 1298 1240 ad
1320 1195 1575 1241 orientalem

202 1266 393 1330 plagam,
413 1265 650 1311 duodecim
664 1277 676 1294 ί·
698 1264 883 1311 millibus
904 1283 929 1311 a
946 1265 1084 1312 Sicilia
1110 1264 1282 1325 distans,
1301 1266 1344 1310 in
1370 1283 1455 1328 qua
1470 1266 1575 1312 Vul-

202 1354 334 1383 canus
360 1354 503 1395 mons,
533 1335 648 1398 quasi
681 1338 933 1396 tonitruum,
965 1337 1064 1381 totis
1101 1335 1251 1382 diebus
1290 1353 1341 1382 ac
1376 1336 1575 1383 noeiibus

200 1409 243 1453 in
274 1424 440 1454 tanturn
474 1408 660 1465 intonat,
700 1424 745 1452 ut
773 1407 912 1453 Sicilie
942 1424 1051 1453 terra
1078 1407 1252 1471 longius
1286 1406 1423 1471 posita
1457 1409 1575 1454 terri-

200 1478 285 1525 fico
312 1495 496 1524 tremore
519 1476 763 1524 submoveri
786 1494 973 1541 putetur,
997 1477 1069 1523 sed
1093 1479 1234 1541 magis
1264 1478 1379 1524 sexta
1403 1479 1506 1525 feria
1531 1482 1575 1525 ὃς

200 1548 378 1595 sabbato
408 1550 607 1594 intonare
637 1549 822 1595 videtur:
863 1550 936 1611 qui
966 1550 1090 1595 omni
1124 1565 1337 1611 tempore,
1376 1549 1575 1596 nofflbus

200 1619 424 1667 flammare
466 1620 737 1679 monstratur,
781 1619 933 1666 diebus
974 1638 1077 1667 vero
1121 1621 1298 1668 fumare.
1340 1622 1435 1667 Hec
1470 1620 1575 1666 mihi

201 1691 401 1737 Arculfus
428 1689 627 1736 scribenti
650 1690 705 1737 de
729 1690 889 1737 eodem
905 1691 1083 1738 difiavit
1100 1709 1268 1749 monte,
1294 1693 1367 1754 qui
1392 1693 1575 1755 propriis

198 1762 320 1808 illum
345 1761 571 1807 oculorum
597 1760 789 1824 adspexit
815 1761 1051 1822 obtutibus,
1075 1765 1205 1809 nocie
1229 1763 1478 1827 ignitosum,
1506 1762 1575 1808 die

202 1850 306 1880 vero
343 1834 583 1893 fumosum,
623 1835 711 1879 eius
748 1834 1024 1879 tonitrualem
1060 1833 1251 1879 sonitum
1289 1836 1474 1897 propriis
1500 1852 1575 1880 au-

204 1905 313 1949 rium
334 1903 500 1951 audivit
534 1903 765 1964 auditibus,
799 1905 843 1950 in
861 1904 1000 1951 Sicilia
1028 1922 1105 1967 per
1136 1905 1304 1967 aliquos
1340 1904 1575 1967 hospitatus

202 1973 304 2020 dies.

715 2103 801 2149 Vll.
838 2105 1049 2165 Epilogus.

264 2220 462 2268 Obsecro
491 2223 636 2284 itaque
666 2238 767 2279 eos,
798 2223 1063 2283 quicumque
1100 2220 1176 2265 hos
1214 2219 1362 2267 breves
1395 2223 1576 2285 legerint

196 2291 378 2353 libellos,
400 2309 445 2339 ut
467 2311 550 2356 pro
575 2293 734 2338 eodem
760 2293 906 2338 sancio
934 2290 1154 2337 sacerdote
1180 2292 1358 2337 Arculfo
1383 2291 1575 2339 divinam

198 2379 426 2424 precentur
465 2364 754 2421 clementiam,
789 2364 859 2424 qui
900 2363 978 2407 hec
1013 2360 1066 2407 de
1103 2362 1253 2407 sanffls
1284 2364 1575 2425 experimenta

197 2433 318 2493 locis,
361 2451 513 2479 eorum
559 2435 866 2496 frequentator,
908 2432 1176 2478 libentiffime
1216 2432 1342 2478 nobis
1384 2433 1574 2492 diciavit,

198 2522 281 2566 que
317 2506 361 2550 ὅ(
397 2522 498 2568 egO,
538 2503 776 2567 quamlibet
803 2505 911 2550 inter
940 2502 1174 2549 laboriosas
1202 2506 1246 2549 ὅ(
1277 2521 1415 2566 prope
1446 2505 1573 2549 insus-

196 2574 422 2621 tentabiles
446 2592 536 2621 tota
561 2574 629 2620 die
657 2574 849 2637 undique
875 2573 1162 2638 conglobatas
1187 2573 1461 2621 ecclesiastice
1493 2575 1574 2620 sol-

243 2760 271 2781 a.
296 2750 386 2782 Addo
403 2749 553 2782 diximus.
573 2769 613 2773 —
634 2750 665 2782 b.
684 2750 733 2792 B.;
753 2749 797 2782 al.
818 2749 981 2794 primaria.
1008 2769 1046 2774 -—-
1067 2762 1094 2782 c.
1115 2752 1155 2782 G.
1175 2750 1251 2793 xiiij.

1390 2840 1432 2870 26
