2216 3435
102 869 177 908 f.34
193 869 219 899 b.

498 281 565 313 DE
592 279 824 313 IOHANNE
850 279 983 312 REGE
1012 278 1314 312 IERUSALEM.
1522 276 1601 327 133

241 428 331 474 aliis
360 426 587 489 octoginta
608 424 823 472 militibus.
848 423 1083 488 Prepositus
1117 424 1259 470 Sancti
1291 424 1476 482 Omerij‚
1501 422 1608 469 filius
1628 442 1705 473 1219

241 497 475 556 camerarij,
500 498 545 541 &
569 497 739 560 Sigmus
769 495 824 542 de
848 497 998 542 Monte
1023 513 1122 541 cum
1163 495 1306 540 multis
1336 495 1425 540 aliis
1450 496 1609 541 mortui

243 570 424 627 fuerunt,
461 570 505 613 ὃς
543 585 633 612 non
664 569 806 613 minus
841 568 1001 612 mortui
1031 568 1204 612 fuerunt
1234 565 1288 611 de
1319 566 1512 628 paganis,
1536 564 1609 610 sed

242 655 446 701 campum
469 638 620 683 lucrati
643 639 752 684 sunt.

304 709 420 754 XLII.
461 708 657 754 Secunda
699 708 770 754 die
804 707 1066 772 Septembris
1111 708 1339 771 episcopus
1385 708 1610 770 I-Iungarie
1629 721 1707 760 Sept.
1725 729 1753 750 2.

241 797 343 826 cum
367 780 509 825 multis
534 779 705 826 recessit.

304 851 438 896 XLIII.
498 853 542 895 In
582 851 850 896 exaltacione
891 852 1044 897 Santste
1084 850 1237 896 Crucis
1285 850 1484 911 princeps
1525 848 1609 893 Ro·
1630 862 1709 901 Sept.
1729 868 1774 899 15.

240 938 471 967 manorum
503 923 548 966 ὃς
584 938 731 966 comes
775 921 1049 967 Guillielmus
1090 938 1188 967 cum
1228 920 1370 965 multis
1404 918 1458 964 de
1493 935 1610 963 exer-

239 994 325 1039 citu
350 994 555 1051 exierunt,
580 994 625 1037 ὃς
649 1008 763 1037 totus
789 993 995 1038 exercitus
1019 1010 1180 1039 vacuus
1207 989 1417 1037 remansit.
1443 988 1526 1035 Sed
1549 989 1612 1034 his

239 1063 390 1110 diebus
413 1065 633 1110 savaricus
649 1063 703 1109 de
721 1065 864 1109 Leone
883 1081 983 1109 cum
1009 1081 1064 1109 xv
1083 1064 1216 1126 galeis
1234 1063 1366 1119 venit,
1387 1063 1432 1107 ὅς
1459 1061 1611 1118 sciatis,

240 1134 361 1197 quod
387 1134 499 1180 fraus
535 1133 746 1198 regnabat
773 1136 884 1180 inter
908 1135 1095 1180 nostram
1125 1151 1302 1197 gentem
1326 1135 1370 1178 ὃς
1402 1133 1608 1195 Paganos.

240 1209 284 1252 In
311 1206 381 1251 die
406 1206 551 1251 Sanc’ti
583 1205 783 1251 Iohannis
820 1205 1050 1264 amisimus,
1071 1215 1082 1234 ¹
1114 1208 1158 1251 &
1183 1203 1385 1250 soldanus
1409 1204 1511 1248 fecit
1541 1219 1610 1248 ca-

239 1278 330 1339 pita
355 1277 700 1322 Christianorum
736 1279 967 1335 excoriare,
1003 1279 1048 1321 &
1072 1275 1181 1321 milit
1217 1293 1267 1321 ea
1290 1274 1415 1337 super
1438 1272 1612 1336 spaldos

239 1350 284 1394 &
308 1365 384 1411 per
409 1364 520 1392 totas
554 1349 799 1410 provincias
824 1347 1060 1407 Babylonie
1090 1349 1148 1392 ita
1174 1345 1389 1392 dicendo:
1435 1348 1612 1406 Qicun-

240 1438 311 1479 que
340 1420 546 1464 voluerunt
557 1419 724 1479 sclavos
748 1422 994 1477 christianos,
1031 1423 1105 1463 lzuc
1130 1420 1331 1474 accedant,
1359 1421 1452 1476 quia
1479 1435 1612 1461 eorum

230 1494 439 1553 principes
452 1492 718 1551 mortuisunt,
740 1490 779 1534 ὃ)
798 1491 888 1547 alij,
907 1492 1267 1550 quir'emaqferunr,
1289 1491 1612 1549 noluntfugere!

238 1561 282 1606 Et
317 1558 542 1606 nobiscum
574 1562 749 1621 paclum
785 1576 993 1622 ceperunt
1022 1560 1271 1605 machinare
1302 1561 1347 1605 &
1380 1558 1614 1605 veniebant

238 1630 294 1677 ad
318 1631 511 1693 hospicia
541 1631 683 1676 nostra
708 1633 753 1676 ὃς
779 1631 909 1676 nostri
939 1631 995 1677 ad
1021 1648 1187 1690 eorum,
1229 1633 1274 1677 ὃς
1311 1648 1464 1676 omnes
1490 1648 1612 1693 puta-

237 1701 406 1762 bamus,
448 1721 599 1749 verum
625 1701 724 1759 effe,
761 1702 830 1748 sed
853 1703 1020 1767 legatus
1055 1705 1099 1748 ὃς
1134 1721 1205 1749 rex
1243 1720 1334 1749 non
1372 1701 1614 1749 tractabant

238 1774 324 1819 hoc
350 1773 498 1830 corde,
530 1773 600 1819 sed
627 1791 736 1819 unus
761 1774 894 1819 alium
920 1772 1124 1820 deludere
1147 1772 1359 1837 putabat3
1395 1775 1612 1838 principes

239 1846 369 1890 nostri
405 1844 625 1890 dicebant:
668 1849 874 1890 Faciamus
913 1849 985 1890 hoc
1021 1848 1139 1906 usque
1173 1848 1226 1890 ad
1254 1848 1497 1905 recffonem
1515 1850 1616 1908 pas-

228 1920 362 1980 sugij,
390 1917 491 1978 quia
516 1914 625 1962 bene
650 1915 852 1975 sciebant,
879 1915 1000 1978 quod
1026 1917 1148 1962 multi
1181 1915 1390 1962 nolebant
1417 1917 1615 1964 recedere

238 2005 418 2050 propter
441 2003 617 2033 metum.
642 1989 767 2033 Tunc
786 1988 1100 2033 infremuerunt
1125 2005 1277 2033 omnes
1297 1987 1627 2034 Babilionenses'

238 2062 283 2105 &
301 2059 521 2122 Egiptiaci‚
541 2061 585 2104 ὃς
598 2076 806 2105 venerunt
826 2060 946 2121 parvi
963 2061 1007 2104 ὃς
1027 2060 1177 2123 magni
1196 2062 1240 2105 ὅ(
1259 2061 1398 2105 eciam
1418 2060 1615 2106 mulieres

237 2132 281 2178 in
310 2131 538 2176 occursum
564 2131 850 2194 Paganorum.

303 2201 580 2249 XLIV-XLV.
609 2205 651 2247 In
692 2202 843 2247 ultima
877 2200 1157 2248 hebdomada
1198 2201 1459 2264 Septembris
1501 2202 1611 2249 duo·
1633 2218 1713 2258 Sept.
1731 2227 1837 2257 23-29.

239 2273 383 2320 decim
424 2290 556 2319 naves
595 2272 650 2318 ad
692 2289 868 2335 portum
898 2274 1103 2330 exierunt,
1137 2275 1181 2319 ὃς
1215 2274 1387 2337 Pagani,
1425 2274 1510 2320 hoc
1554 2276 1614 2321 vi-

239 2343 405 2403 dentes,
432 2347 611 2406 paf’tum
635 2359 878 2389 renuerunt.

303 2415 445 2461 XLVI.
492 2419 534 2460 In
571 2413 811 2477 [vicesimo]
853 2416 1007 2476 quinto
1050 2414 1117 2460 die
1159 2414 1420 2477 Septembris
1457 2417 1615 2480 Pagani
1635 2432 1713 2471 sept.
1731 2441 1779 2471 25.

239 2503 450 2533 venerunt
485 2503 535 2531 ex
573 2502 752 2548 utraque
786 2504 907 2549 parte
948 2504 1024 2549 per
1063 2503 1218 2532 terram
1254 2486 1426 2532 firmam
1460 2490 1505 2533 ὃς
1542 2505 1616 2551 per

240 2557 449 2615 sabulum,
475 2559 520 2602 ὅ(
546 2557 746 2603 soldanus
771 2557 876 2602 dixit
899 2559 981 2604 eis:
1015 2561 1163 2603 Intrate
1190 2577 1320 2603 omnes
1343 2564 1381 2604 in
1402 2562 1611 2620 foffatum,

239 2634 333 2690 quia
360 2632 579 2690 Christiani
594 2648 739 2690 parum
764 2631 920 2675 valent!
954 2629 996 2675 Et
1027 2646 1195 2687 omnes,
1234 2629 1349 2692 quasi
1387 2630 1443 2676 ad
1467 2632 1615 2694 epulas

293 2807 304 2830 ι
330 2795 424 2830 Locus
443 2803 552 2830 vacat
566 2795 599 2830 in
615 2795 719 2829 codice
732 2811 740 2839 3
748 2794 965 2842 supplendum
982 2795 1038 2840 effe
1057 2795 1212 2829 videtur.-
1235 2795 1369 2829 multos.
