2216 3435
595 210 678 243 102
1187 208 1357 242 GESTA

484 380 562 410 1219
584 372 701 402 extra
726 357 859 402 castra
895 374 995 402 cum
1030 358 1153 402 omni
1180 357 1367 402 exercitu
1401 355 1748 402 Christianorum
1774 356 1968 402 exierunt

581 430 626 474 ὅ(
650 429 791 475 versus
827 430 1062 491 temptoria
1088 429 1364 491 Paganorum
1397 431 1651 475 catervatim
1675 443 1966 492 perrexerunt.

582 500 669 545 Illic
695 500 911 564 malignus
949 501 1116 562 spiritus
1154 501 1196 544 in
1223 500 1505 563 popularium
1540 500 1675 546 corda
1700 501 1892 556 intravit,
1923 501 1968 544 ὅ(

580 571 719 617 statim
756 588 869 617 retro
906 572 1056 635 fugam
1094 572 1290 617 fecerunt
1324 588 1415 616 non
1449 570 1633 635 impulsi,
1677 588 1759 617 nec
1786 571 1966 634 percuffi

579 644 733 705 preliO,
755 661 898 705 neque
912 643 1062 706 gladio
1078 644 1373 702 inimicorum,
1392 643 1464 689 sed
1482 661 1557 706 per
1571 660 1754 706 peccata
1782 653 1793 672 ¹
1824 643 1966 688 homi-

580 732 686 759 num
712 732 825 760 retro
852 716 1054 778 fugerunt
1073 716 1132 773 δε,
1152 717 1253 778 quia
1266 718 1454 761 rectores
1473 714 1689 774 viderunt,
1710 715 1859 778 fugere
1874 732 1963 772 eos,

578 785 822 832 habuerunt
849 784 1075 832 consilium
1098 785 1353 833 revertendi.
1379 788 1550 832 Tamen
1570 804 1750 849 propter
1776 787 1964 832 anxieta-

579 874 669 903 tem
696 858 890 904 fecerunt
914 875 1047 903 unam
1070 858 1263 904 scheram
1287 860 1403 904 iuxta
1423 857 1603 916 flumen,
1630 874 1676 904 ut
1695 858 1896 904 homines
1919 860 1965 904 &

577 930 772 976 iumenta
810 928 1019 976 biberent.
1062 930 1145 977 Sed
1190 929 1371 993 quidam
1410 929 1621 993 spavandi
1663 929 1717 976 de
1759 927 1963 975 omnibus

577 1000 808 1065 generibus
828 1018 1038 1064 ceperunt
1051 1002 1216 1065 fugere,
1236 1002 1460 1048 Sarraceni
1478 1002 1629 1047 fortius
1644 1016 1854 1064 ceperunt
1865 1018 1961 1063 pre-

574 1074 684 1131 hari,
710 1073 811 1134 quia
836 1072 1046 1119 videbant
1071 1072 1190 1136 poffe
1218 1074 1423 1137 superari,
1450 1072 1521 1118 sed
1546 1074 1733 1118 Romani
1757 1074 1802 1118 ὃς
1827 1073 1963 1118 Latini

576 1145 619 1190 in
644 1143 789 1190 media
813 1145 905 1190 acie
929 1146 1268 1191 Sarracenorum
1287 1145 1519 1190 construcsti
1543 1143 1782 1190 terribiliter
1801 1143 1960 1208 [erant]

576 1217 825 1279 oppugnati
848 1217 893 1261 ὃς
917 1217 1072 1262 virtute
1103 1215 1369 1262 debellantes
1394 1216 1556 1262 multos
1580 1217 1852 1262 Sarracenos.
1878 1215 1961 1262 Sed

574 1289 750 1334 Sanetus
778 1287 988 1333 lohannes
1012 1289 1151 1334 voluit
1176 1287 1334 1334 habere
1359 1289 1520 1334 multos
1538 1289 1695 1346 socios,
1721 1289 1836 1350 quia,
1858 1285 1962 1333 ficut

574 1359 643 1405 ille
681 1360 760 1404 fuit
797 1358 1067 1421 decapitatus
1104 1377 1283 1423 propter
1310 1362 1471 1420 Deum,
1513 1362 1570 1406 ita
1607 1359 1842 1423 decapitari
1866 1360 1962 1406 sunt

573 1429 659 1477 sine
697 1448 881 1476 numero
919 1431 974 1476 de
1008 1431 1275 1490 Christianis,
1312 1431 1367 1478 de
1392 1431 1666 1495 templariisl
1702 1431 1872 1490 milites,
1906 1430 1960 1477 de

573 1503 830 1548 Alamannis
877 1520 972 1559 xxx,
1024 1502 1079 1549 de
1120 1503 1406 1566 hospitalariis
1447 1505 1558 1561 xxxij
1608 1505 1653 1549 &
1701 1505 1960 1549 camerarius

572 1575 684 1638 regis
711 1577 882 1621 francie
905 1577 951 1621 ὃς
975 1575 1085 1621 filius
1104 1576 1208 1634 eiuS‚
1233 1576 1465 1639 episcopus
1491 1573 1546 1620 de
1564 1575 1738 1621 Belvaio
1762 1577 1808 1621 &
1833 1576 1961 1622 frater

623 1748 635 1767 1
660 1737 692 1768 P.
718 1735 795 1779 legit
814 1742 876 1779 pro
902 1742 992 1768 textu
1019 1735 1117 1778 nostro
1134 1734 1329 1779 sequentia:
1361 1736 1393 1768 δε
1413 1735 1615 1768 asesietatem
1644 1746 1759 1767 eorum
1779 1734 1904 1767 sensum
1929 1735 1959 1767 δι

571 1790 683 1823 lumen
702 1789 875 1822 oculorum
895 1789 1123 1833 perdiderunt,
1148 1788 1193 1821 ita
1214 1789 1306 1833 quod
1327 1800 1411 1821 unus
1438 1788 1539 1821 alium
1558 1788 1779 1822 interficiebat
1798 1789 1829 1821 δι
1853 1787 1959 1821 nullus

572 1852 654 1886 erat,
675 1843 731 1888 qui
752 1854 808 1876 eos
835 1851 945 1876 tenere
966 1842 1083 1888 posset,
1101 1843 1133 1875 Sc
1153 1843 1317 1887 fugiendo
1335 1842 1377 1875 ad
1398 1842 1502 1876 castra
1523 1842 1701 1875 redierunt.
1723 1842 1880 1876 Videntes
1899 1842 1960 1875 hec

570 1897 726 1931 dominus
740 1897 870 1941 legatus
883 1898 913 1929 Sc
927 1895 1118 1929 Ierosolime
1134 1898 1229 1930 rex&
1240 1896 1292 1940 alij
1307 1896 1365 1930 viri
1378 1898 1407 1930 δι
1421 1896 1539 1929 milites
1552 1896 1680 1929 nobiles
1694 1895 1872 1940 plurimum
1887 1896 1960 1929 sunt
1980 1901 2014 1931 P.
2031 1899 2052 1930 f.
2071 1910 2126 1940 113
2145 1901 2182 1930 C.

570 1951 706 1995 turbati,
725 1951 874 1992 tandem,
895 1950 1022 1983 insimul
1041 1963 1158 1983 omnes
1171 1950 1384 1995 congregati,
1400 1962 1477 1983 cum
1492 1949 1630 1983 inimicis
1643 1949 1780 1994 prelium
1797 1961 1958 1994 magnum

570 2005 818 2045 commiserunt,
830 2005 859 2037 δι
875 2003 1006 2037 duravit
1018 2004 1096 2036 illud
1113 2004 1235 2037 bellum
1251 2017 1270 2037 a
1286 2016 1383 2037 mane
1395 2004 1497 2048 usque
1511 2004 1554 2036 ad
1569 2004 1731 2048 vesperas,
1743 2004 1856 2048 postea
1870 2012 1960 2037 utra-

570 2071 635 2103 que
653 2071 727 2103 pars
747 2057 931 2091 volontarie
952 2057 1086 2091 seceffit.
1114 2058 1251 2091 Tamen
1270 2059 1310 2091 de
1334 2057 1525 2092 Christianis
1545 2057 1640 2090 multi
1662 2057 1785 2090 mortui
1801 2057 1885 2101 sunt,
1903 2057 1956 2102 alij

570 2113 678 2157 fugati
694 2120 828 2156 propter
839 2111 988 2156 pondera
997 2123 1168 2144 armorum
1181 2112 1211 2144 se
1224 2112 1475 2156 prosternebant
1484 2112 1525 2143 ad
1539 2119 1675 2153 terram,
1687 2112 1719 2144 &
1731 2111 1838 2144 taliter
1847 2111 1878 2144 in
1887 2111 1957 2156 ipso

569 2166 672 2211 prelio
686 2165 946 2198 innumerabiles
962 2165 1034 2197 sunt
1048 2165 1215 2208 decollati,
1235 2166 1265 2198 Sc
1282 2164 1376 2198 multi
1391 2164 1509 2197 milites
1523 2164 1686 2209 templarij
1702 2165 1733 2197 δε
1752 2162 1956 2209 hospitalarij

570 2220 642 2252 sunt
661 2219 749 2264 capti
770 2221 800 2252 δε
819 2218 943 2251 mortui
961 2219 993 2251 Sc
1014 2218 1185 2252 vulnerati.
1205 2218 1257 2252 Sic
1278 2219 1365 2252 enim
1386 2219 1518 2252 stultitia
1537 2219 1567 2251 δι
1592 2218 1799 2263 simplicitate
1818 2218 1959 2263 popula-

569 2274 653 2307 rium
670 2273 835 2306 credimus
852 2272 958 2316 placui
966 2271 1009 2305 ffe
1023 2272 1174 2306 Domino
1191 2273 1302 2306 nostro
1317 2273 1410 2306 lhesu
1426 2272 1575 2316 Christ03
1590 2272 1626 2305 fit
1641 2272 1707 2305 eius
1723 2284 1845 2305 nomen
1858 2274 1958 2306 bene-

570 2328 694 2361 dietum
708 2327 739 2359 in
755 2327 878 2360 secula!
898 2326 1051 2359 Similiter
1063 2326 1204 2370 prelium
1220 2326 1251 2359 in
1264 2326 1402 2360 flumine
1413 2325 1537 2359 faElum
1550 2325 1767 2370 perdiderunt
1782 2326 1957 2360 Christiani

569 2383 601 2415 δε
618 2393 720 2414 unam
750 2380 881 2425 galeam
912 2388 1077 2413 armatam
1098 2380 1173 2413 viris
1203 2380 1420 2424 prudentibus
1443 2379 1572 2424 Pagani
1598 2379 1787 2412 habuerunt
1806 2380 1838 2413 &
1860 2392 1957 2425 cepe-

569 2443 663 2478 runt;
695 2435 872 2479 populares
905 2434 991 2467 enim
1024 2446 1101 2467 cum
1129 2433 1282 2478 superbia
1313 2434 1344 2467 δι
1374 2433 1485 2466 furore
1516 2432 1629 2465 omnia
1656 2444 1757 2476 agere
1786 2433 1955 2468 volebant.

567 2489 779 2533 Ignorabant
797 2489 910 2530 etiam,
937 2488 1015 2533 quia
1040 2488 1197 2532 scriptum
1219 2488 1284 2521 est:
1304 2487 1456 2531 Superbis
1480 2488 1570 2520 Deus
1589 2486 1701 2531 rtfistit
1717 2487 1959 2521 &contradicit

571 2545 600 2585 [1
620 2544 724 2584 Petr.,
740 2554 775 2584 v,
792 2545 837 2586 5].
862 2544 904 2575 Et
920 2543 979 2575 viri
995 2542 1170 2587 sapientes,
1188 2542 1245 2586 qui
1262 2541 1428 2586 peditibus
1445 2540 1668 2582 crediderunt,
1682 2541 1724 2574 de
1740 2540 1809 2574 iure
1823 2540 1957 2586 poffunt

570 2596 776 2641 reprehendi,
809 2595 886 2640 quia
914 2595 993 2628 dicit
1022 2596 1178 2629 Salomo:
1211 2595 1345 2639 Sapiens
1365 2603 1473 2628 autem
1484 2594 1616 2638 stultum
1643 2595 1677 2627 in
1700 2594 1957 2639 infipientiasua

568 2650 698 2683 imitari
713 2662 773 2683 non
787 2651 880 2683 debet
897 2650 1083 2691 [Proverb.‚
1099 2660 1156 2691 111,
1175 2661 1190 2690 3
1203 2663 1211 2681 ι
1222 2651 1243 2691 ].
1264 2651 1394 2682 Interea
1412 2649 1548 2693 quidam
1564 2648 1612 2682 vir
1627 2648 1746 2682 nobilis
1765 2649 1956 2682 vulneratus

571 2705 601 2737 δι
628 2703 717 2748 quali
746 2703 919 2736 semivivus
947 2705 990 2736 ad
1019 2703 1123 2736 castra
1152 2703 1282 2736 rediens
1310 2702 1372 2736 hec
1404 2704 1505 2736 verba
1531 2701 1671 2737 domino
1701 2702 1815 2748 legato
1844 2702 1957 2739 retulit

570 2757 696 2799 dicens,
717 2757 821 2803 quod,
842 2757 938 2791 nocte
953 2757 1118 2799 veniente,
1141 2756 1244 2790 erexit
1261 2757 1378 2796 oculos
1397 2756 1480 2793 suos⁸
