2216 3435
628 204 693 237 DE
728 204 866 236 Locis
901 203 1121 236 SANCTis.
1431 205 1512 256 145

141 349 421 411 ablutamque
449 348 504 395 ab
529 347 800 394 inmunditiis
830 348 946 395 fieria
983 350 1086 395 facit
1117 367 1225 395 eam.
1262 351 1378 395 Nam
1416 350 1518 394 l-Iie-

142 422 459 467 rosolimitanus
495 422 584 483 ipse
626 419 720 466 fitus
756 439 781 466 a
818 421 1043 483 supercilio
1082 421 1321 482 aquilonali
1360 421 1519 465 montis

143 494 245 538 Sion
280 493 508 553 incipiens,
538 492 597 536 ita
629 492 686 536 est
716 493 760 536 in
792 492 880 536 alto
898 491 913 519 b
935 510 959 536 a
996 490 1226 537 conditore
1249 493 1348 537 Deo
1376 491 1519 554 dispo-

142 561 238 607 fitus
272 562 458 608 declivio
491 562 623 624 usque
663 561 719 607 ad
754 562 987 607 humiliora
1023 563 1338 624 aquilonalium
1379 563 1519 607 orien-

140 634 380 695 taliumque
422 651 648 678 murorum
673 633 797 692 loca,
837 649 882 678 ut
915 634 986 678 illa
1020 634 1216 695 pluvialis
1245 632 1523 679 exuberantia

141 705 258 750 nullo
291 703 429 749 modo
466 706 510 749 in
542 705 706 767 plateis,
744 705 1037 767 stagnantium
1068 722 1280 766 aquarum
1309 706 1352 749 in
1383 703 1523 749 fimili-

141 775 352 834 tudinem,
398 775 669 838 supersedere
710 775 852 838 poffit,
895 775 982 834 sed,
1023 776 1151 821 instar
1184 774 1432 834 fluviorum,
1468 775 1522 821 de

142 846 428 908 superioribus
470 846 525 892 ad
570 847 773 892 inferiora
820 846 1036 892 decurrat:
1082 864 1164 908 que
1211 847 1367 892 scilicet
1412 847 1521 892 cele-

142 919 266 964 stium
291 937 502 981 aquarum
531 918 778 976 inundatio,
804 936 882 980 per
901 918 1130 963 orientales
1149 917 1352 963 influensf
1375 934 1522 980 portas

140 992 185 1035 &
233 991 392 1036 omnia
432 991 578 1035 secum
621 989 861 1035 stercoralia
903 989 1101 1034 auferens
1142 987 1518 1046 abominamenta,

141 1061 300 1107 vallem
336 1061 535 1124 Iosaphat
568 1061 744 1119 intrans,
781 1077 1019 1106 torrentem
1056 1059 1240 1105 Cedron
1286 1076 1432 1124 auget:
1479 1063 1524 1106 &

92 1162 95 1164 -
141 1133 238 1195 post
249 1132 269 1160 d
292 1132 423 1178 talem
450 1132 894 1191 Hierosolymitanam
922 1130 1266 1193 baptizationem
1298 1133 1523 1177 continua-

143 1204 219 1248 tim
248 1201 404 1249 eadem
428 1203 625 1265 pluvialis
651 1201 957 1247 exuberantiae
981 1201 1122 1248 cessat.
1151 1203 1267 1247 Hinc
1294 1220 1400 1266 ergo
1425 1220 1517 1248 non

141 1275 414 1337 negligenter
449 1272 754 1319 adnotandum
786 1274 858 1331 est,
883 1274 1034 1335 quanti
1069 1274 1137 1319 vel
1174 1274 1310 1336 qualis
1346 1274 1525 1320 honoris

141 1345 221 1390 hec
255 1345 407 1390 sele6³ta
440 1347 484 1390 δε
521 1343 792 1407 predicabilis
829 1346 976 1391 civitas
1014 1346 1056 1389 in
1095 1346 1329 1408 conspec‘lu
1363 1347 1496 1392 eterni
1512 1346 1533 1383 f

142 1417 351 1479 genitoris
389 1415 610 1474 habeatur,
652 1417 725 1477 qui
766 1434 863 1461 eam
900 1415 1120 1461 sordidam
1157 1415 1313 1461 diutius
1350 1434 1526 1464 manere

142 1504 234 1532 non
252 1489 426 1550 patitur,
448 1486 535 1545 sed,
558 1486 616 1532 ob
636 1487 724 1532 eius
750 1488 963 1550 unigeniti
983 1487 1378 1547 honorificentiam,
1405 1490 1526 1534 citius

142 1576 241 1603 eam
260 1557 482 1617 emundat,
510 1559 608 1619 quia
642 1559 754 1603 intra
779 1575 1006 1603 murorum
1032 1561 1118 1603 eius
1144 1557 1359 1604 ambitum
1384 1560 1527 1606 santste

144 1630 280 1674 crucis
304 1631 349 1674 &
373 1630 688 1675 resurrefflionis
710 1628 835 1691 iplius
860 1629 959 1674 loca
986 1627 1116 1675 habet
1141 1629 1445 1677 honorificata.

208 1701 417 1746 Ceterum
442 1701 486 1745 in
515 1700 590 1745 illo
617 1700 814 1745 famosog
842 1700 960 1758 1060,
992 1699 1063 1746 ubi
1088 1699 1318 1762 quondam
1340 1704 1526 1762 templum

146 1771 378 1835 magnifice
398 1772 692 1816 construffinm
712 1771 862 1830 fuerat,
886 1772 930 1816 in
951 1772 1108 1816 vicinia
1126 1768 1261 1817 murill
1284 1771 1340 1817 ab
1362 1774 1528 1819 oriente

146 1842 354 1900 locatum,
375 1859 490 1887 nunc
510 1843 729 1887 Sarraceni
749 1841 1095 1905 quadrangulam
1120 1845 1330 1889 orationis
1352 1847 1526 1901 domum,

148 1930 282 1975 quam
314 1912 517 1958 subreclis
554 1910 706 1957 tabulis
742 1915 787 1958 ὅ(
821 1914 992 1975 magnis
1029 1912 1218 1959 trabibus
1249 1915 1374 1977 super
1407 1916 1528 1977 quas-

147 1983 250 2029 dam
283 1985 501 2029 ruinarum
530 1983 728 2045 reliquias
766 1984 1074 2042 construente8‚
1109 1985 1183 2030 vili
1208 1983 1405 2031 fabricati
1436 1987 1530 2032 sunt

147 2072 294 2117 opere,
333 2053 408 2117 ipfi
446 2055 742 2116 frequentant:
780 2073 865 2117 que
900 2056 1047 2116 utique
1079 2054 1238 2100 domus
1270 2058 1348 2102 tria
1390 2057 1530 2102 homi-

147 2144 252 2171 num
277 2125 410 2170 millia
433 2124 568 2183 fimul,
595 2142 640 2171 ut
662 2127 804 2184 fertur,
831 2143 984 2188 capere
1008 2127 1165 2188 potest.

213 2196 411 2241 Arculfus
445 2197 589 2258 itaque
622 2196 676 2242 de
710 2195 835 2258 ipfius
862 2198 1042 2242 civitatis
1068 2196 1320 2243 habitaculis
1353 2217 1377 2243 a
1403 2198 1530 2244 nobis

147 2269 435 2330 interrogatus
473 2267 756 2329 respondens,
796 2269 879 2313 ait:
911 2268 1110 2313 Meminif
1146 2287 1215 2314 me
1245 2272 1289 2314 ὃς
1313 2269 1462 2315 vidisse
1487 2273 1531 2315 ὃς

151 2336 438 2400 frequentasse
474 2338 611 2383 multa
651 2337 845 2384 eiusdem
879 2339 1060 2384 civitatis
1095 2339 1283 2399 edificia,
1306 2341 1531 2402 plurimas-

151 2427 236 2472 que
270 2412 407 2454 domos
441 2412 628 2470 grandes,
663 2408 870 2471 lapideaS,
907 2427 984 2472 per
1012 2426 1150 2455 totam
1185 2429 1395 2475 magnam
1431 2413 1532 2457 civi-

202 2571 230 2591 a.
244 2559 294 2592 Al.
308 2558 374 2591 fieri
389 2571 446 2592 om.
462 2578 505 2583 ·—
521 2560 551 2591 b.
568 2560 613 2601 L.,
627 2559 670 2592 al.
686 2559 793 2593 molle.
881 2560 926 2593 cis
941 2561 981 2593 δι.
1004 2581 1021 2584 e
1045 2572 1076 2603 g.
1088 2559 1136 2592 Al.
1150 2559 1304 2592 formoso.
1322 2560 1531 2600 —11.Mal›.;

154 2631 194 2635 —
209 2623 237 2644 c.
255 2611 305 2644 Al.
324 2612 524 2645 interfluens.
544 2632 586 2636 —
608 2613 640 2645 d.
657 2614 796 2646 Tantum
883 2615 942 2655 G.‚
968 2613 1074 2656 Grets.
1103 2625 1178 2654 om.,-
1212 2614 1308 2646 Bern.
1338 2624 1453 2657 nuper.
1487 2632 1526 2636 —

151 2666 197 2706 B,
220 2666 268 2706 V.‚
287 2667 336 2706 R.,
351 2667 404 2698 ob.
427 2685 467 2690 —
496 2678 522 2698 e.
545 2666 594 2698 Al.
618 2665 796 2698 fluminalis
881 2665 900 2698 i.
922 2667 954 2699 L.
984 2665 1178 2699 meminisse.

152 2719 354 2751 exuberatio.
385 2738 426 2743 —-
459 2719 479 2750 f.
503 2720 549 2760 B.,
577 2719 625 2760 V.‚
653 2721 687 2751 R.
716 2718 797 2751 iudi-

1364 2819 1400 2848 ¹9
