2216 3435
763 276 1039 310 LECTIONES
1074 277 1265 310 VARIAE.
1613 279 1700 331 395

940 476 982 518 P.
1007 489 1103 530 147:

329 608 354 646 1.
380 620 412 658 1,
433 617 492 647 ter
512 607 608 660 deest
624 607 676 646 A.

329 669 353 708 l.
373 682 411 721 4,
431 667 619 722 tegurioli
642 668 692 707 A.

329 728 352 767 l.
374 729 411 778 6,
431 728 639 767 exterioris
660 727 712 766 A.

328 787 352 826 l.
375 799 411 840 7,
433 799 555 838 parva
575 785 785 824 sustentata
805 799 902 824 crux
924 785 974 824 A.

328 845 352 885 l.
375 857 410 898 7,
432 843 617 896 tegorioli
639 843 689 883 A.

327 904 350 944 l.
372 904 409 954 8,
430 902 645 956 aquilonea
665 904 721 953 X,
748 902 789 953 Y,
810 903 1015 956 aquilonia
1035 903 1100 950 A;
1120 928 1171 933 ——
1191 905 1231 943 in
1253 904 1395 944 eadem
1417 913 1526 956 parte
1548 902 1602 942 X.

328 963 352 1002 l.
373 977 410 1016 9,
431 963 573 1015 tegurii
595 963 646 1002 A.

326 1022 352 1062 1.
378 1035 436 1072 11,
458 1021 505 1061 ad
528 1020 786 1074 sepulchrum
814 1021 854 1061 Υ.

327 1081 351 1121 l.
378 1094 436 1131 11,
454 1082 533 1133 post
552 1080 734 1119 mensura
755 1081 840 1120 add.
862 1081 921 1121 A:
949 1095 971 1120 a
993 1081 1146 1134 poplite
1167 1081 1288 1135 usque
1309 1083 1357 1120 ad
1379 1080 1619 1120 auriculam.

327 1141 351 1179 l.
378 1152 436 1190 12,
457 1140 603 1178 habere
626 1138 843 1179 dinoscitur
866 1139 916 1179 A.

325 1199 349 1238 l.
376 1211 435 1252 13,
455 1197 544 1251 sepe
565 1199 659 1250 ‘²¹⁶²‘st
676 1199 727 1237 A.

325 1257 349 1297 l.
376 1270 434 1309 15,
456 1257 676 1309 proprietas
697 1256 760 1296 vel
783 1258 869 1296 add.
891 1257 942 1309 A,
963 1258 1068 1298 inter
1088 1259 1184 1308 deest
1205 1258 1258 1298 X.

325 1316 349 1356 l.
376 1317 434 1366 16,
454 1316 492 1355 &
513 1314 668 1368 semper
688 1315 752 1361 A;
773 1315 861 1368 sepe
881 1316 994 1370 supra
1014 1317 1065 1357 A.

325 1375 349 1415 l.
376 1387 434 1428 17,
456 1375 656 1428 tegurium
676 1373 727 1413 A.

323 1434 348 1474 l.
375 1435 433 1485 18,
453 1434 501 1473 ab
523 1435 608 1473 eius
630 1444 719 1473 orto
743 1434 797 1474 X.

323 1494 347 1534 l.
368 1505 432 1543 20,
453 1492 651 1545 prophete
672 1493 739 1540 X,·
760 1493 826 1533 ille
849 1493 962 1533 locus
984 1496 1048 1540 A;
1069 1495 1223 1546 tegurio
1246 1494 1297 1533 A.

322 1551 345 1590 l.
368 1564 431 1604 23,
450 1553 522 1592 loco
542 1552 692 1605 septem
713 1553 848 1594 habent
866 1554 920 1604 X,
948 1553 989 1605 Υ,
1011 1565 1197 1607 quatuor3
1223 1578 1265 1582 —
1290 1554 1329 1592 in
1351 1554 1444 1605 deest
1462 1553 1513 1592 A.

322 1610 345 1650 l.
367 1613 430 1662 26,
451 1611 499 1651 de
521 1611 602 1664 ipsa
624 1623 736 1665 petra
757 1613 1015 1653 maceriolam
1036 1613 1187 1653 habens
1217 1612 1389 1653 excisam
1417 1614 1472 1662 Υ,
1501 1613 1701 1653 macerio-

375 1670 454 1710 lam
477 1681 590 1724 petra
611 1671 763 1712 habens
783 1671 955 1712 excisam
977 1673 1030 1711 X.

919 1803 957 1849 P.
991 1805 1102 1867 148:

319 1941 342 1980 l.
364 1952 401 1991 2,
421 1940 574 1980 humile
596 1942 690 1994 deest
708 1941 769 1990 Α,
794 1942 1032 1982 fabricatum
1054 1938 1097 1994 A,
1120 1943 1158 1983 in
1181 1958 1263 1997 quo
1286 1944 1426 1997 utique
1448 1944 1502 1983 X.

318 2000 342 2038 l.
365 2011 401 2052 3,
423 1999 594 2039 dudenae
621 2001 674 2046 Y‚·
695 2001 764 2040 loco
786 2001 1003 2041 duodecim
1024 2003 1135 2042 habet
1152 2003 1191 2042 A
1211 2002 1452 2042 sanctorum.

318 2058 341 2097 l.
362 2058 400 2109 8,
422 2059 684 2112 praefulgente
707 2061 770 2109 Χ,
792 2060 1075 2114 praefulgentes
1104 2063 1154 2110 Y3
1178 2061 1418 2114 praefulgent
1440 2062 1489 2101 A.

317 2116 341 2156 l.
362 2118 472 2170 9-16,
493 2117 555 2156 sed
579 2118 617 2158 &
638 2118 716 2158 hoc
737 2150 746 2159 .
764 2150 772 2158 .
793 2151 802 2159 .
825 2150 832 2158 .
856 2120 1043 2160 videbitis
1063 2121 1158 2174 deest
1178 2121 1232 2171 X,
1262 2122 1304 2159 Y.

317 2175 340 2215 l.
367 2178 425 2226 16,
454 2192 589 2216 novum
620 2180 659 2216 A
698 2179 899 2232 capitulum
933 2179 1070 2233 incipit,
1110 2180 1209 2219 cuius
1245 2180 1388 2219 titulus:
1433 2180 1500 2220 De
1534 2182 1697 2222 ecclefia

369 2235 512 2275 san&ae
534 2236 680 2276 Mariae
701 2236 855 2290 semper
875 2239 1040 2291 virginis
1063 2240 1180 2279 undae
1202 2241 1368 2280 coheret
1389 2239 1577 2281 ecclefiae.

317 2294 340 2333 l.
370 2306 429 2348 17,
449 2296 633 2334 rotundae
653 2296 740 2336 add.
762 2297 817 2347 X,
846 2297 889 2347 Y,
911 2298 961 2336 A.

317 2352 340 2392 l.
368 2353 426 2404 18,
448 2353 646 2406 teguriolo
668 2354 719 2394 A.

318 2411 342 2450 l.
369 2424 427 2464 19,
448 2411 598 2452 habent
618 2413 671 2452 X.

317 2469 345 2509 l.
368 2482 431 2521 20,
451 2470 596 2524 figuras
618 2471 669 2512 A.

316 2530 339 2570 l.
361 2542 423 2581 21,
441 2532 520 2585 post
540 2547 661 2571 vocem
678 2532 930 2573 intimabitur
951 2534 1006 2583 X,
1034 2534 1261 2574 Ycolloccmt
1279 2550 1362 2588 quae
1380 2536 1541 2589 infi’rius
1557 2546 1595 2590 p.
1622 2549 1688 2588 151

367 2590 484 2643 legere
506 2593 565 2643 ulf,
585 2591 611 2630 l.
638 2603 781 2645 13-19:
803 2592 840 2631 in
864 2594 1006 2632 eadem
1026 2592 1222 2632 ecclelia..
1237 2624 1266 2633 ..
1283 2593 1694 2647 mysteria—Deinde
1736 2628 1740 2630 >

370 2664 460 2689 vero
477 2650 719 2707 Xsequentia
741 2651 908 2691 addidit:
931 2651 998 2691 De
1015 2651 1352 2693 Constantiniana
1373 2654 1542 2694 bafilica.
1564 2654 1692 2696 Cons-

369 2708 589 2748 tantiniana
610 2709 768 2749 basilica
795 2709 851 2749 est
882 2711 919 2749 in
942 2725 991 2751 eo
1012 2710 1119 2762 loco,
1149 2712 1214 2751 ubi
1238 2727 1337 2752 crux
1358 2713 1565 2753 dominica
1597 2728 1690 2753 cum

370 2767 474 2807 binis
496 2766 701 2807 latronum
722 2769 910 2809 crucibus
930 2771 996 2823 sup
1025 2801 1036 2810 .
1059 2801 1068 2811 .
1090 2801 1098 2810 .
1123 2801 1129 2808 .
1152 2781 1254 2810 terra
1275 2782 1432 2825 reperta
1453 2772 1491 2812 δι
1512 2773 1691 2813 extracta
