2216 3435
465 186 504 218 A
528 186 831 220 BORDIGALA
861 186 1187 220 HIERUSALEM
1212 187 1384 224 USQUE.
1559 190 1613 233 1¹7

238 332 283 378 id
309 333 380 391 est,
406 349 491 377 una
516 331 572 377 ad
597 331 805 390 dextram,
831 332 912 377 alia
937 330 992 376 ad
1017 330 1237 389 finistiam,
1270 348 1375 392 quas
1401 331 1611 376 Salomon

241 404 367 461 fecit3
402 403 578 448 interius
606 420 711 448 vero
745 404 788 447 in
825 403 996 448 civitate
1028 403 1124 448 sunt
1153 401 1320 464 piscine
1345 403 1613 465 gemellares,

241 475 434 535 quinque
470 475 660 536 porticus
692 472 913 530 habentes,
956 490 1039 535 que
1072 472 1346 535 appellantur
1377 475 1611 533 Bethsaida.
1656 485 1814 516 Bethesda.

240 543 299 588 lbi
330 546 420 608 egri
444 545 681 590 multorum
708 562 925 590 annorum
957 543 1239 603 sanabantur3
1278 560 1440 604 aquam
1470 560 1615 589 autem

240 614 402 661 habent
437 616 598 677 piscine
635 617 679 660 in
713 614 901 660 modum
944 616 1067 660 cocci
1105 613 1332 660 turbatam.
1378 614 1439 658 Est
1476 616 1520 659 ὃς
1558 613 1617 659 ibi

240 703 405 749 crypta,
431 685 504 731 ubi
533 686 744 732 Salomon
776 685 987 731 demones
1023 684 1267 748 torquebat.
1301 685 1346 729 Et
1375 683 1435 731 ibi
1462 686 1519 731 est
1543 703 1617 731 an-

239 758 362 821 gulus
390 760 510 804 turris
535 756 817 817 excelfiffinoe,
851 756 923 803 ubi
948 759 1168 803 Dominus
1201 755 1406 814 ascendit,
1439 758 1484 801 ὃς
1514 755 1619 802 dixit

241 830 293 888 ei,
319 831 393 891 qui
418 828 611 875 tentabat
638 847 766 875 eum:
806 832 854 873 Si
871 831 994 888 filius
1033 833 1115 874 ‘Dei
1139 848 1194 886 es,
1227 833 1337 872 mine
1360 845 1397 872 te
1422 830 1615 889 deorsum.

240 900 284 944 Et
308 901 365 946 ait
389 901 427 945 ei
452 901 671 946 Dominus
696 923 705 946 t
741 904 862 962 Qon
893 903 1064 946 tentabis
1090 904 1309 945 ‘Dominum
1339 904 1470 944 ‘Deum
1494 917 1616 957 tuum,

229 973 308 1032 sed
339 973 406 1016 illi
426 974 517 1033 soli
546 975 718 1033 servies.
759 971 818 1017 lbi
860 972 917 1017 est
954 974 1060 1034 lapis
1084 973 1296 1032 angularis
1330 987 1528 1034 magnus,
1565 970 1618 1015 de
1639 984 1896 1024 Lapisanguuris.

242 1060 331 1104 quo
361 1042 527 1088 dictum
550 1044 637 1089 est:
674 1046 876 1106 Lapidem,
903 1062 1015 1103 quem
1038 1045 1343 1104 reprobaverunt
1373 1044 1616 1100 edificantes,

241 1119 305 1158 lzic
323 1118 466 1174 facqus
491 1120 542 1174 est
566 1118 619 1160 ad
642 1133 758 1176 caput
783 1116 936 1176 anguli
981 1114 1025 1159 Et
1055 1112 1131 1159 lub
1168 1114 1304 1175 pinna
1338 1114 1459 1158 turris
1492 1112 1619 1176 ipsius

242 1185 337 1231 lunt
370 1185 570 1232 cubicula
605 1186 805 1249 plurima,
850 1183 922 1230 ubi
962 1187 1151 1229 Salomon
1181 1185 1382 1245 palatium
1419 1182 1619 1230 habebat
1661 1197 1897 1236 Salomonispa-

242 1255 301 1301 Ibi
339 1258 470 1302 etiam
512 1258 679 1302 conltat
709 1256 973 1314 cubiculum,
1009 1257 1053 1302 in
1093 1273 1182 1317 quo
1214 1254 1322 1300 sedit
1365 1257 1410 1300 ὃς
1451 1255 1621 1318 sapien·
1723 1239 1837 1268 mmm

242 1328 346 1372 tiam
392 1327 640 1391 descripslt3
693 1329 835 1390 ipsum
884 1345 988 1374 vero
1038 1325 1288 1372 cubiculum
1341 1344 1429 1371 uno
1474 1327 1621 1390 lapide

241 1398 299 1443 est
322 1402 495 1445 teeium.
533 1401 639 1445 Sunt
674 1397 733 1444 ibi
769 1401 813 1444 ὃς
844 1398 1092 1461 exceptoria
1128 1414 1292 1460 magna
1320 1414 1433 1459 aque
1462 1397 1622 1444 subter-

242 1487 371 1515 ranea
400 1472 445 1515 &
467 1474 627 1532 piscine
652 1488 819 1534 magno
853 1488 985 1533 opere
1013 1468 1225 1515 edificate.
1263 1469 1307 1513 Et
1337 1469 1380 1514 in
1407 1467 1487 1514 ede
1516 1469 1621 1531 ipsa,
1664 1482 1789 1512 pist-ine.

243 1540 316 1586 ubi
340 1542 555 1604 templum
580 1543 672 1600 fuit,
697 1542 819 1604 quod
838 1543 1050 1588 Salomon
1075 1541 1307 1598 edificavit,
1333 1542 1377 1586 in
1402 1557 1620 1586 marmore

241 1628 341 1658 ante
382 1633 492 1659 aram
536 1613 792 1677 sanguinem
834 1614 1047 1659 Zacharie
1085 1612 1237 1659 dicunt
1276 1611 1410 1657 hodie
1450 1610 1620 1671 fusum3
1660 1624 1730 1652 Ara.

242 1684 373 1729 etiam
396 1701 549 1746 parent
573 1684 751 1748 vestigia
787 1684 1010 1730 clavorum
1039 1685 1239 1744 militum,
1267 1684 1341 1746 qui
1372 1701 1473 1729 eum
1506 1683 1620 1728 occi-

243 1753 411 1812 derunt,
454 1773 531 1817 per
561 1772 699 1801 totam
731 1774 891 1813 aream,
919 1773 965 1801 ut
993 1772 1117 1819 putes
1152 1757 1194 1800 in
1227 1773 1324 1801 cera
1354 1754 1489 1800 fixum
1520 1752 1617 1800 effe.

243 1826 348 1870 Sunt
375 1824 433 1870 ibi
459 1828 503 1871 &
514 1832 646 1886 statue
672 1826 755 1873 due
779 1831 999 1885 Hadriani,
1026 1830 1070 1873 ὃς
1095 1828 1153 1873 est
1183 1844 1275 1872 non
1299 1827 1434 1890 longe
1460 1825 1514 1872 de
1544 1827 1621 1871 sta·
1640 1842 1900 1873 statuenadrianx.

245 1897 324 1941 tuis
349 1896 457 1959 lapis
483 1899 689 1960 pertusus,
713 1897 770 1943 ad
790 1916 923 1960 quem
943 1900 1123 1944 veniunt
1143 1896 1259 1943 Iudei
1283 1897 1456 1961 fingulis
1482 1899 1619 1953 annis,

244 1971 287 2013 ἃ
318 1987 513 2033 unguent
538 1988 651 2029 eum,
677 1972 722 2015 ὃς
750 1970 991 2016 lamentant
1015 1971 1055 2016 se
1082 1987 1184 2015 cum
1208 1970 1389 2032 gemitu,
1429 1971 1473 2013 δε
1498 1970 1619 2015 vesti-

244 2057 392 2085 menta
416 2041 489 2085 lua
513 2041 726 2098 scindunt,
755 2043 799 2086 ὃς
836 2039 889 2085 fic
925 2041 1144 2087 recedunt.
1195 2041 1255 2086 Est
1287 2039 1346 2086 ibi
1384 2042 1429 2085 ὃς
1465 2039 1621 2085 domus

244 2110 432 2168 Ezechie,
461 2114 570 2175 regis
598 2113 709 2159 lude.

311 2185 412 2226 Item
440 2184 612 2228 exeunti
647 2184 930 2242 Hierulalem‚
963 2201 1008 2230 ut
1038 2182 1244 2229 alccndas
1274 2186 1385 2241 Sion,
1424 2184 1466 2228 in
1500 2200 1621 2245 parte
1663 2195 1745 2224 Sion.

245 2251 399 2298 finistra
431 2255 475 2298 ὃ(
507 2253 709 2300 dcmsum
743 2257 785 2300 in
820 2255 944 2313 valle,
983 2257 1099 2300 iuxta
1130 2272 1318 2313 murum,
1355 2255 1412 2299 est
1444 2255 1620 2317 pilcina

246 2341 329 2385 que
354 2324 508 2370 dicitur
532 2328 647 2371 Siloa
678 2329 723 2371 ὃς
754 2325 885 2372 habet
915 2325 1305 2388 quadriporticum,
1342 2327 1386 2370 ὅ(
1423 2325 1504 2370 alia
1534 2327 1618 2388 pis-
1663 2336 1751 2364 Siloa-

245 2399 341 2443 cina
366 2397 541 2461 grandis
568 2398 693 2443 foras,
734 2398 818 2443 Hic
850 2398 946 2441 fons
979 2398 1046 2442 sex
1081 2394 1230 2441 diebus
1260 2412 1390 2457 atque
1422 2395 1621 2442 noctibus

245 2471 385 2526 currit,
417 2469 597 2531 septimo
619 2486 722 2514 vero
747 2468 830 2527 die,
857 2469 930 2530 qui
954 2470 1011 2514 est
1036 2466 1276 2527 sabbatum,
1300 2469 1343 2513 in
1370 2485 1513 2514 totum
1539 2484 1620 2512 nec

244 2543 388 2599 noch,
414 2558 493 2586 nec
520 2540 590 2586 die
617 2542 758 2586 currit.

308 2610 389 2655 Exd
413 2611 567 2657 eadem
592 2611 834 2657 ascenditur
857 2613 975 2669 Sion,
1013 2613 1057 2656 ὃς
1090 2627 1226 2673 paret,
1263 2611 1335 2657 ubi
1370 2612 1446 2656 fuit
1477 2614 1616 2656 domus

245 2685 398 2743 Cuiplze
432 2681 683 2738 sacerdotis,
721 2684 766 2727 ὅ(
808 2682 1015 2728 columna
1051 2682 1191 2728 adhuc
1239 2681 1295 2728 ibi
1332 2683 1409 2742 est,
1451 2683 1492 2727 in
1530 2700 1614 2744 qua
1644 2701 1900 2740 Domusciiphe.

292 2796 323 2816 a.
353 2782 432 2816 Mff.
453 2783 575 2816 habent
594 2782 637 2815 in.
