2216 3435
17 720 195 758 .f.60b,c.
214 731 238 750 1.

39 2361 57 2390 f.
76 2361 114 2390 60
127 2361 154 2397 b,
171 2371 195 2389 c.
210 2369 236 2388 2.

18 2497 36 2526 f.
53 2504 113 2532 214
126 2508 150 2534 a,
167 2508 191 2527 c.
212 2505 234 2525 1.

560 278 625 310 DE
660 274 1040 310 PREDICACIONE
1075 275 1107 306 S.
1147 273 1332 306 CRUCIS.
1575 272 1624 322 13

259 425 303 469 in
323 440 449 469 cruce
473 440 553 485 pro
578 440 646 480 eo,
685 421 804 484 quod
830 422 908 467 fuit
931 422 977 466 in
1000 436 1124 475 terra,
1156 418 1315 463 scilicet
1344 435 1424 480 pro
1451 417 1630 464 homine

260 511 501 558 peccatore.
539 495 679 539 Petrus
717 510 862 539 autem
892 494 934 537 in
960 508 1084 537 cruce
1124 489 1283 535 sursum
1321 487 1472 534 direxit
1494 489 1631 534 visum

260 565 316 611 ad
343 563 689 629 significandum,
728 562 849 626 quod
882 563 971 625 ipse
1004 562 1080 606 fuit
1110 562 1155 605 in
1185 576 1310 605 cruce
1341 576 1422 622 pro
1453 576 1522 618 e0,
1557 562 1631 621 qui

259 636 338 680 fuit
362 636 524 681 sursum
547 636 590 679 in
616 635 726 694 celo,
752 634 909 679 scilicet
927 650 1006 696 pro
1033 632 1221 678 Christo.

327 710 447 752 Item:
485 707 702 751 Dominus
732 707 776 750 in
812 721 937 750 cruce
967 703 1191 749 inclinavit
1220 702 1260 747 se
1291 701 1346 747 ad
1377 703 1631 763 aquilonem

258 776 314 822 ad
339 775 684 840 significandum,
711 775 831 838 quod
856 776 944 837 ipse
969 775 1047 820 fuir
1070 776 1114 819 in
1133 790 1258 818 cruce
1284 790 1363 835 pro
1382 790 1628 834 peccatore,

259 849 330 910 qui
355 847 614 911 fignificatur
632 865 709 910 per
727 847 994 908 aquilonem,
1021 846 1134 907 quia,
1160 843 1264 889 sicut
1281 843 1429 905 aquilo
1451 843 1630 906 frigidus

258 919 328 976 est,
360 917 414 963 fic
439 935 643 980 peccator
674 917 851 978 frigidus
883 917 939 962 est
963 917 1005 962 in
1036 931 1184 961 amore
1211 915 1309 973 Dei,
1345 914 1460 960 unde
1482 915 1631 961 Ysai'as

258 992 311 1049 (Ι,
347 991 438 1052 14),
469 1010 491 1030 cc
515 993 584 1035 cAb
612 990 795 1048 aquilone
814 990 1009 1048 panditur
1033 1006 1145 1032 omne
1168 988 1328 1032 malum.
1354 1007 1377 1026 υ

324 1063 445 1106 Item:
471 1061 603 1105 Maria
634 1075 770 1104 mater
795 1059 978 1104 Domini
1001 1056 1136 1103 stabat
1166 1056 1220 1102 ad
1245 1073 1418 1102 crucem
1442 1075 1493 1102 ex
1511 1074 1632 1120 parte

258 1131 473 1193 aquilonis
522 1133 633 1177 inter
678 1130 931 1192 aquilonem
967 1131 1011 1174 ὃ(
1047 1128 1266 1173 Christum
1302 1128 1549 1173 existentem
1588 1129 1631 1173 in

258 1219 383 1247 cruce
421 1200 476 1247 ad
507 1200 852 1265 fignificandum,
899 1198 1021 1261 quod
1051 1199 1139 1260 ipsa
1170 1199 1227 1244 est
1264 1197 1491 1244 mediatrix
1523 1201 1633 1245 inter

259 1290 510 1336 peccatores
529 1276 574 1318 ὃς
592 1272 835 1330 Christum,
861 1272 1011 1333 recipit
1030 1271 1147 1315 enim
1165 1270 1378 1333 fugientes
1397 1269 1453 1315 ad
1472 1271 1513 1315 se
1533 1288 1632 1316 cum

258 1345 531 1390 contricione
557 1346 601 1388 ὃς
627 1342 888 1397 devocione,
915 1343 960 1386 ὃς
984 1358 1065 1403 pro
1092 1342 1150 1386 eis
1173 1340 1400 1386 intercedit
1424 1358 1633 1404 tanquam

256 1431 394 1460 mater
426 1414 482 1459 ad
513 1414 661 1459 filium.
705 1414 854 1476 Qem
886 1414 1002 1457 enim
1032 1411 1220 1456 mundus
1254 1412 1426 1474 respuit,
1462 1415 1520 1471 &,
1558 1414 1632 1475 qui

255 1486 346 1532 vilis
372 1485 430 1530 est
447 1484 631 1543 mundo,
658 1502 703 1529 ut
722 1485 816 1529 sunt
840 1485 1072 1529 inveterate
1098 1484 1354 1542 meretrices,
1380 1485 1497 1529 Deus
1516 1484 1572 1529 ad
1592 1484 1632 1530 se

256 1557 504 1602 venientem
529 1556 691 1618 recipit.

321 1631 443 1673 Item:
476 1628 694 1672 Dominus
724 1629 767 1672 in
794 1644 920 1672 cruce
945 1624 1145 1672 describit
1178 1624 1303 1671 nobis
1328 1642 1467 1672 totam
1495 1630 1632 1674 vitam

254 1698 458 1755 nostram,
486 1714 531 1742 ut
550 1699 769 1742 imitemur
789 1716 902 1756 eum,
931 1699 1032 1759 quia
1051 1698 1194 1742 omnis
1215 1696 1372 1742 Christi
1391 1699 1513 1744 accio
1533 1701 1630 1745 nos-

255 1786 317 1815 tra
337 1769 395 1813 est
414 1769 655 1814 instrucciO.
677 1768 805 1815 Unde
826 1770 1096 1831 perYsaiam,
1116 1781 1237 1813 XLIX
1258 1785 1369 1831 cap,
1393 1790 1414 1809 c<
1428 1773 1632 1834 ‘Descripfi

253 1845 348 1885 rein
374 1842 553 1884 manibus
573 1844 668 1884 meis
699 1861 721 1880 υ
762 1841 869 1898 (les,
894 1853 1030 1897 XLIX,
1064 1840 1155 1901 16),
1184 1840 1228 1885 id
1253 1842 1309 1886 est
1337 1842 1471 1886 vitam
1497 1857 1630 1899 tuam,

253 1913 297 1956 ὅ(
324 1911 368 1955 in
392 1910 550 1972 Evang.
584 1909 700 1966 dicit,
734 1931 756 1951 c<
796 1914 980 1972 Ubisum
1007 1930 1096 1972 ego,
1128 1932 1150 1951 υ
1181 1913 1264 1957 &Q
1293 1915 1477 1972 (loann.‚
1509 1925 1629 1971 XVII,

256 1980 354 2042 24),
398 1982 498 2042 quia
531 2002 554 2021 <c
581 2000 656 2026 non
689 1987 739 2041 est
759 1985 904 2043 servus
937 1986 1066 2027 maior
1093 1985 1254 2027 domino
1273 1985 1354 2044 suo
1383 2004 1404 2022 2>
1438 1985 1628 2041 (loann.‚

253 2065 363 2108 XIII,
408 2052 496 2112 16).
535 2051 637 2097 Non
663 2052 945 2098 extendamus
971 2070 1076 2117 ergo
1108 2071 1259 2098 manus
1284 2053 1353 2099 vel
1376 2053 1523 2115 pedes,
1550 2072 1631 2100 nec

254 2138 343 2180 cor,
371 2140 452 2168 nec
482 2122 661 2184 aliquod
688 2123 934 2168 membrum
965 2123 1020 2168 ad
1046 2123 1225 2185 aliquod
1249 2123 1535 2185 prohibitum,
1559 2124 1630 2171 sed

253 2193 516 2239 refrenemus
537 2195 686 2239 omnia
705 2194 902 2240 membra
929 2195 1071 2240 nostra
1090 2194 1143 2240 ab
1162 2194 1315 2239 illicitis
1340 2212 1421 2257 pro
1441 2196 1628 2255 Christo,

253 2266 297 2310 ὃ(
323 2281 425 2310 tunc
451 2266 667 2326 sequimur
693 2266 925 2312 Christum.

321 2339 442 2381 Item:
483 2334 658 2381 Filsuras
690 2336 914 2382 clavorum
951 2336 1099 2382 habuit
1133 2354 1212 2399 pro
1246 2336 1371 2383 nobis
1404 2339 1543 2397 Deus,
1586 2356 1630 2385 ut

255 2405 309 2451 fic
331 2405 507 2452 haberet
531 2424 790 2469 perpetuum
823 2408 1077 2453 memoriale
1103 2409 1247 2467 nostri,
1280 2408 1395 2454 unde
1427 2408 1530 2455 dicit
1554 2428 1631 2472 per

253 2478 441 2535 Ysaiam,
461 2491 597 2537 XLIX,
627 2500 647 2518 rr
670 2482 904 2540 Qumquid
928 2481 1112 2540 οόΙίνζῘεὶ
1127 2485 1255 2540 potest
1275 2482 1418 2525 mulier
1444 2485 1628 2541 infamis,

254 2550 338 2594 &c.
361 2567 447 2593 ecce
464 2552 505 2592 in
525 2553 707 2594 manibus
727 2554 824 2595 meis
837 2553 1023 2613 dqscripfi
1041 2568 1078 2594 te
1099 2571 1121 2590 υ
1144 2551 1252 2609 (leil,
1273 2564 1407 2609 XLIX,
1439 2563 1486 2614 15
1504 2552 1628 2613 seq),

255 2636 407 2682 porrO,
433 2640 454 2659 α
477 2622 589 2680 Qid
605 2625 655 2680 ‹⁹st
669 2625 799 2678 homo,
819 2625 924 2681 quod
942 2640 1089 2666 memor
1107 2640 1161 2679 es,
1180 2643 1202 2662 υ
1221 2624 1303 2668 &c.
1324 2622 1509 2681 (Psalm.,
1523 2636 1628 2681 VIII,

252 2696 318 2752 4).
339 2690 441 2735 Non
462 2691 552 2736 vult
570 2691 698 2754 igitur
713 2693 945 2747 Dominus,
969 2691 1089 2754 quod
1109 2710 1186 2737 vos
1202 2695 1399 2755 pereatis,
1417 2711 1526 2755 quos
1541 2694 1629 2756 ipse

254 2777 334 2823 pro
359 2763 445 2807 vita
470 2762 541 2806 sua
572 2761 768 2817 redemit,
800 2763 870 2808 sed
903 2764 960 2808 est
985 2781 1154 2808 memor
1184 2765 1321 2821 vestri,
1360 2766 1433 2826 qui
1465 2765 1628 2811 tociens

253 2849 330 2895 per
354 2830 618 2895 baptismum
648 2832 848 2879 incidistis
875 2834 918 2879 in
943 2833 1123 2896 laqueos
1149 2833 1313 2882 diaboli
1343 2853 1418 2899 per
1451 2853 1629 2899 peccata
