2216 3435
403 308 526 337 Erilcsia
551 308 637 337 Iansti

452 349 605 390 Stephani.

405 516 497 546 Vallis
515 515 658 555 losaphat.

407 657 526 686 Basilica
550 658 657 687 simelae

467 699 579 729 Mai-im.

401 798 603 827 Coenaculum.

398 1525 613 1556 Monasterium

418 1579 599 1598 nonnarum.

439 2107 587 2136 Memoria
610 2106 628 2135 s.

399 2149 509 2186 Iacobi,
539 2148 657 2177 Zacha-

399 2191 439 2219 rie
463 2194 488 2220 ἅς
516 2190 657 2220 Simonis.

398 2466 489 2495 Mons
509 2465 633 2495 Oliveti.

399 2604 505 2635 Multae
519 2605 655 2635 ecclesiae.

680 134 740 184 (ιζ)
1216 150 1529 184 THEoDosms

744 295 794 341 X.
843 298 1011 341 Summis
1047 300 1269 358 Stephanus
1308 298 1408 343 foris
1445 314 1619 361 portam
1645 298 1813 343 Galilee
1846 298 2061 361 lapidatus

679 365 748 411 est.
787 365 843 412 Ibi
870 369 914 412 ὅ(
941 371 1097 432 ecclefia
1124 370 1211 414 eius
1237 370 1308 427 est,
1337 386 1470 430 quam
1498 370 1695 417 fundavit
1721 370 1924 429 Eudocia,
1957 387 2064 416 uxor

678 437 912 484 TIieodoIii
940 442 1226 503 imperatoris.

745 512 812 556 XI.
853 511 910 557 Ibi
936 513 993 558 est
1012 515 1132 559 vallis
1154 516 1355 575 Iosaplzat.
1398 514 1453 560 Ibi
1481 514 1744 562 iudicaturus
1765 515 1823 561 est
1842 515 2062 560 Dominus

679 584 808 628 iustos
833 586 877 629 ὃς
898 602 1159 647 peccatores.
1199 586 1242 630 Et
1269 584 1326 630 ibi
1349 586 1406 631 est
1436 585 1588 633 fluvius
1608 583 1783 655 Πύρινος,
1819 588 1893 649 qui
1912 587 2063 649 ignem

679 656 818 701 vomit
848 658 889 701 in
917 657 1347 702 consummationem
1368 658 1505 704 seculi.
1535 658 1578 704 Et
1597 657 1654 703 ibi
1676 658 1733 703 est
1753 660 2064 721 bafilicasanc‘le

679 730 849 783 marie,
876 730 1022 774 matris
1048 730 1246 787 Domini,
1272 730 1316 773 ὃς
1342 727 1399 773 ibi
1431 730 1488 774 est
1523 730 1767 792 sepulcrum
1800 730 1900 775 eius.
1940 728 1984 774 Et
2009 726 2065 772 ibi

678 799 735 844 est
760 799 895 857 locus,
922 803 984 845 ubi
1013 805 1213 845 Dominus
1238 805 1392 845 cenavit
1416 818 1518 846 cum
1548 800 1766 864 discipulis
1794 802 1885 846 suis.
1933 799 1991 846 Ibi
2019 801 2064 844 ὅ(

678 871 897 917 Dominus
923 872 1026 918 lavit
1051 871 1182 934 pedes
1209 872 1523 934 apostolorum.
1564 871 1622 917 Ibi
1648 873 1744 918 sunt
1777 889 1964 935 quatuor
1994 888 2063 917 ac-

676 941 861 1002 cubitus,
883 942 954 989 ubi
975 944 1193 989 Dominus
1215 961 1317 989 cum
1335 943 1540 1006 apostolis
1554 944 1643 1006 ipse
1658 944 1827 990 medius
1846 943 2063 1002 accubuit,

676 1017 750 1077 qui
770 1015 993 1062 accubitus
1019 1034 1163 1062 ternos
1184 1017 1384 1063 homines
1408 1018 1632 1080 recipiunt.
1666 1017 1710 1063 Et
1734 1017 1792 1064 ibi
1811 1018 2059 1064 Dominum

677 1086 853 1133 tradidit
883 1087 1016 1134 Iudas.

742 1159 880 1205 Modo
908 1161 1109 1206 nonnulli
1135 1179 1216 1224 pro
1242 1160 1518 1225 religiositate
1542 1160 1601 1208 ibi
1627 1179 1729 1207 cum
1752 1163 1965 1221 venerint,
1991 1179 2059 1207 ex-

676 1249 803 1295 cepta
816 1250 959 1292 carne,
983 1232 1142 1279 cibaria
1158 1234 1230 1279 sua
1251 1233 1484 1279 comedere
1505 1233 1791 1293 deleclantur,
1806 1234 2060 1280 &lucernas

675 1303 939 1364 accendunt,
961 1307 1063 1367 quia
1081 1306 1171 1368 ipse
1192 1306 1314 1350 locus
1339 1307 1381 1351 in
1402 1306 1605 1368 spelunca
1625 1307 1696 1365 est,
1722 1309 1765 1352 ὅ(
1793 1305 2061 1353 descendunt

676 1376 732 1422 ibi
757 1376 896 1422 modo
923 1394 972 1422 cc
999 1377 1217 1423 monachi.

741 1448 825 1493 XII.
864 1448 924 1493 Est
948 1449 1066 1495 enim
1087 1449 1293 1512 spelunca
1317 1450 1360 1494 in
1380 1448 1497 1507 loco,
1521 1450 1625 1494 &in
1651 1450 1870 1495 interioria
1893 1449 2012 1508 loco,
2037 1467 2061 1495 a

676 1522 813 1581 pinna
838 1521 989 1583 templi
1019 1520 1178 1579 subtus,
1206 1522 1262 1567 est
1295 1525 1569 1582 monasterium
1601 1524 1949 1582 castimonialium,
1978 1539 2060 1583 que

677 1610 907 1654 nunquam
927 1594 1023 1639 vive
1045 1593 1113 1640 vel
1131 1610 1304 1639 mortue
1324 1610 1480 1639 exeunt
1502 1593 1569 1639 vel
1590 1592 1836 1639 efferuntur.
1859 1594 2057 1658 Qando

675 1665 821 1727 aliqua
845 1683 994 1710 earum
1019 1664 1226 1711 transierit
1251 1664 1304 1711 de
1330 1667 1488 1725 seculo,
1509 1666 1565 1712 ibi
1590 1669 1702 1712 intus
1728 1669 1770 1713 in
1794 1666 2057 1712 monasterio

676 1737 770 1798 ipso
796 1738 1031 1799 reponitur.
1070 1736 1268 1801 Qando
1293 1738 1438 1799 aliqua
1459 1737 1511 1783 de
1535 1737 1935 1785 sanctimonialibus
1958 1737 2060 1782 illuc

679 1811 873 1855 converti
898 1809 1096 1868 voluerit,
1120 1826 1192 1854 aut
1215 1809 1341 1855 alicui
1381 1811 1595 1872 penitenti
1631 1810 1716 1855 huc
1745 1807 2060 1857 tantummodo

677 1881 766 1943 ipse
791 1897 918 1943 porte
944 1882 1225 1943 aperiuntur,
1261 1898 1366 1927 nam
1394 1882 1564 1945 semper
1587 1882 1729 1928 clause
1761 1883 1868 1928 sunt.
1905 1881 1950 1927 Et
1973 1882 2061 1928 vic-

678 1953 808 1998 tualia
838 1970 914 2015 per
949 1971 1123 1998 murum
1150 1951 1446 2016 deponuntur,
1482 1956 1527 1999 ὃς
1549 1971 1664 2016 aqua
1700 1953 1757 2000 ibi
1798 1956 1843 2000 in
1883 1954 2062 2000 cisterna

677 2022 869 2070 habetur.

743 2098 921 2143 Sansstus
946 2100 1111 2143 Iacobus
1135 2099 1180 2143 ὃς
1205 2097 1374 2143 sancius
1393 2102 1623 2144 Zacharias
1647 2100 1692 2144 ἃ
1710 2099 1877 2144 sane‘lus
1899 2099 2060 2142 Simeon

677 2174 715 2215 in
740 2190 816 2216 una
843 2176 1033 2217 memoria
1047 2176 1170 2235 pofiti
1193 2172 1305 2232 sunt,
1331 2190 1466 2234 quam
1493 2174 1755 2218 memoriam
1779 2172 1868 2235 ipse
1893 2171 2062 2217 samstus

679 2240 857 2288 Iacobus
884 2241 1124 2302 fabricavit,
1151 2261 1341 2306 corpora
1364 2243 1540 2290 illorum
1566 2245 1654 2306 ipse
1674 2243 1734 2290 ibi
1754 2241 2001 2290 recondidit
2017 2243 2063 2287 &

678 2315 719 2360 se
744 2314 804 2360 ibi
829 2333 931 2361 cum
956 2318 1013 2361 eis
1039 2317 1234 2379 precepit
1258 2317 1377 2378 poni.

746 2387 846 2432 XIII.
884 2386 1058 2433 Deinde
1084 2385 1278 2433 ascendis
1304 2388 1347 2432 in
1373 2403 1586 2434 montem.
1615 2389 1682 2433 De
1709 2386 1980 2433 Hierusalem
2001 2384 2064 2431 us-

680 2476 764 2521 que
789 2459 834 2503 in
858 2476 1023 2503 montem
1053 2460 1223 2515 oliveti,
1253 2457 1376 2520 quod
1403 2457 1610 2518 scribitur,
1637 2457 1770 2504 stadia
1795 2459 1960 2522 septem
1982 2455 2066 2505 five

679 2530 930 2576 milliarium
954 2548 1102 2575 unum.
1140 2528 1242 2575 Inde
1269 2530 1489 2575 Dominus
1514 2528 1707 2576 ascendit
1737 2531 1781 2575 in
1818 2530 1970 2577 celum.
2008 2526 2066 2574 Ibi

678 2598 891 2647 asseruntb
917 2600 1144 2648 fabricatas
1183 2599 1304 2646 fuisse
1340 2606 1491 2663 viginti
1529 2620 1694 2662 quatuor
1718 2603 1914 2665 ecclqfias,
1938 2602 1983 2645 ἃ
2006 2598 2065 2644 ibi

725 2771 753 2792 a.
775 2762 873 2803 Lov.‚
892 2760 983 2794 infer.
1006 2763 1041 2794 L.
1062 2781 1105 2786 —
1127 2762 1157 2794 b.
1179 2763 1228 2802 L.‚
1251 2762 1350 2803 Lov„
1368 2760 1455 2794 alias
1473 2760 1644 2795 fabricatae
1662 2761 1743 2793 sunt.
