2216 3435
666 112 755 161 104
1069 100 1368 138 ANTONINUS
1404 101 1639 135 MARTYR

655 259 700 302 ὃ(
724 252 892 317 Iapides
918 252 1056 309 multi,
1078 268 1180 297 cum
1204 248 1359 313 quibus
1383 248 1601 312 lapidatus
1622 248 1679 294 est
1699 246 1954 310 Stephanus.
1989 244 2047 291 Ibi

655 327 713 374 est
738 328 782 372 ὅ(
816 326 1017 380 columna,
1049 325 1093 368 in
1137 340 1223 385 qua
1254 339 1356 367 crux
1385 319 1523 385 polita
1554 321 1633 366 fuit
1664 323 1771 365 hemi
1798 324 1928 375 Persi,
1962 337 2048 381 qua

656 397 883 444 crucifixus
909 397 966 441 cst
985 396 1137 440 Rome.
1164 392 1219 439 lbi
1245 394 1302 439 est
1320 396 1428 439 calix
1446 395 1728 454 apostolorum,
1758 392 1800 436 in
1827 408 1933 453 quo,
1953 391 2049 454 post

655 469 1015 516 rel'urretflionem
1036 467 1238 523 Domini,
1267 464 1409 511 missas
1430 463 1723 521 celebrabant,
1742 466 1786 509 ὃ(
1808 463 1944 509 multa
1968 461 2051 506 alia

656 540 884 599 mirabilia,
910 558 996 602 que
1023 557 1113 585 non
1140 538 1301 584 recolo,
1326 536 1382 583 Ibi
1409 539 1464 583 est
1490 542 1765 597 monasterium
1794 534 2050 598 puellarum,

655 614 700 658 ὃς
725 612 813 660 vidi
838 614 988 660 testam
1015 612 1208 657 hominis
1231 610 1443 655 inclusam
1468 611 1512 654 in
1537 609 1686 654 loculo
1713 626 1860 661 aurem
1890 622 2048 651 ornato

655 685 857 747 gemmis,
885 702 1019 747 quam
1044 683 1197 729 dicunt
1232 681 1317 727 effe
1343 699 1475 744 caput
1499 698 1688 740 martyre
1712 678 1972 725 Theodotc:
2005 678 2048 723 in

657 774 743 819 qua
767 756 893 802 multi
917 773 1081 818 aquam
1112 772 1195 818 pro
1234 752 1542 800 benedifflone
1578 751 1734 798 bibunt
1765 754 1810 797 ὃς
1835 767 1920 815 ego
1945 747 2046 795 bibi.

657 917 803 963 XXIII.
827 920 1004 981 Basilica
1026 921 1069 962 S.
1090 919 1261 974 marie,
1283 917 1868 978 xenodochia,pretorizzmseu
1889 914 2048 977 basilica

757 993 802 1035 S.
829 992 997 1051 sophie,
1024 994 1140 1034 ruine
1163 990 1321 1050 templi,
1349 1007 1448 1049 aque
1471 990 1658 1049 decmsus
1683 989 1737 1031 ad
1760 987 1932 1031 Siloam.

721 1114 789 1159 De
824 1114 928 1160 Sion
965 1114 1164 1160 venimus
1206 1115 1250 1158 in
1282 1115 1484 1176 basilicam
1510 1116 1652 1158 Samffe
1676 1116 1847 1168 marie,
1885 1109 1957 1157 ubi
1992 1110 2050 1156 est

656 1185 947 1249 congregatio
994 1203 1158 1249 magna
1200 1185 1540 1244 monachorum,
1583 1183 1656 1230 ubi
1692 1185 1788 1230 sunt
1829 1186 1874 1229 ὃς
1915 1199 2049 1229 xeno-

657 1255 817 1302 dochia
842 1257 1036 1303 virorum
1061 1274 1112 1302 ac
1138 1256 1389 1302 mulierum:
1415 1257 1631 1319 susceptus
1653 1256 1908 1319 peregrinus
1935 1255 2049 1300 sum:

656 1328 803 1374 mense
832 1327 1182 1386 innumerabiles,
1219 1328 1319 1373 leffl
1347 1345 1602 1392 egrotorum
1638 1328 1734 1372 sunt
1764 1327 1947 1389 amplius
1973 1326 2053 1371 tria

657 1399 803 1445 millia.
831 1399 876 1445 Et
900 1401 1120 1445 oravimus
1144 1401 1189 1445 in
1206 1405 1407 1462 pretorio,
1437 1398 1509 1445 ubi
1536 1399 1706 1445 auditus
1734 1399 1792 1444 est
1816 1399 2052 1457 Dominus,

657 1473 702 1516 &
735 1470 876 1516 modo
907 1472 971 1520 ,est
1005 1474 1168 1532 hafilica
1207 1475 1353 1518 sanae
1377 1475 1543 1533 sophie.
1585 1473 1701 1517 Ante
1737 1475 1877 1516 ruinas
1911 1471 2054 1532 templi

656 1542 919 1600 Salomonis,
956 1541 1031 1588 sub
1068 1544 1213 1605 platea
1238 1561 1355 1605 aqua
1382 1542 1571 1588 decurrit
1609 1542 1665 1587 ad
1695 1546 1855 1602 fontem
1892 1544 2051 1588 Siloam

656 1614 988 1675 lecusporricum
1010 1617 1258 1661 Salomonis.
1290 1619 1332 1660 In
1358 1616 1448 1678 ipsa
1468 1613 1639 1660 basilica
1664 1615 1722 1660 est
1746 1612 1880 1672 sedes,
1900 1614 1945 1658 in
1965 1631 2051 1676 qua

659 1685 766 1732 sedit
791 1686 958 1746 Pilatus,
985 1685 1167 1749 quando
1188 1688 1438 1732 Dominum
1461 1685 1653 1745 audivit3
1680 1703 1800 1748 petra
1827 1701 1974 1731 autem
1992 1684 2052 1731 ibi

657 1758 716 1804 est
741 1756 1058 1821 quadrangula,
1097 1776 1180 1820 que
1212 1757 1353 1804 stabat
1382 1759 1426 1803 in
1458 1757 1607 1804 medio
1634 1758 1842 1821 pretorio,
1885 1761 1927 1803 ln
1953 1775 2051 1804 eam

655 1829 822 1876 levatus
857 1829 916 1874 est
941 1831 1176 1889 Dominus,
1208 1828 1390 1892 quando
1416 1828 1587 1875 auditus
1621 1830 1679 1875 est
1702 1847 1727 1874 a
1753 1828 1901 1887 Pilato,
1927 1845 1973 1874 ut
1996 1827 2051 1875 ab

659 1902 782 1947 omni
805 1901 977 1964 populo
1003 1901 1223 1947 audiretur
1245 1904 1289 1947 ὅ(
1309 1901 1542 1961 videretur,
1567 1900 1715 1963 ibique
1739 1901 1918 1964 vestigia
1941 1900 2051 1946 illius

657 1973 979 2019 remanserunt:
1037 1971 1199 2036 pedem
1246 1973 1493 2036 pulchrum,
1543 1972 1788 2032 modicum,
1834 1970 2048 2030 subtilem,

657 2044 863 2089 staturam
902 2061 1207 2103 communem,
1244 2045 1403 2090 faciem
1447 2044 1692 2107 pulchram,
1733 2043 1915 2106 capillos
1952 2042 2050 2089 sub-

658 2115 885 2174 anellat08‚
937 2133 1119 2162 manum
1161 2116 1420 2176 formosam,
1470 2115 1631 2180 digitos
1685 2116 1849 2179 longos
1898 2115 2049 2179 imago

659 2185 870 2251 designat,
908 2205 1008 2250 que,
1043 2188 1119 2234 illo
1156 2189 1345 2247 vivente,
1385 2189 1503 2251 picffa
1539 2190 1584 2234 δε
1619 2186 1757 2251 pofita
1792 2187 1851 2233 est
1879 2188 1924 2233 in
1954 2187 2048 2250 ipso

659 2260 869 2322 pretorio.
898 2258 1032 2305 Etiam
1065 2258 1121 2306 de
1146 2276 1270 2324 petra
1295 2259 1383 2320 illa,
1415 2258 1490 2306 ubi
1513 2259 1637 2318 stetit,
1671 2259 1807 2305 multe
1831 2257 1943 2304 fiunt
1964 2259 2049 2305 vir-

661 2347 796 2377 tutes:
841 2330 1041 2378 tollentes
1082 2330 1137 2377 de
1179 2330 1307 2395 ipfius
1353 2332 1540 2396 vestigiis
1583 2330 1750 2394 pedum
1790 2331 2050 2390 mensuram,

658 2402 800 2467 ligant
821 2419 904 2466 pro
929 2400 1104 2468 fingulis
1126 2401 1414 2467 languoribus
1439 2405 1484 2449 ὃς
1503 2402 1716 2450 sanantur.
1744 2402 1789 2448 Et
1812 2403 1905 2466 ipsa
1928 2418 2051 2466 petra

662 2491 816 2520 ornata
842 2475 900 2521 est
924 2493 1031 2521 auro
1058 2478 1104 2522 ὃς
1128 2491 1326 2540 argentO.
