2216 3435
422 170 488 202 DE
523 171 660 204 LOCIS
693 171 1082 204 TRANSMARINIS
1115 173 1296 207 SACRIS.
1458 175 1543 225 119

818 389 884 422 DE

219 530 461 590 LOCIS
504 534 1137 597 TRANSMARINIS
1186 540 1474 600 SACRIS

370 717 553 760 afim]
584 717 979 780 MQTOQJQJ
1010 724 1348 783 moqRTYRJs

637 878 685 921 (E
707 878 780 911 cod.
801 879 908 912 Vatic.
930 883 996 920 636
1017 881 1081 922 A.)

253 1113 636 1157 ROCEDENTE
677 1115 794 1155 beato
840 1116 1055 1155 Antonino
1098 1128 1276 1171 martyre
1324 1132 1403 1157 una
1445 1132 1539 1158 cum

252 1175 419 1228 collegis
449 1173 538 1224 suis,
564 1188 613 1213 ej<
641 1188 690 1213 eo
722 1174 829 1227 quod
867 1175 1074 1214 civitatem
1096 1174 1343 1215 Placentiam
1365 1176 1538 1230 egreffus

161 1236 228 1287 est,
270 1237 309 1275 in
344 1234 490 1288 quibus
534 1232 634 1272 locis
679 1233 957 1286 peregrinatus
992 1232 1046 1272 est
1081 1234 1151 1284 ire,
1195 1234 1359 1288 vestigia
1390 1236 1536 1276 Christi

160 1294 382 1348 sequentes,
422 1294 460 1333 δε
494 1292 688 1332 miracula
725 1291 951 1332 sanctorum
999 1293 1290 1345 prophetarum
1325 1296 1539 1347 providere

92 1391 95 1395 .
159 1364 363 1406 ceperunt.
386 1351 447 1392 Ita
477 1353 717 1393 exeuntibus
747 1352 866 1391 nobis
888 1352 938 1390 de
961 1351 1332 1405 Constantinopoli,
1353 1355 1538 1395 venimus

158 1412 198 1451 in
219 1412 386 1451 insulam
409 1413 608 1466 Cyprum,
629 1412 669 1450 in
691 1412 855 1451 civitate
878 1410 1129 1461 Constantia,
1162 1411 1202 1450 in
1225 1426 1304 1464 qua
1325 1413 1539 1466 requiescit

157 1471 310 1512 sanctus
331 1471 598 1525 Epiphanius,
623 1472 763 1511 civitas
791 1470 970 1524 pulchra,
994 1470 1196 1521 deliciosa,
1217 1483 1358 1511 ornata
1396 1473 1540 1525 palmis

155 1530 419 1584 dactylorum.
449 1531 559 1571 Dein
582 1531 766 1570 venimus
788 1530 966 1583 partibus
988 1529 1114 1582 Syrie,
1144 1531 1184 1569 in
1206 1530 1331 1570 insula
1351 1531 1538 1572 Santarus

155 1590 202 1628 ad
234 1589 408 1642 Tyrum.
450 1589 577 1641 Tunc
611 1591 796 1629 venimus
830 1588 1133 1639 Tholomaida,
1163 1589 1327 1628 civitate
1362 1590 1539 1641 honesta,

155 1648 392 1688 monasteria
407 1649 524 1689 bona.
546 1648 829 1688 Thoiomaida
846 1648 1020 1700 pertinet
1041 1659 1181 1688 contra
1197 1648 1406 1688 civitatem
1427 1650 1539 1689 milia

155 1706 218 1748 sex
248 1708 287 1747 in
318 1707 440 1747 castra
460 1707 800 1748 Samaritanorum
822 1707 994 1747 miliario
1016 1722 1038 1747 a
1059 1708 1288 1762 Sugamina,
1309 1708 1376 1748 sub
1399 1721 1537 1749 monte

156 1765 360 1816 Carmelo,
380 1766 494 1820 super
513 1767 593 1819 ipsa
613 1766 736 1806 castra
756 1766 929 1805 miliario
947 1766 1062 1806 semis
1084 1766 1370 1806 monasterium
1386 1767 1535 1807 Helisei

155 1826 372 1878 prophete,
410 1826 476 1864 ubi
508 1826 542 1864 ei
574 1826 749 1865 occurrit
787 1825 932 1864 mulier
966 1825 1080 1865 cuius
1109 1825 1239 1865 filium
1269 1819 1535 1867 suscitavit'in

154 1895 294 1924 monte
315 1885 518 1925 Carmelo.
547 1883 692 1938 Ibique
733 1884 787 1923 est
815 1895 925 1937 petra
955 1884 1116 1936 modica
1144 1885 1340 1935 rotunda,
1372 1886 1535 1938 quando

153 1943 377 1995 exagitatur
396 1942 507 1982 sonat
527 1943 623 1996 quia
649 1943 775 1982 solida
798 1942 863 1982 est.

205 2000 324 2041 Talis
359 2014 494 2042 autem
524 2002 578 2041 est
620 2003 743 2042 virtus
776 2013 886 2054 petre
918 2002 1024 2042 illius
1058 2014 1123 2052 ut,
1154 2001 1180 2041 si
1210 2001 1387 2055 suspensa
1417 2004 1536 2044 fuerit

159 2060 318 2100 mulieri
342 2063 404 2101 vel
427 2063 671 2115 cuicumque
692 2062 869 2112 animali,
897 2072 1083 2115 partuma
1106 2076 1330 2115 numquam
1350 2063 1481 2114 faciet,
1497 2065 1535 2105 &

154 2135 175 2160 a
208 2120 371 2160 civitate
401 2121 465 2160 sex
495 2133 563 2161 aut
590 2121 740 2174 septem
771 2121 899 2160 millia
925 2120 1119 2174 personat.
1158 2120 1225 2160 De
1253 2120 1534 2163 Tholomaida

153 2179 352 2219 maritima
372 2181 556 2221 venimus
584 2181 623 2220 in
644 2180 792 2220 finibus
815 2180 990 2231 Galilee,
1012 2180 1052 2220 in
1073 2180 1281 2220 civitatem
1303 2195 1381 2234 que
1411 2196 1532 2222 voca-

153 2248 215 2277 tur
244 2239 505 2279 Neocesarea.
542 2238 588 2278 In
620 2254 698 2293 qua
737 2240 991 2280 adoravimus
1031 2240 1163 2279 amola
1204 2239 1243 2280 δι
1271 2240 1532 2280 canestellurn

152 2296 281 2337 sanae
304 2297 449 2338 Marie.
479 2296 525 2338 In
548 2313 629 2352 quo
651 2299 744 2339 loco
777 2310 861 2338 erat
881 2299 1070 2338 cathedra
1090 2299 1157 2338 ubi
1187 2298 1347 2338 sedebat
1367 2300 1530 2353 quando

160 2357 208 2396 ad
236 2371 324 2396 earn
345 2357 510 2410 angelus
531 2358 652 2397 venit.
685 2357 849 2397 Deinde
871 2358 1079 2397 miliario...
1102 2359 1288 2398 venimus
1311 2359 1350 2398 in
1375 2358 1534 2414 Chana,

153 2416 217 2455 ubi
243 2415 449 2456 Dominus
470 2417 544 2456 fuit
564 2417 612 2455 ad
634 2418 795 2470 nuptias
816 2417 853 2457 ἃ
875 2418 1138 2457 accubuimus
1160 2418 1199 2457 in
1223 2417 1306 2471 ipso
1329 2418 1532 2468 accubitu,

152 2474 217 2514 ubi
249 2489 324 2529 ego
346 2475 533 2528 indignus
554 2477 720 2515 nomina
742 2487 953 2529 parentum
985 2490 1169 2516 meorum
1191 2476 1331 2529 scripsl.
1356 2475 1419 2516 Ex
1440 2477 1530 2530 qui-

152 2534 224 2574 bus
244 2535 355 2588 ydrie
387 2535 464 2573 due
495 2535 547 2574 ibi
570 2535 668 2574 sunt.
691 2533 862 2588 Implevi
894 2550 997 2589 aqua
1028 2550 1149 2575 unam
1178 2535 1217 2576 &
1238 2536 1385 2589 protuli
1415 2550 1464 2575 ex
1486 2550 1530 2575 ea

151 2593 303 2643 vinum,
330 2593 367 2633 &
403 2594 441 2632 in
471 2594 640 2633 humero
676 2594 837 2647 plenam
867 2593 1011 2644 levavi,
1038 2593 1076 2633 δι
1111 2595 1240 2647 optuli
1263 2594 1310 2634 ad
1340 2594 1461 2634 altare
1492 2594 1530 2634 &

152 2653 190 2692 in
214 2652 295 2706 ipso
317 2654 427 2692 fonte
449 2667 520 2706 pro
543 2654 825 2693 benedicitione
846 2654 1080 2694 levavimus.
1095 2654 1112 2683 b

201 2761 230 2783 a.
250 2749 311 2783 ‘vel
326 2750 458 2783 iathim.
481 2769 522 2775 —
538 2751 568 2784 b.
591 2749 653 2784 <vel
668 2749 821 2784 lavimus.
