2216 3435
401 491 542 530 Engaddi.
556 491 656 530 Segor.

456 1076 592 1107 Thecua.

394 1140 485 1170 Mons
503 1139 627 1170 oliveti.

396 1494 572 1541 Sepulcru‘m
584 1494 639 1523 La-

487 1546 556 1564 zar1.

436 1577 619 1617 Bethphage.

468 2140 626 2171 Adomim.

681 105 741 169 36
1173 119 1569 155 PEREGRINATIO

678 263 902 311 Abraham
927 267 1175 312 Dominum
1200 268 1452 331 prosecutus
1478 269 1547 315 est.
1606 271 1736 318 Unde
1763 272 1896 319 latam
1922 273 2060 337 despi-

678 338 794 382 ciens
818 337 1095 385 solitudinem
1130 357 1182 385 ac
1221 356 1376 385 terram
1402 339 1631 402 quondam
1661 343 1857 390 Sodome
1884 347 1928 390 ὃ(
1965 349 2060 392 Go-

678 409 867 468 morrhe,
887 410 1058 456 Adame
1082 413 1127 457 ὅ(
1151 410 1342 469 Seboim,
1366 414 1665 476 contemplata
1687 415 1745 460 est
1768 415 1946 462 hortum
1970 416 2061 463 bal-

678 482 782 526 sami
806 484 850 527 8(
876 483 1023 528 vineas
1048 485 1254 544 Engaddi,
1283 485 1328 527 δε
1351 486 1482 545 Segor
1507 484 1687 530 vitulam
1711 503 2060 548 conternantem,

678 570 763 614 que
786 554 902 616 prius
927 555 1025 601 Bala
1046 554 1282 601 vocabatur
1301 557 1345 601 ὅς
1364 556 1407 601 in
1429 557 1638 616 Zoaram,
1658 557 1703 603 id
1724 559 1795 617 est,
1817 560 2059 622 parvulam,

676 626 773 683 syro
799 625 997 672 sermone
1023 625 1222 672 transsata
1251 627 1321 672 est.
1369 627 1696 674 Recordabatur
1724 630 1927 693 spelunce
1949 632 2059 677 Loth

676 698 734 755 ὃς,
750 697 867 742 versa
882 698 924 741 in
938 697 1149 754 lacrimas,
1164 698 1353 761 virgines
1368 699 1503 745 socias
1524 699 1796 747 admonebat
1813 701 2061 748 cavendum

676 766 761 813 esse
788 770 955 827 vinum,
980 772 1024 815 in
1050 787 1139 831 quo
1166 770 1224 815 est
1252 770 1441 817 luxuria:
1481 773 1599 817 cuius
1625 790 1736 835 opus
1757 772 1951 820 Moabite
1970 775 2063 820 sunt

676 843 720 886 ὅ(
740 842 1009 888 Ammonite.
1046 843 1131 887 Diu
1153 859 1260 905 ergo
1280 843 1324 887 in
1344 841 1539 901 meridie,
1561 842 1635 889 ubi
1654 845 1810 906 sponsa
1827 844 2063 892 cubantem

675 914 831 975 reperit
866 915 1087 976 sponsum,
1122 917 1166 960 ὅ(
1191 915 1341 977 loseph
1377 913 1611 960 inebriatus
1647 916 1704 960 est
1731 932 1832 961 cum
1865 917 2063 963 fratribus

676 984 771 1043 suis,
799 1001 972 1030 morata
999 986 1097 1031 est.‘²

741 1055 843 1102 XIII.
890 1059 1092 1105 Revertar
1130 1057 1470 1116 Hierosolymam
1506 1075 1584 1120 per
1625 1059 1838 1116 leecuam,
1877 1061 2063 1122 patriam

675 1128 828 1186 Amos,
858 1130 1107 1176 rutilantem
1132 1134 1277 1175 montis
1301 1131 1456 1174 Oliveti
1478 1129 1624 1174 lucem
1649 1130 1870 1192 aspiciam,
1898 1130 1952 1177 de
1972 1149 2062 1194 quo

675 1199 860 1246 salvator
884 1200 1075 1246 ascendit
1104 1200 1158 1246 ad
1185 1217 1384 1263 patrem:
1412 1201 1456 1246 in
1485 1218 1574 1262 quo
1601 1218 1677 1263 per
1701 1219 1840 1247 annos
1874 1201 2063 1266 singulos

676 1287 809 1316 vacca
828 1272 922 1318 rufa
944 1274 988 1318 in
1014 1272 1318 1318 holocaustum
1338 1273 1538 1317 Domino
1561 1271 1848 1332 cremabatur,
1869 1275 1914 1318 &
1942 1274 2062 1320 cuius

676 1343 781 1388 cinis
801 1343 1003 1406 expiabat
1025 1345 1244 1408 populum
1264 1344 1409 1390 Israel:
1445 1345 1489 1391 in
1514 1362 1621 1407 quo,
1644 1346 1761 1391 iuxta
1781 1345 2062 1404 Ezechielem,

675 1413 917 1461 Cherubim
950 1415 1004 1462 de
1036 1416 1203 1478 templo
1233 1416 1583 1479 transmigrantes
1620 1414 1843 1462 ecclesiam
1877 1417 2064 1462 Domini

676 1485 979 1533 fundaverunt.
1024 1488 1116 1532 Post
1153 1486 1340 1550 ingressa
1369 1489 1600 1549 sepulcrum
1645 1491 1799 1549 Lazari,
1842 1489 1977 1535 Marie
2017 1491 2061 1534 ὃς

675 1558 842 1604 Marthe
866 1558 974 1605 vidit
999 1558 1250 1622 hospitium,
1282 1561 1327 1604 ὃς
1353 1563 1606 1621 Bethplzage,
1639 1559 1788 1605 villam
1820 1559 2063 1606 sacerdota-

675 1629 782 1675 lium
807 1631 1093 1687 maxillarum,
1115 1633 1159 1676 &
1182 1630 1347 1689 locum,
1372 1632 1415 1675 in
1442 1648 1532 1692 quo
1552 1631 1694 1693 pullus
1714 1631 1939 1678 lasciviens
1956 1650 2063 1696 gen-

675 1702 784 1747 tium
810 1703 894 1748 Dei
926 1703 1047 1748 frena
1074 1702 1256 1766 suscepit
1281 1703 1674 1766 apostolorumque
1704 1703 1854 1748 stratus
1880 1703 2063 1751 vestibus

675 1774 825 1819 mollia
849 1790 971 1837 terga
1010 1772 1178 1836 prebuit
1203 1773 1259 1820 ad
1283 1773 1540 1821 sedendum.

738 1845 850 1891 XIV.
888 1846 1111 1906 Recloque
1129 1846 1281 1890 itinere
1303 1844 1594 1892 descendebat
1613 1846 1792 1905 Iericho,
1813 1847 2061 1909 recogitans

674 1915 797 1962 illum
824 1916 878 1964 de
903 1918 1136 1982 Evangelio
1155 1918 1430 1965 vulneratum
1448 1935 1513 1976 ac,
1535 1916 1828 1964 sacerdotibus
1853 1920 1898 1964 ὃς
1922 1918 2061 1965 levitis

675 1989 832 2034 mentis
860 1989 1025 2036 feritate
1060 1988 1419 2052 pretereuntibus,
1450 1989 1730 2035 clementiam
1759 1991 1982 2049 Samarite,
2017 1991 2061 2036 id

675 2060 747 2118 est,
774 2059 973 2119 custodis,
1002 2061 1075 2122 qui
1100 2061 1363 2106 seminecem
1387 2061 1463 2106 suo
1499 2062 1698 2106 iumento
1724 2060 1977 2123 impositum
2006 2062 2061 2108 ad

676 2129 887 2177 stabulum
923 2130 1096 2177 ecclesie
1128 2130 1401 2194 deportavit:
1437 2132 1483 2176 ὃς
1510 2131 1662 2176 locum
1685 2133 1896 2189 cAdomim,
1938 2132 2061 2194 quod

674 2204 976 2265 interpretatur
1001 2203 1277 2265 sanguinum,
1314 2203 1416 2264 quia
1441 2202 1601 2248 multus
1628 2203 1674 2247 in
1701 2220 1755 2248 eo
1776 2203 1948 2266 sanguis
1975 2221 2062 2250 cre-

675 2272 758 2319 bris
782 2273 1003 2318 latronum
1030 2271 1293 2319 fundebatur
1324 2271 1581 2320 incurfibus:
1618 2275 1663 2319 ὃς
1702 2272 1904 2320 arborem
1937 2275 2060 2335 syco-

675 2362 850 2391 morum
883 2344 1063 2404 Zachei,
1097 2344 1143 2391 id
1178 2346 1249 2403 est,
1289 2343 1409 2390 bona
1444 2347 1680 2408 penitentie
1711 2363 1859 2409 opera,
1905 2344 2061 2409 quibus

675 2432 852 2462 cruenta
866 2414 1034 2462 dudum
1047 2420 1091 2463 &
1106 2418 1236 2463 noxia
1251 2418 1409 2480 rapinis
1425 2433 1606 2480 peccata
1615 2416 1811 2463 calcabat
1826 2418 2059 2464 excelsum-

675 2504 760 2549 que
787 2489 1035 2535 Dominum
1062 2489 1116 2536 de
1141 2489 1308 2535 excelso
1333 2490 1542 2536 virtutum
1566 2487 1838 2535 intuebatur:
1874 2491 1919 2535 ὅ(
1943 2491 2059 2535 iuxta

675 2558 793 2604 viam
835 2576 1041 2606 cecorum
1070 2562 1184 2621 loca,
1222 2562 1311 2624 qui,
1344 2561 1527 2624 receptis
1554 2559 1804 2621 luminibus,
1838 2562 2057 2624 utriusque

722 2735 756 2756 a.
782 2725 819 2757 In
838 2723 888 2757 ed.
909 2735 991 2757 mor.
1012 2736 1039 2758 e.
1059 2736 1126 2758 om.
