<?xml version="1.0" encoding="UTF-8"?>
<!DOCTYPE html PUBLIC "-//W3C//DTD XHTML 1.0 Transitional//EN"
    "http://www.w3.org/TR/xhtml1/DTD/xhtml1-transitional.dtd">
<html xmlns="http://www.w3.org/1999/xhtml" xml:lang="en" lang="en">
 <head>
  <title>
</title>
<meta http-equiv="Content-Type" content="text/html;charset=utf-8" />
  <meta name='ocr-system' content='tesseract 3.04.00' />
  <meta name='ocr-capabilities' content='ocr_page ocr_carea ocr_par ocr_line ocrx_word'/>
</head>
<body>
  <div class='ocr_page' id='page_1' title='image "./p1itinerahierosoly1tobl_0592.png"; bbox 0 0 2216 3435; ppageno 0'>
   <div class='ocr_carea' id='block_1_1' title="bbox 537 182 1328 245">
    <p class='ocr_par' dir='ltr' id='par_1_1' title="bbox 537 182 1328 245">
     <span class='ocr_line' id='line_1_1' title="bbox 537 182 1328 245; baseline -0.004 -16"><span class='ocrx_word' id='word_1_1' title='bbox 537 182 600 245; x_wconf 76' lang='lat'>46</span> <span class='ocrx_word' id='word_1_2' title='bbox 1161 193 1328 227; x_wconf 85' lang='lat' dir='ltr'>GESTA</span> 
     </span>
    </p>
   </div>
   <div class='ocr_carea' id='block_1_2' title="bbox 442 340 2216 2623">
    <p class='ocr_par' dir='ltr' id='par_1_2' title="bbox 442 340 2216 2623">
     <span class='ocr_line' id='line_1_2' title="bbox 442 340 1922 401; baseline -0.001 -13"><span class='ocrx_word' id='word_1_3' title='bbox 442 358 518 388; x_wconf 88' lang='lat'>¹2¹9</span> <span class='ocrx_word' id='word_1_4' title='bbox 536 341 748 388; x_wconf 85' lang='lat' dir='ltr'>Soldanus</span> <span class='ocrx_word' id='word_1_5' title='bbox 774 340 895 389; x_wconf 86' lang='lat' dir='ltr'>abiit!</span> <span class='ocrx_word' id='word_1_6' title='bbox 921 344 980 401; x_wconf 83' lang='lat'>&amp;,</span> <span class='ocrx_word' id='word_1_7' title='bbox 1005 341 1091 386; x_wconf 90' lang='lat' dir='ltr'>hoc</span> <span class='ocrx_word' id='word_1_8' title='bbox 1116 340 1251 397; x_wconf 63' lang='lat' dir='ltr'>dieto,</span> <span class='ocrx_word' id='word_1_9' title='bbox 1278 342 1320 386; x_wconf 90' lang='lat' dir='ltr'>in</span> <span class='ocrx_word' id='word_1_10' title='bbox 1346 358 1503 386; x_wconf 88' lang='lat' dir='ltr'>navem</span> <span class='ocrx_word' id='word_1_11' title='bbox 1530 341 1859 386; x_wconf 84' lang='lat' dir='ltr'>christianorum</span> <span class='ocrx_word' id='word_1_12' title='bbox 1881 342 1922 387; x_wconf 89' lang='lat' dir='ltr'>se</span> 
     </span>
     <span class='ocr_line' id='line_1_3' title="bbox 535 411 1922 476; baseline 0.001 -18"><span class='ocrx_word' id='word_1_13' title='bbox 535 414 666 476; x_wconf 82' lang='lat' dir='ltr'>recipi</span> <span class='ocrx_word' id='word_1_14' title='bbox 682 413 927 476; x_wconf 68' lang='lat' dir='ltr'>postulavit,</span> <span class='ocrx_word' id='word_1_15' title='bbox 951 414 1052 459; x_wconf 88' lang='lat' dir='ltr'>utin</span> <span class='ocrx_word' id='word_1_16' title='bbox 1068 412 1277 475; x_wconf 89' lang='lat' dir='ltr'>potestate</span> <span class='ocrx_word' id='word_1_17' title='bbox 1295 430 1450 458; x_wconf 90' lang='lat' dir='ltr'>eorum</span> <span class='ocrx_word' id='word_1_18' title='bbox 1468 411 1630 474; x_wconf 81' lang='lat' dir='ltr'>positus</span> <span class='ocrx_word' id='word_1_19' title='bbox 1644 413 1778 459; x_wconf 83' lang='lat' dir='ltr'>fidem</span> <span class='ocrx_word' id='word_1_20' title='bbox 1798 413 1922 460; x_wconf 68' lang='lat' dir='ltr'>diffls</span> 
     </span>
     <span class='ocr_line' id='line_1_4' title="bbox 535 483 1921 531; baseline 0.001 -2"><span class='ocrx_word' id='word_1_21' title='bbox 535 484 706 530; x_wconf 89' lang='lat' dir='ltr'>faceret.</span> <span class='ocrx_word' id='word_1_22' title='bbox 734 484 862 529; x_wconf 84' lang='lat' dir='ltr'>Mane</span> <span class='ocrx_word' id='word_1_23' title='bbox 882 501 1028 530; x_wconf 86' lang='lat' dir='ltr'>autem</span> <span class='ocrx_word' id='word_1_24' title='bbox 1048 484 1253 529; x_wconf 83' lang='lat' dir='ltr'>inchoata</span> <span class='ocrx_word' id='word_1_25' title='bbox 1275 483 1359 530; x_wconf 91' lang='lat' dir='ltr'>diei</span> <span class='ocrx_word' id='word_1_26' title='bbox 1386 485 1474 530; x_wconf 87' lang='lat' dir='ltr'>festi</span> <span class='ocrx_word' id='word_1_27' title='bbox 1495 484 1635 531; x_wconf 75' lang='lat' dir='ltr'>missa:</span> <span class='ocrx_word' id='word_1_28' title='bbox 1666 488 1921 530; x_wconf 80' lang='lat' dir='ltr'><em>Gaudeamus</em></span> 
     </span>
     <span class='ocr_line' id='line_1_5' title="bbox 533 556 1920 619; baseline 0 -18"><span class='ocrx_word' id='word_1_29' title='bbox 533 575 666 601; x_wconf 82' lang='lat' dir='ltr'>omnes</span> <span class='ocrx_word' id='word_1_30' title='bbox 686 560 726 601; x_wconf 84' lang='lat' dir='ltr'>in</span> <span class='ocrx_word' id='word_1_31' title='bbox 746 560 940 611; x_wconf 73' lang='lat' dir='ltr'>Domino,</span> <span class='ocrx_word' id='word_1_32' title='bbox 965 573 1067 600; x_wconf 84' lang='lat' dir='ltr'>cum</span> <span class='ocrx_word' id='word_1_33' title='bbox 1092 557 1370 601; x_wconf 81' lang='lat' dir='ltr'>nunciaretur</span> <span class='ocrx_word' id='word_1_34' title='bbox 1388 556 1668 619; x_wconf 74' lang='lat' dir='ltr'>principibus,</span> <span class='ocrx_word' id='word_1_35' title='bbox 1690 556 1920 602; x_wconf 76' lang='lat' dir='ltr'>soldanum</span> 
     </span>
     <span class='ocr_line' id='line_1_6' title="bbox 533 626 1920 691; baseline 0.001 -19"><span class='ocrx_word' id='word_1_36' title='bbox 533 626 702 691; x_wconf 73' lang='lat' dir='ltr'>fugisse,</span> <span class='ocrx_word' id='word_1_37' title='bbox 742 627 947 690; x_wconf 78' lang='lat' dir='ltr'>Egyptios</span> <span class='ocrx_word' id='word_1_38' title='bbox 990 644 1169 689; x_wconf 88' lang='lat' dir='ltr'>quoque</span> <span class='ocrx_word' id='word_1_39' title='bbox 1206 627 1427 686; x_wconf 78' lang='lat' dir='ltr'>receffiffe,</span> <span class='ocrx_word' id='word_1_40' title='bbox 1465 631 1597 675; x_wconf 86' lang='lat' dir='ltr'>nostri</span> <span class='ocrx_word' id='word_1_41' title='bbox 1642 629 1838 675; x_wconf 80' lang='lat' dir='ltr'>certatim</span> <span class='ocrx_word' id='word_1_42' title='bbox 1875 630 1920 673; x_wconf 86' lang='lat'>&amp;</span> 
     </span>
     <span class='ocr_line' id='line_1_7' title="bbox 531 697 1920 762; baseline 0.001 -18"><span class='ocrx_word' id='word_1_43' title='bbox 531 699 726 744; x_wconf 85' lang='lat' dir='ltr'>alacriter</span> <span class='ocrx_word' id='word_1_44' title='bbox 761 697 923 759; x_wconf 85' lang='lat' dir='ltr'>absque</span> <span class='ocrx_word' id='word_1_45' title='bbox 959 697 1281 760; x_wconf 85' lang='lat' dir='ltr'>impedimento</span> <span class='ocrx_word' id='word_1_46' title='bbox 1317 698 1583 759; x_wconf 76' lang='lat' dir='ltr'>transierunt,</span> <span class='ocrx_word' id='word_1_47' title='bbox 1620 700 1707 759; x_wconf 81' lang='lat' dir='ltr'>sed,</span> <span class='ocrx_word' id='word_1_48' title='bbox 1734 701 1848 762; x_wconf 77' lang='lat' dir='ltr'>quia,</span> <span class='ocrx_word' id='word_1_49' title='bbox 1876 716 1920 745; x_wconf 89' lang='lat' dir='ltr'>ut</span> 
     </span>
     <span class='ocr_line' id='line_1_8' title="bbox 531 768 1918 832; baseline -0.001 -17"><span class='ocrx_word' id='word_1_50' title='bbox 531 770 721 832; x_wconf 88' lang='lat' dir='ltr'>superius</span> <span class='ocrx_word' id='word_1_51' title='bbox 747 769 931 814; x_wconf 89' lang='lat' dir='ltr'>relatum</span> <span class='ocrx_word' id='word_1_52' title='bbox 957 770 1029 828; x_wconf 82' lang='lat' dir='ltr'>est,</span> <span class='ocrx_word' id='word_1_53' title='bbox 1057 768 1221 815; x_wconf 70' lang='lat' dir='ltr'>fossatis</span> <span class='ocrx_word' id='word_1_54' title='bbox 1242 770 1461 817; x_wconf 86' lang='lat' dir='ltr'>&amp;limosa</span> <span class='ocrx_word' id='word_1_55' title='bbox 1487 772 1668 817; x_wconf 89' lang='lat' dir='ltr'>materia</span> <span class='ocrx_word' id='word_1_56' title='bbox 1693 788 1794 816; x_wconf 87' lang='lat' dir='ltr'>curn</span> <span class='ocrx_word' id='word_1_57' title='bbox 1819 786 1918 832; x_wconf 88' lang='lat' dir='ltr'>pro-</span> 
     </span>
     <span class='ocr_line' id='line_1_9' title="bbox 532 840 1920 903; baseline -0.001 -17"><span class='ocrx_word' id='word_1_58' title='bbox 532 841 791 903; x_wconf 77' lang='lat' dir='ltr'>pugnaculis</span> <span class='ocrx_word' id='word_1_59' title='bbox 830 840 970 886; x_wconf 88' lang='lat' dir='ltr'>hostes</span> <span class='ocrx_word' id='word_1_60' title='bbox 995 842 1242 886; x_wconf 90' lang='lat' dir='ltr'>munierant</span> <span class='ocrx_word' id='word_1_61' title='bbox 1267 842 1382 901; x_wconf 83' lang='lat' dir='ltr'>loca,</span> <span class='ocrx_word' id='word_1_62' title='bbox 1417 859 1536 888; x_wconf 88' lang='lat' dir='ltr'>tanta</span> <span class='ocrx_word' id='word_1_63' title='bbox 1568 844 1610 887; x_wconf 92' lang='lat' dir='ltr'>in</span> <span class='ocrx_word' id='word_1_64' title='bbox 1642 841 1815 887; x_wconf 88' lang='lat' dir='ltr'>ascensu</span> <span class='ocrx_word' id='word_1_65' title='bbox 1842 840 1920 885; x_wconf 87' lang='lat' dir='ltr'>fuit</span> 
     </span>
     <span class='ocr_line' id='line_1_10' title="bbox 531 911 1919 974; baseline -0.001 -17"><span class='ocrx_word' id='word_1_66' title='bbox 531 911 776 971; x_wconf 84' lang='lat' dir='ltr'>difficultas,</span> <span class='ocrx_word' id='word_1_67' title='bbox 813 929 858 958; x_wconf 89' lang='lat' dir='ltr'>ut</span> <span class='ocrx_word' id='word_1_68' title='bbox 886 913 956 958; x_wconf 84' lang='lat' dir='ltr'>vix</span> <span class='ocrx_word' id='word_1_69' title='bbox 983 914 1082 974; x_wconf 84' lang='lat' dir='ltr'>equi</span> <span class='ocrx_word' id='word_1_70' title='bbox 1110 911 1194 958; x_wconf 80' lang='lat' dir='ltr'>fine</span> <span class='ocrx_word' id='word_1_71' title='bbox 1221 912 1445 959; x_wconf 72' lang='lat' dir='ltr'>sessoribus</span> <span class='ocrx_word' id='word_1_72' title='bbox 1472 916 1517 960; x_wconf 69' lang='grc' dir='ltr'>ὃς</span> <span class='ocrx_word' id='word_1_73' title='bbox 1543 914 1649 959; x_wconf 88' lang='lat' dir='ltr'>sellis</span> <span class='ocrx_word' id='word_1_74' title='bbox 1674 913 1799 958; x_wconf 69' lang='lat' dir='ltr'>eieffl</span> <span class='ocrx_word' id='word_1_75' title='bbox 1823 912 1919 974; x_wconf 89' lang='lat' dir='ltr'>pos-</span> 
     </span>
     <span class='ocr_line' id='line_1_11' title="bbox 532 983 1919 1047; baseline -0.001 -18"><span class='ocrx_word' id='word_1_76' title='bbox 532 985 623 1029; x_wconf 89' lang='lat' dir='ltr'>sent</span> <span class='ocrx_word' id='word_1_77' title='bbox 646 983 891 1030; x_wconf 88' lang='lat' dir='ltr'>ascendere.</span> <span class='ocrx_word' id='word_1_78' title='bbox 917 984 1155 1047; x_wconf 88' lang='lat' dir='ltr'>Templarij</span> <span class='ocrx_word' id='word_1_79' title='bbox 1184 984 1395 1047; x_wconf 87' lang='lat' dir='ltr'>preduces</span> <span class='ocrx_word' id='word_1_80' title='bbox 1420 987 1464 1030; x_wconf 89' lang='lat' dir='ltr'>in</span> <span class='ocrx_word' id='word_1_81' title='bbox 1489 985 1662 1031; x_wconf 87' lang='lat' dir='ltr'>ascensu</span> <span class='ocrx_word' id='word_1_82' title='bbox 1687 1000 1919 1046; x_wconf 80' lang='lat' dir='ltr'>equorum,</span> 
     </span>
     <span class='ocr_line' id='line_1_12' title="bbox 532 1053 1920 1118; baseline 0.001 -19"><span class='ocrx_word' id='word_1_83' title='bbox 532 1056 684 1100; x_wconf 73' lang='lat' dir='ltr'>ereffls</span> <span class='ocrx_word' id='word_1_84' title='bbox 721 1053 863 1118; x_wconf 72' lang='lat' dir='ltr'>signis,</span> <span class='ocrx_word' id='word_1_85' title='bbox 903 1057 1067 1118; x_wconf 89' lang='lat' dir='ltr'>peruici</span> <span class='ocrx_word' id='word_1_86' title='bbox 1099 1057 1221 1101; x_wconf 89' lang='lat' dir='ltr'>cursu</span> <span class='ocrx_word' id='word_1_87' title='bbox 1253 1055 1309 1101; x_wconf 89' lang='lat' dir='ltr'>ad</span> <span class='ocrx_word' id='word_1_88' title='bbox 1339 1058 1560 1103; x_wconf 87' lang='lat' dir='ltr'>civitatem</span> <span class='ocrx_word' id='word_1_89' title='bbox 1590 1059 1786 1114; x_wconf 75' lang='lat' dir='ltr'>veniunt,</span> <span class='ocrx_word' id='word_1_90' title='bbox 1823 1054 1920 1100; x_wconf 91' lang='lat' dir='ltr'>ster-</span> 
     </span>
     <span class='ocr_line' id='line_1_13' title="bbox 530 1125 2186 1192; baseline 0.001 -20"><span class='ocrx_word' id='word_1_91' title='bbox 530 1142 682 1172; x_wconf 87' lang='lat' dir='ltr'>nentes</span> <span class='ocrx_word' id='word_1_92' title='bbox 707 1125 914 1189; x_wconf 72' lang='lat' dir='ltr'>peffidos,</span> <span class='ocrx_word' id='word_1_93' title='bbox 946 1128 1035 1189; x_wconf 82' lang='lat' dir='ltr'>qui,</span> <span class='ocrx_word' id='word_1_94' title='bbox 1074 1125 1281 1173; x_wconf 54' lang='lat' dir='ltr'>audacter</span> <span class='ocrx_word' id='word_1_95' title='bbox 1309 1127 1364 1173; x_wconf 89' lang='lat' dir='ltr'>de</span> <span class='ocrx_word' id='word_1_96' title='bbox 1390 1129 1526 1190; x_wconf 88' lang='lat' dir='ltr'>portis</span> <span class='ocrx_word' id='word_1_97' title='bbox 1552 1128 1715 1192; x_wconf 73' lang='lat' dir='ltr'>egressi,</span> <span class='ocrx_word' id='word_1_98' title='bbox 1746 1127 1920 1173; x_wconf 90' lang='lat' dir='ltr'>venien·</span> <span class='ocrx_word' id='word_1_99' title='bbox 1940 1143 2058 1182; x_wconf 89' lang='lat' dir='ltr'>v.,f.9</span> <span class='ocrx_word' id='word_1_100' title='bbox 2075 1147 2116 1180; x_wconf 76' lang='lat' dir='ltr'>ro,</span> <span class='ocrx_word' id='word_1_101' title='bbox 2134 1154 2159 1172; x_wconf 78' lang='lat' dir='ltr'>c.</span> <span class='ocrx_word' id='word_1_102' title='bbox 2175 1152 2186 1173; x_wconf 90' lang='lat'>1</span> 
     </span>
     <span class='ocr_line' id='line_1_14' title="bbox 530 1196 1919 1246; baseline 0 -3"><span class='ocrx_word' id='word_1_103' title='bbox 530 1196 640 1243; x_wconf 89' lang='lat' dir='ltr'>tibus</span> <span class='ocrx_word' id='word_1_104' title='bbox 665 1215 959 1245; x_wconf 87' lang='lat' dir='ltr'>occurrerunt.</span> <span class='ocrx_word' id='word_1_105' title='bbox 987 1200 1055 1245; x_wconf 89' lang='lat' dir='ltr'>Sic</span> <span class='ocrx_word' id='word_1_106' title='bbox 1080 1200 1222 1245; x_wconf 88' lang='lat' dir='ltr'>noster</span> <span class='ocrx_word' id='word_1_107' title='bbox 1247 1201 1455 1245; x_wconf 87' lang='lat' dir='ltr'>exercitus</span> <span class='ocrx_word' id='word_1_108' title='bbox 1481 1201 1669 1246; x_wconf 88' lang='lat' dir='ltr'>tentoria</span> <span class='ocrx_word' id='word_1_109' title='bbox 1696 1201 1741 1244; x_wconf 66' lang='grc' dir='ltr'>ὅς</span> <span class='ocrx_word' id='word_1_110' title='bbox 1764 1215 1919 1243; x_wconf 90' lang='lat' dir='ltr'>manu-</span> 
     </span>
     <span class='ocr_line' id='line_1_15' title="bbox 529 1268 1921 1335; baseline 0 -20"><span class='ocrx_word' id='word_1_111' title='bbox 529 1268 620 1315; x_wconf 86' lang='lat' dir='ltr'>bias</span> <span class='ocrx_word' id='word_1_112' title='bbox 640 1269 909 1333; x_wconf 82' lang='lat' dir='ltr'>fugiencium</span> <span class='ocrx_word' id='word_1_113' title='bbox 924 1270 1115 1334; x_wconf 80' lang='lat' dir='ltr'>diripuit,</span> <span class='ocrx_word' id='word_1_114' title='bbox 1133 1272 1314 1317; x_wconf 85' lang='lat' dir='ltr'>tarchias</span> <span class='ocrx_word' id='word_1_115' title='bbox 1328 1272 1535 1335; x_wconf 88' lang='lat' dir='ltr'>plurimas</span> <span class='ocrx_word' id='word_1_116' title='bbox 1551 1274 1595 1317; x_wconf 75' lang='grc' dir='ltr'>ὅ(</span> <span class='ocrx_word' id='word_1_117' title='bbox 1608 1288 1762 1316; x_wconf 88' lang='lat' dir='ltr'>omnes</span> <span class='ocrx_word' id='word_1_118' title='bbox 1776 1270 1921 1333; x_wconf 83' lang='lat' dir='ltr'>galeas</span> 
     </span>
     <span class='ocr_line' id='line_1_16' title="bbox 530 1340 2198 1406; baseline -0.002 -20"><span class='ocrx_word' id='word_1_119' title='bbox 530 1359 631 1387; x_wconf 91' lang='lat' dir='ltr'>cum</span> <span class='ocrx_word' id='word_1_120' title='bbox 655 1340 866 1388; x_wconf 86' lang='lat' dir='ltr'>barbottis</span> <span class='ocrx_word' id='word_1_121' title='bbox 894 1344 939 1388; x_wconf 87' lang='lat'>&amp;</span> <span class='ocrx_word' id='word_1_122' title='bbox 963 1343 1053 1388; x_wconf 89' lang='lat' dir='ltr'>aliis</span> <span class='ocrx_word' id='word_1_123' title='bbox 1078 1341 1275 1402; x_wconf 83' lang='lat' dir='ltr'>navibus,</span> <span class='ocrx_word' id='word_1_124' title='bbox 1302 1361 1386 1406; x_wconf 87' lang='lat' dir='ltr'>que</span> <span class='ocrx_word' id='word_1_125' title='bbox 1411 1343 1521 1389; x_wconf 86' lang='lat' dir='ltr'>infra</span> <span class='ocrx_word' id='word_1_126' title='bbox 1549 1343 1685 1389; x_wconf 88' lang='lat' dir='ltr'>casale</span> <span class='ocrx_word' id='word_1_127' title='bbox 1707 1343 1840 1404; x_wconf 89' lang='lat' dir='ltr'>usque</span> <span class='ocrx_word' id='word_1_128' title='bbox 1865 1340 1921 1387; x_wconf 90' lang='lat' dir='ltr'>ad</span> <span class='ocrx_word' id='word_1_129' title='bbox 1941 1357 2026 1396; x_wconf 80' lang='lat' dir='ltr'>B.,p.</span> <span class='ocrx_word' id='word_1_130' title='bbox 2044 1364 2115 1394; x_wconf 81' lang='lat'>233,</span> <span class='ocrx_word' id='word_1_131' title='bbox 2131 1365 2155 1384; x_wconf 80' lang='lat' dir='ltr'>c.</span> <span class='ocrx_word' id='word_1_132' title='bbox 2172 1363 2198 1384; x_wconf 87' lang='lat'>1.</span> 
     </span>
     <span class='ocr_line' id='line_1_17' title="bbox 530 1413 1920 1478; baseline -0.001 -19"><span class='ocrx_word' id='word_1_133' title='bbox 530 1414 750 1460; x_wconf 88' lang='lat' dir='ltr'>civitatem</span> <span class='ocrx_word' id='word_1_134' title='bbox 773 1413 1117 1474; x_wconf 73' lang='lat' dir='ltr'>inveniebantur,</span> <span class='ocrx_word' id='word_1_135' title='bbox 1152 1432 1254 1460; x_wconf 88' lang='lat' dir='ltr'>cum</span> <span class='ocrx_word' id='word_1_136' title='bbox 1292 1415 1383 1460; x_wconf 88' lang='lat' dir='ltr'>aliis</span> <span class='ocrx_word' id='word_1_137' title='bbox 1408 1415 1554 1478; x_wconf 90' lang='lat' dir='ltr'>spoliis</span> <span class='ocrx_word' id='word_1_138' title='bbox 1578 1416 1762 1461; x_wconf 59' lang='lat' dir='ltr'>vifiores</span> <span class='ocrx_word' id='word_1_139' title='bbox 1789 1430 1920 1459; x_wconf 91' lang='lat' dir='ltr'>occu-</span> 
     </span>
     <span class='ocr_line' id='line_1_18' title="bbox 529 1485 1921 1549; baseline -0.002 -16"><span class='ocrx_word' id='word_1_140' title='bbox 529 1502 755 1549; x_wconf 85' lang='lat' dir='ltr'>paverunt.</span> <span class='ocrx_word' id='word_1_141' title='bbox 777 1486 901 1531; x_wconf 87' lang='lat' dir='ltr'>Multi</span> <span class='ocrx_word' id='word_1_142' title='bbox 920 1485 1165 1545; x_wconf 78' lang='lat' dir='ltr'>bellatores,</span> <span class='ocrx_word' id='word_1_143' title='bbox 1187 1486 1341 1532; x_wconf 69' lang='lat' dir='ltr'>relitffis</span> <span class='ocrx_word' id='word_1_144' title='bbox 1362 1485 1565 1532; x_wconf 82' lang='lat' dir='ltr'>uxoribus</span> <span class='ocrx_word' id='word_1_145' title='bbox 1588 1503 1639 1531; x_wconf 90' lang='lat' dir='ltr'>ac</span> <span class='ocrx_word' id='word_1_146' title='bbox 1658 1485 1769 1543; x_wconf 73' lang='lat' dir='ltr'>filiis,</span> <span class='ocrx_word' id='word_1_147' title='bbox 1789 1486 1921 1531; x_wconf 87' lang='lat' dir='ltr'>territi</span> 
     </span>
     <span class='ocr_line' id='line_1_19' title="bbox 528 1557 1920 1621; baseline 0 -19"><span class='ocrx_word' id='word_1_148' title='bbox 528 1573 711 1621; x_wconf 89' lang='lat' dir='ltr'>propter</span> <span class='ocrx_word' id='word_1_149' title='bbox 733 1558 1015 1620; x_wconf 88' lang='lat' dir='ltr'>inopinatum</span> <span class='ocrx_word' id='word_1_150' title='bbox 1041 1557 1277 1618; x_wconf 69' lang='lat' dir='ltr'>transitum,</span> <span class='ocrx_word' id='word_1_151' title='bbox 1311 1557 1366 1604; x_wconf 92' lang='lat' dir='ltr'>de</span> <span class='ocrx_word' id='word_1_152' title='bbox 1390 1559 1597 1604; x_wconf 88' lang='lat' dir='ltr'>Damiata</span> <span class='ocrx_word' id='word_1_153' title='bbox 1623 1558 1841 1621; x_wconf 76' lang='lat' dir='ltr'>fugerunt,</span> <span class='ocrx_word' id='word_1_154' title='bbox 1875 1558 1920 1602; x_wconf 90' lang='lat'>&amp;</span> 
     </span>
     <span class='ocr_line' id='line_1_20' title="bbox 528 1627 1918 1693; baseline 0 -20"><span class='ocrx_word' id='word_1_155' title='bbox 528 1627 584 1674; x_wconf 76' lang='lat' dir='ltr'>sic</span> <span class='ocrx_word' id='word_1_156' title='bbox 607 1647 685 1692; x_wconf 91' lang='lat' dir='ltr'>per</span> <span class='ocrx_word' id='word_1_157' title='bbox 708 1648 866 1693; x_wconf 81' lang='lat' dir='ltr'>gyrum</span> <span class='ocrx_word' id='word_1_158' title='bbox 890 1628 1070 1675; x_wconf 87' lang='lat' dir='ltr'>firmiter</span> <span class='ocrx_word' id='word_1_159' title='bbox 1094 1628 1261 1675; x_wconf 69' lang='lat' dir='ltr'>obsessa</span> <span class='ocrx_word' id='word_1_160' title='bbox 1289 1631 1347 1675; x_wconf 88' lang='lat' dir='ltr'>est</span> <span class='ocrx_word' id='word_1_161' title='bbox 1372 1630 1535 1677; x_wconf 70' lang='lat' dir='ltr'>civitas</span> <span class='ocrx_word' id='word_1_162' title='bbox 1562 1628 1647 1675; x_wconf 85' lang='lat' dir='ltr'>Sed</span> <span class='ocrx_word' id='word_1_163' title='bbox 1667 1646 1756 1691; x_wconf 88' lang='lat' dir='ltr'>quo</span> <span class='ocrx_word' id='word_1_164' title='bbox 1777 1628 1918 1674; x_wconf 89' lang='lat' dir='ltr'>modo</span> 
     </span>
     <span class='ocr_line' id='line_1_21' title="bbox 529 1699 1918 1764; baseline 0.001 -19"><span class='ocrx_word' id='word_1_165' title='bbox 529 1701 736 1764; x_wconf 85' lang='lat' dir='ltr'>scriptum</span> <span class='ocrx_word' id='word_1_166' title='bbox 758 1701 839 1747; x_wconf 89' lang='lat' dir='ltr'>est:</span> <span class='ocrx_word' id='word_1_167' title='bbox 864 1723 885 1742; x_wconf 74' lang='lat' dir='ltr'>cr</span> <span class='ocrx_word' id='word_1_168' title='bbox 909 1705 1093 1746; x_wconf 79' lang='lat' dir='ltr'>Extrema</span> <span class='ocrx_word' id='word_1_169' title='bbox 1119 1704 1267 1762; x_wconf 76' lang='lat' dir='ltr'>gaudij</span> <span class='ocrx_word' id='word_1_170' title='bbox 1292 1703 1422 1747; x_wconf 61' lang='lat' dir='ltr'>ludius</span> <span class='ocrx_word' id='word_1_171' title='bbox 1445 1719 1612 1763; x_wconf 81' lang='lat' dir='ltr'>occupat</span> <span class='ocrx_word' id='word_1_172' title='bbox 1634 1722 1656 1741; x_wconf 69' lang='grc' dir='ltr'>υ</span> <span class='ocrx_word' id='word_1_173' title='bbox 1683 1699 1918 1763; x_wconf 84' lang='lat' dir='ltr'>(Proverb.‚</span> 
     </span>
     <span class='ocr_line' id='line_1_22' title="bbox 528 1770 1919 1836; baseline -0.001 -19"><span class='ocrx_word' id='word_1_174' title='bbox 528 1786 630 1829; x_wconf 86' lang='lat' dir='ltr'>XIV,</span> <span class='ocrx_word' id='word_1_175' title='bbox 667 1776 757 1836; x_wconf 70' lang='lat'>13),</span> <span class='ocrx_word' id='word_1_176' title='bbox 784 1771 839 1818; x_wconf 76' lang='lat' dir='ltr'>sic</span> <span class='ocrx_word' id='word_1_177' title='bbox 862 1775 908 1818; x_wconf 67' lang='grc' dir='ltr'>ὃς</span> <span class='ocrx_word' id='word_1_178' title='bbox 933 1791 985 1819; x_wconf 93' lang='lat' dir='ltr'>ve</span> <span class='ocrx_word' id='word_1_179' title='bbox 1005 1782 1016 1801; x_wconf 85' lang='lat'>¹</span> <span class='ocrx_word' id='word_1_180' title='bbox 1038 1772 1290 1819; x_wconf 87' lang='lat' dir='ltr'>succeffibus</span> <span class='ocrx_word' id='word_1_181' title='bbox 1316 1774 1454 1819; x_wconf 89' lang='lat' dir='ltr'>eciam</span> <span class='ocrx_word' id='word_1_182' title='bbox 1480 1771 1676 1818; x_wconf 87' lang='lat' dir='ltr'>felicibus</span> <span class='ocrx_word' id='word_1_183' title='bbox 1701 1790 1727 1818; x_wconf 88' lang='lat' dir='ltr'>a</span> <span class='ocrx_word' id='word_1_184' title='bbox 1753 1770 1919 1818; x_wconf 79' lang='lat' dir='ltr'>casibus</span> 
     </span>
     <span class='ocr_line' id='line_1_23' title="bbox 528 1842 1919 1907; baseline 0 -18"><span class='ocrx_word' id='word_1_185' title='bbox 528 1842 735 1891; x_wconf 79' lang='lat' dir='ltr'>adverfis!</span> <span class='ocrx_word' id='word_1_186' title='bbox 764 1846 936 1907; x_wconf 80' lang='lat' dir='ltr'>Agente</span> <span class='ocrx_word' id='word_1_187' title='bbox 956 1843 1168 1907; x_wconf 76' lang='lat' dir='ltr'>siquidem</span> <span class='ocrx_word' id='word_1_188' title='bbox 1189 1843 1487 1907; x_wconf 88' lang='lat' dir='ltr'>quorumdam</span> <span class='ocrx_word' id='word_1_189' title='bbox 1511 1844 1719 1890; x_wconf 89' lang='lat' dir='ltr'>falsorum</span> <span class='ocrx_word' id='word_1_190' title='bbox 1738 1844 1919 1890; x_wconf 87' lang='lat' dir='ltr'>fratrum</span> 
     </span>
     <span class='ocr_line' id='line_1_24' title="bbox 527 1914 1915 1979; baseline 0 -19"><span class='ocrx_word' id='word_1_191' title='bbox 527 1914 709 1978; x_wconf 88' lang='lat' dir='ltr'>perfidia</span> <span class='ocrx_word' id='word_1_192' title='bbox 730 1916 894 1961; x_wconf 71' lang='lat' dir='ltr'>faustum</span> <span class='ocrx_word' id='word_1_193' title='bbox 913 1916 984 1974; x_wconf 86' lang='lat' dir='ltr'>est,</span> <span class='ocrx_word' id='word_1_194' title='bbox 1010 1933 1055 1962; x_wconf 89' lang='lat' dir='ltr'>ut</span> <span class='ocrx_word' id='word_1_195' title='bbox 1076 1916 1231 1973; x_wconf 76' lang='lat' dir='ltr'>hostes,</span> <span class='ocrx_word' id='word_1_196' title='bbox 1257 1917 1484 1979; x_wconf 80' lang='lat' dir='ltr'>resumptis</span> <span class='ocrx_word' id='word_1_197' title='bbox 1502 1914 1662 1962; x_wconf 88' lang='lat' dir='ltr'>viribus</span> <span class='ocrx_word' id='word_1_198' title='bbox 1681 1917 1726 1961; x_wconf 87' lang='lat'>&amp;</span> <span class='ocrx_word' id='word_1_199' title='bbox 1745 1916 1915 1974; x_wconf 78' lang='lat' dir='ltr'>animis,</span> 
     </span>
     <span class='ocr_line' id='line_1_25' title="bbox 528 1987 1916 2051; baseline 0 -19"><span class='ocrx_word' id='word_1_200' title='bbox 528 1987 788 2033; x_wconf 82' lang='lat' dir='ltr'>adveniente</span> <span class='ocrx_word' id='word_1_201' title='bbox 815 1987 1047 2033; x_wconf 78' lang='lat' dir='ltr'>Coradino</span> <span class='ocrx_word' id='word_1_202' title='bbox 1069 2005 1171 2034; x_wconf 89' lang='lat' dir='ltr'>cum</span> <span class='ocrx_word' id='word_1_203' title='bbox 1185 1988 1414 2051; x_wconf 80' lang='lat' dir='ltr'>Alappinis</span> <span class='ocrx_word' id='word_1_204' title='bbox 1439 1990 1484 2034; x_wconf 69' lang='grc' dir='ltr'>ὃς</span> <span class='ocrx_word' id='word_1_205' title='bbox 1509 1988 1701 2033; x_wconf 85' lang='lat' dir='ltr'>maxima</span> <span class='ocrx_word' id='word_1_206' title='bbox 1725 1987 1916 2032; x_wconf 88' lang='lat' dir='ltr'>multitu-</span> 
     </span>
     <span class='ocr_line' id='line_1_26' title="bbox 529 2056 1915 2122; baseline -0.001 -18"><span class='ocrx_word' id='word_1_207' title='bbox 529 2058 645 2118; x_wconf 74' lang='lat' dir='ltr'>dine,</span> <span class='ocrx_word' id='word_1_208' title='bbox 671 2058 917 2104; x_wconf 83' lang='lat' dir='ltr'>obsidentes</span> <span class='ocrx_word' id='word_1_209' title='bbox 937 2061 1157 2105; x_wconf 87' lang='lat' dir='ltr'>civitatem</span> <span class='ocrx_word' id='word_1_210' title='bbox 1176 2059 1426 2105; x_wconf 84' lang='lat' dir='ltr'>christianos</span> <span class='ocrx_word' id='word_1_211' title='bbox 1447 2057 1725 2122; x_wconf 80' lang='lat' dir='ltr'>periculosius</span> <span class='ocrx_word' id='word_1_212' title='bbox 1745 2056 1915 2104; x_wconf 81' lang='lat' dir='ltr'>obfide-</span> 
     </span>
     <span class='ocr_line' id='line_1_27' title="bbox 528 2129 1915 2194; baseline 0 -19"><span class='ocrx_word' id='word_1_213' title='bbox 528 2146 621 2177; x_wconf 90' lang='lat' dir='ltr'>rent</span> <span class='ocrx_word' id='word_1_214' title='bbox 645 2132 704 2188; x_wconf 65' lang='grc' dir='ltr'>ὃς,</span> <span class='ocrx_word' id='word_1_215' title='bbox 742 2129 946 2194; x_wconf 82' lang='lat' dir='ltr'>nis12per</span> <span class='ocrx_word' id='word_1_216' title='bbox 970 2130 1168 2176; x_wconf 90' lang='lat' dir='ltr'>divinum</span> <span class='ocrx_word' id='word_1_217' title='bbox 1203 2130 1432 2176; x_wconf 79' lang='lat' dir='ltr'>confilium</span> <span class='ocrx_word' id='word_1_218' title='bbox 1468 2132 1609 2194; x_wconf 88' lang='lat' dir='ltr'>prima</span> <span class='ocrx_word' id='word_1_219' title='bbox 1643 2130 1790 2187; x_wconf 80' lang='lat' dir='ltr'>castra,</span> <span class='ocrx_word' id='word_1_220' title='bbox 1831 2147 1915 2192; x_wconf 87' lang='lat' dir='ltr'>que</span> 
     </span>
     <span class='ocr_line' id='line_1_28' title="bbox 527 2200 1916 2264; baseline 0.001 -19"><span class='ocrx_word' id='word_1_221' title='bbox 527 2218 649 2247; x_wconf 90' lang='lat' dir='ltr'>erant</span> <span class='ocrx_word' id='word_1_222' title='bbox 671 2203 783 2247; x_wconf 88' lang='lat' dir='ltr'>inter</span> <span class='ocrx_word' id='word_1_223' title='bbox 802 2221 921 2248; x_wconf 88' lang='lat' dir='ltr'>mare</span> <span class='ocrx_word' id='word_1_224' title='bbox 946 2204 991 2248; x_wconf 71' lang='grc' dir='ltr'>ὅ(</span> <span class='ocrx_word' id='word_1_225' title='bbox 1013 2201 1209 2262; x_wconf 70' lang='lat' dir='ltr'>fluvium,</span> <span class='ocrx_word' id='word_1_226' title='bbox 1235 2218 1401 2247; x_wconf 89' lang='lat' dir='ltr'>retenta</span> <span class='ocrx_word' id='word_1_227' title='bbox 1427 2200 1601 2247; x_wconf 81' lang='lat' dir='ltr'>fuiffent</span> <span class='ocrx_word' id='word_1_228' title='bbox 1625 2202 1814 2246; x_wconf 84' lang='lat' dir='ltr'>maxime</span> <span class='ocrx_word' id='word_1_229' title='bbox 1838 2218 1916 2264; x_wconf 90' lang='lat' dir='ltr'>per</span> 
     </span>
     <span class='ocr_line' id='line_1_29' title="bbox 527 2271 1914 2337; baseline 0.002 -21"><span class='ocrx_word' id='word_1_230' title='bbox 527 2272 714 2319; x_wconf 84' lang='lat' dir='ltr'>Frisones</span> <span class='ocrx_word' id='word_1_231' title='bbox 739 2276 784 2319; x_wconf 72' lang='grc' dir='ltr'>ὅ(</span> <span class='ocrx_word' id='word_1_232' title='bbox 807 2274 1124 2333; x_wconf 75' lang='lat' dir='ltr'>Theutonicos‚</span> <span class='ocrx_word' id='word_1_233' title='bbox 1156 2290 1306 2337; x_wconf 86' lang='lat' dir='ltr'>portus</span> <span class='ocrx_word' id='word_1_234' title='bbox 1332 2271 1459 2319; x_wconf 85' lang='lat' dir='ltr'>nobis</span> <span class='ocrx_word' id='word_1_235' title='bbox 1484 2271 1651 2318; x_wconf 88' lang='lat' dir='ltr'>ablatus</span> <span class='ocrx_word' id='word_1_236' title='bbox 1677 2271 1834 2332; x_wconf 73' lang='lat' dir='ltr'>fuisset,</span> <span class='ocrx_word' id='word_1_237' title='bbox 1869 2275 1914 2319; x_wconf 68' lang='grc' dir='ltr'>ὃς</span> 
     </span>
     <span class='ocr_line' id='line_1_30' title="bbox 527 2342 1913 2409; baseline 0.001 -21"><span class='ocrx_word' id='word_1_238' title='bbox 527 2346 767 2408; x_wconf 84' lang='lat' dir='ltr'>negocium</span> <span class='ocrx_word' id='word_1_239' title='bbox 789 2345 1027 2407; x_wconf 86' lang='lat' dir='ltr'>plurimum</span> <span class='ocrx_word' id='word_1_240' title='bbox 1045 2345 1339 2409; x_wconf 86' lang='lat' dir='ltr'>periclitatum</span> <span class='ocrx_word' id='word_1_241' title='bbox 1358 2342 1541 2391; x_wconf 83' lang='lat' dir='ltr'>vacilaff</span> <span class='ocrx_word' id='word_1_242' title='bbox 1537 2361 1590 2389; x_wconf 93' lang='lat' dir='ltr'>et.</span> <span class='ocrx_word' id='word_1_243' title='bbox 1611 2343 1695 2389; x_wconf 86' lang='lat' dir='ltr'>Sed</span> <span class='ocrx_word' id='word_1_244' title='bbox 1720 2360 1767 2389; x_wconf 92' lang='lat' dir='ltr'>ut</span> <span class='ocrx_word' id='word_1_245' title='bbox 1785 2344 1913 2390; x_wconf 87' lang='lat' dir='ltr'>mira-</span> 
     </span>
     <span class='ocr_line' id='line_1_31' title="bbox 528 2415 2189 2479; baseline -0.004 -16"><span class='ocrx_word' id='word_1_246' title='bbox 528 2417 674 2463; x_wconf 88' lang='lat' dir='ltr'>culum</span> <span class='ocrx_word' id='word_1_247' title='bbox 699 2417 855 2479; x_wconf 84' lang='lat' dir='ltr'>prefati</span> <span class='ocrx_word' id='word_1_248' title='bbox 883 2416 1076 2463; x_wconf 78' lang='lat' dir='ltr'>transitus</span> <span class='ocrx_word' id='word_1_249' title='bbox 1107 2415 1488 2462; x_wconf 88' lang='lat' dir='ltr'>commendaretur</span> <span class='ocrx_word' id='word_1_250' title='bbox 1512 2417 1556 2460; x_wconf 88' lang='lat'>&amp;</span> <span class='ocrx_word' id='word_1_251' title='bbox 1583 2415 1661 2461; x_wconf 87' lang='lat' dir='ltr'>soli</span> <span class='ocrx_word' id='word_1_252' title='bbox 1692 2416 1864 2461; x_wconf 88' lang='lat' dir='ltr'>Christo</span> <span class='ocrx_word' id='word_1_253' title='bbox 1898 2424 1912 2454; x_wconf 85' lang='lat'><strong>3</strong></span> <span class='ocrx_word' id='word_1_254' title='bbox 1934 2430 1984 2467; x_wconf 85' lang='lat' dir='ltr'>v.‚</span> <span class='ocrx_word' id='word_1_255' title='bbox 2001 2428 2110 2468; x_wconf 77' lang='lat' dir='ltr'>f.9r⁰‚</span> <span class='ocrx_word' id='word_1_256' title='bbox 2123 2438 2148 2458; x_wconf 82' lang='lat' dir='ltr'>c.</span> <span class='ocrx_word' id='word_1_257' title='bbox 2162 2438 2189 2458; x_wconf 84' lang='lat'>2.</span> 
     </span>
     <span class='ocr_line' id='line_1_32' title="bbox 528 2484 2216 2545; baseline -0.001 -11"><span class='ocrx_word' id='word_1_258' title='bbox 528 2487 819 2545; x_wconf 88' lang='lat' dir='ltr'>ascriberetur,</span> <span class='ocrx_word' id='word_1_259' title='bbox 846 2488 901 2534; x_wconf 90' lang='lat' dir='ltr'>ad</span> <span class='ocrx_word' id='word_1_260' title='bbox 928 2506 1094 2535; x_wconf 89' lang='lat' dir='ltr'>tantam</span> <span class='ocrx_word' id='word_1_261' title='bbox 1124 2489 1344 2534; x_wconf 87' lang='lat' dir='ltr'>Sarraceni</span> <span class='ocrx_word' id='word_1_262' title='bbox 1369 2487 1583 2534; x_wconf 90' lang='lat' dir='ltr'>devenere</span> <span class='ocrx_word' id='word_1_263' title='bbox 1610 2488 1912 2545; x_wconf 82' lang='lat' dir='ltr'>temeritatem,</span> <span class='ocrx_word' id='word_1_264' title='bbox 2214 2484 2216 2496; x_wconf 69' lang='lat'>⁵</span> 
     </span>
     <span class='ocr_line' id='line_1_33' title="bbox 530 2557 1913 2623; baseline -0.001 -18"><span class='ocrx_word' id='word_1_265' title='bbox 530 2576 576 2605; x_wconf 87' lang='lat' dir='ltr'>ut</span> <span class='ocrx_word' id='word_1_266' title='bbox 601 2558 793 2605; x_wconf 87' lang='lat' dir='ltr'>diluculo</span> <span class='ocrx_word' id='word_1_267' title='bbox 818 2558 985 2606; x_wconf 88' lang='lat' dir='ltr'>sabbati</span> <span class='ocrx_word' id='word_1_268' title='bbox 1008 2576 1109 2606; x_wconf 88' lang='lat' dir='ltr'>ante</span> <span class='ocrx_word' id='word_1_269' title='bbox 1136 2560 1317 2605; x_wconf 87' lang='lat' dir='ltr'>terciam</span> <span class='ocrx_word' id='word_1_270' title='bbox 1343 2557 1689 2623; x_wconf 75' lang='lat' dir='ltr'>Qadragesime</span> <span class='ocrx_word' id='word_1_271' title='bbox 1709 2559 1913 2605; x_wconf 86' lang='lat' dir='ltr'>Domini-</span> 
     </span>
    </p>
   </div>
   <div class='ocr_carea' id='block_1_3' title="bbox 583 2719 1362 2760">
    <p class='ocr_par' dir='ltr' id='par_1_3' title="bbox 583 2719 1362 2760">
     <span class='ocr_line' id='line_1_34' title="bbox 583 2719 1362 2760; baseline 0 -7"><span class='ocrx_word' id='word_1_272' title='bbox 583 2733 593 2753; x_wconf 82' lang='grc' dir='ltr'>ι</span> <span class='ocrx_word' id='word_1_273' title='bbox 620 2722 657 2755; x_wconf 83' lang='lat' dir='ltr'>V.</span> <span class='ocrx_word' id='word_1_274' title='bbox 673 2732 725 2753; x_wconf 84' lang='lat' dir='ltr'>ne.</span> <span class='ocrx_word' id='word_1_275' title='bbox 745 2740 787 2744; x_wconf 90' lang='lat'>—</span> <span class='ocrx_word' id='word_1_276' title='bbox 807 2733 826 2753; x_wconf 87' lang='lat'>2</span> <span class='ocrx_word' id='word_1_277' title='bbox 847 2722 885 2755; x_wconf 89' lang='lat' dir='ltr'>V.</span> <span class='ocrx_word' id='word_1_278' title='bbox 907 2720 974 2754; x_wconf 82' lang='lat' dir='ltr'>ubi.</span> <span class='ocrx_word' id='word_1_279' title='bbox 995 2740 1038 2744; x_wconf 96' lang='lat'><strong>—</strong></span> <span class='ocrx_word' id='word_1_280' title='bbox 1062 2731 1076 2760; x_wconf 86' lang='lat'>3</span> <span class='ocrx_word' id='word_1_281' title='bbox 1102 2721 1141 2753; x_wconf 91' lang='lat' dir='ltr'>V.</span> <span class='ocrx_word' id='word_1_282' title='bbox 1166 2719 1362 2757; x_wconf 55' lang='lat' dir='ltr'>Christiana</span> 
     </span>
    </p>
   </div>
  </div>
 </body>
</html>
