2216 3435
547 265 926 298 HODOEPORICON
962 266 993 298 S.
1028 266 1349 301 WILLIBALDI.
1522 271 1614 320 249

250 414 408 476 pientie
442 413 690 476 virgultum.
729 417 873 476 Itaque
920 430 1116 477 parentes
1139 415 1287 461 votiva
1313 413 1616 463 desideriorum

248 486 425 547 implere
437 483 731 547 properabant
743 485 962 547 promissa,
979 502 1108 548 atque
1122 485 1342 530 illustrium
1361 489 1615 547 quantocius

249 573 349 601 cum
384 556 581 601 consultu
623 556 865 601 amicorum
904 557 1228 619 carnaliumque
1265 559 1615 619 propinquorum

247 625 424 672 confiho
450 625 506 672 ad
541 627 657 672 sacre
681 626 916 673 cenobialis
950 628 1035 673 vite
1070 628 1349 673 instrumenta
1386 645 1615 692 preparare

248 714 374 760 atque
414 697 618 760 perficere
664 697 929 744 festinabant.
968 699 1298 760 Confestimque
1332 699 1453 744 illum
1489 718 1616 745 vene-

248 768 387 814 rando
427 767 756 830 fidelissimoque
793 770 886 815 viro
923 769 1188 815 Theodredo
1228 770 1616 831 commendabant,

247 841 319 886 sua
337 839 612 903 providentia
636 858 736 885 eum
756 839 811 886 ad
832 840 1067 886 cenobium
1087 839 1243 886 ducere
1264 842 1499 903 omniaque
1519 859 1616 904 pru-

246 911 397 957 denter
430 910 484 956 de
508 912 580 956 sua
607 912 731 957 causa
757 911 999 976 dispensare
1039 912 1355 975 disponereque
1385 911 1616 976 rogabant.

246 981 451 1044 Cumque
486 982 764 1045 perrexissent
785 995 802 1011 ‘¹
819 986 864 1028 ὃς
893 984 1015 1029 illum
1048 983 1286 1030 ducerentb
1313 983 1369 1030 ad
1408 983 1619 1028 monaste-

246 1053 372 1110 rium,
408 1054 530 1116 quod
560 1072 742 1101 vocatur
778 1057 1026 1112 Waldheim,
1067 1054 1318 1101 venerando
1343 1053 1489 1100 abbati
1511 1054 1618 1098 illius

246 1126 505 1183 monasterij,
549 1128 623 1189 qui
654 1143 837 1174 vocatur
863 1126 1079 1190 ngald‚⁶
1111 1125 1372 1185 offerebant3
1406 1127 1464 1171 ast
1496 1125 1618 1170 illum

244 1196 315 1242 sue
339 1197 603 1244 conditionis
627 1200 716 1244 iure
746 1200 961 1244 iuniorem
987 1199 1058 1243 seu
1084 1196 1335 1244 obediendo
1363 1196 1619 1259 discipulum

245 1268 322 1313 suo
347 1267 631 1315 subdiderunt
648 1271 846 1332 imperio,
868 1271 1106 1331 Statimque
1125 1269 1194 1314 ille
1215 1267 1347 1314 abbas
1372 1268 1618 1326 monasterij

250 1339 487 1385 secundum
511 1341 714 1404 regularis
739 1342 824 1387 vite
848 1340 1121 1403 disciplinam
1146 1338 1392 1386 declarabat
1418 1339 1439 1368 d
1452 1340 1526 1385 ista
1550 1340 1621 1384 sue

246 1412 594 1474 congregationi,
619 1411 776 1474 ficque,
804 1427 851 1457 ut
874 1429 975 1457 cum
1002 1429 1156 1458 eorum
1181 1409 1359 1457 confilio
1383 1409 1466 1457 sive
1489 1411 1620 1457 licen-

244 1481 301 1526 tia
326 1481 412 1527 hoc
431 1482 555 1541 foret,
580 1483 649 1529 ille
668 1481 903 1546 flagitabat.
930 1484 1016 1529 Cui
1033 1484 1231 1547 protinus
1256 1483 1398 1527 omnis
1417 1482 1488 1527 illa
1514 1499 1619 1527 con-

243 1553 390 1598 ventio
420 1553 598 1599 fratrum
633 1552 755 1599 simul
778 1554 1031 1616 responsum
1064 1554 1134 1600 seu
1164 1554 1383 1599 licentiam
1422 1552 1585 1599 dabant
1609 1563 1621 1580 ⁶

243 1623 402 1687 sueque
426 1625 660 1671 voluntatis
693 1624 870 1671 arbitrio
901 1627 1050 1670 omnia
1082 1626 1173 1671 fore
1206 1625 1267 1670 fas
1305 1623 1522 1685 dicebant,
1550 1643 1619 1671 ac-

245 1711 508 1758 ceptumque
533 1696 669 1756 illum,
696 1698 816 1742 ocius
840 1698 951 1743 inter
975 1695 1202 1742 cenobiale
1226 1697 1313 1742 vite
1338 1713 1490 1742 eorum
1515 1713 1620 1742 con-

246 1765 425 1812 sortium
450 1766 692 1831 iungendo,
718 1766 951 1814 sociabant.

444 1920 499 1966 V.
528 1924 669 1966 Sacris
690 1922 838 1966 litteris
860 1922 899 1966 8³
923 1923 1150 1966 monachali
1173 1925 1251 1967 vite
1275 1920 1474 1967 inherens

313 2043 406 2087 Post
430 2043 509 2089 hec
534 2044 681 2106 itaque
707 2055 840 2089 cum&r
857 2062 963 2107 puer
986 2045 1058 2090 iste
1083 2044 1280 2107 pudicus,
1307 2061 1384 2090 ceu
1411 2044 1623 2106 perfeclus

249 2114 375 2159 sacris
410 2114 645 2160 litterarum
681 2115 824 2160 studiis
858 2114 1045 2161 imbutus
1083 2132 1211 2178 atque
1246 2114 1448 2173 eruditus,
1485 2115 1621 2161 sacras

249 2183 455 2230 Davidici
470 2188 670 2231 carminis
684 2187 865 2249 paginas
884 2187 1041 2232 sollerti
1065 2187 1220 2232 mentis
1239 2187 1478 2231 intentione
1500 2205 1621 2249 pera-

243 2272 385 2319 grans,
429 2256 501 2302 sed
526 2259 571 2303 ὅ(
607 2259 738 2303 etiam
779 2258 861 2303 alia
897 2257 1042 2305 divine
1076 2259 1182 2322 legis
1218 2257 1621 2322 hagiographorum

244 2327 508 2373 armariolah
535 2327 793 2392 indagando
834 2327 915 2375 sive
958 2329 1148 2392 legendo
1191 2330 1365 2391 procaci
1399 2327 1468 2373 ille
1504 2329 1620 2374 sensu

246 2398 454 2460 sophyrus
468 2415 613 2445 mente
632 2399 885 2445 moderatus
900 2399 1124 2464 indagat‚¹'
1145 2402 1347 2446 &tamen
1370 2416 1459 2444 non
1481 2399 1622 2445 adhuc

243 2469 534 2532 plurimorum
559 2487 670 2518 etate
695 2489 913 2518 annorum
939 2471 1200 2535 grandevus,
1231 2469 1318 2528 sed,
1352 2468 1454 2515 sicut
1478 2469 1623 2517 divina

296 2681 325 2701 a.
353 2671 387 2702 C.
408 2678 628 2713 perrexerunt.
655 2690 695 2695 -—-
728 2672 757 2702 b.
781 2673 814 2703 (Σ.
834 2671 893 2703 du—
980 2672 1059 2704 bant
1082 2672 1112 2703 d.
1136 2671 1168 2703 in
1186 2674 1218 2703 (J.
1238 2690 1282 2694 -ῇ
1301 2671 1320 2702 f.
1343 2669 1466 2702 ‘Titulus
1486 2671 1521 2701 d.
1542 2667 1574 2700 in
1589 2670 1622 2701 C.

246 2723 376 2755 cebant.
389 2741 430 2746 --
453 2734 479 2755 c.
503 2724 535 2756 C.
558 2723 724 2767 Egiwald.
743 2744 787 2748 —-
806 2724 836 2756 d.
860 2726 892 2757 C.
978 2744 1023 2747 —
1042 2736 1073 2767 g.
1096 2726 1127 2757 C.
1142 2725 1220 2756 add.
1237 2723 1393 2767 protinus.
1418 2742 1454 2746 --
1476 2722 1505 2754 h.
1523 2724 1557 2754 C.
1572 2733 1623 2753 ar—

247 2773 419 2821 disciplina
447 2775 501 2807 sua
526 2775 697 2808 claruerat.
725 2796 769 2800 —-
787 2788 813 2809 e.
834 2776 891 2808 da·
980 2777 1144 2810 mariolas
1164 2797 1208 2801 ——
1229 2776 1246 2809 i.
1270 2778 1303 2809 C.
1324 2776 1516 2819 indagabat.

1441 2856 1480 2886 32
