2216 3435
599 208 652 256 14
1134 207 1422 240 oRD1NAC1o

860 288 984 303 -7-

586 352 719 397 vestra
744 355 789 398 ὃς
814 355 1003 401 carnalia
1033 358 1076 401 ὃς
1109 355 1360 417 spiritualia,
1403 354 1519 401 unde
1565 357 1696 402 mittit
1731 355 1856 402 vobis
1896 357 1966 402 hic

585 422 929 472 mundacionem
959 429 1003 472 ὅ(
1040 428 1358 489 purgacionem
1395 445 1418 472 a
1450 429 1660 489 peccatis,
1707 445 1750 473 ut
1791 445 1965 474 crucem

585 494 757 541 sumatis
788 497 843 542 ad
876 498 1118 544 succurlum
1152 498 1282 543 Terre
1313 499 1481 556 Sancle,
1523 501 1567 544 ὃς
1598 498 1651 544 fic
1682 517 1758 562 per
1791 517 1965 546 crucem

582 566 792 613 intrabitis
812 570 852 613 in
875 587 1059 632 regnum
1080 569 1274 614 celorum
1293 572 1338 614 δε
1363 568 1416 615 sic
1435 569 1634 616 videbitis
1658 572 1831 633 aspecffl
1860 570 1966 617 desi-

585 637 822 685 derabilem
855 643 900 686 &
936 639 1207 686 ineffabiliter
1243 639 1561 687 deleclabilem.
1611 642 1739 688 Unde
1787 664 1808 683 (τ
1844 647 1966 689 ‘Beati

585 714 728 756 mundo
754 715 885 769 corde,
915 734 937 753 υ
967 715 1051 757 &c.
1077 711 1267 769 (Matth.,
1292 726 1337 770 V,
1365 713 1431 775 3).

652 785 773 829 ltem:
799 784 916 829 Sicut
935 801 1105 846 pannus
1124 782 1307 829 abluitur
1331 785 1446 845 prius
1466 802 1614 830 amara
1643 786 1783 831 lexiva
1802 787 1847 831 ὅ(
1866 786 1965 848 pos-

585 868 653 898 tea
688 872 802 916 aqua
833 855 949 900 dulci
983 858 1028 901 ὃς
1058 855 1218 912 calida,
1258 853 1311 901 sic
1343 857 1491 901 anima
1523 858 1639 918 prius
1674 856 1860 902 abluitur
1892 874 1967 920 per

585 923 917 972 tribulacionem
958 944 1153 972 amaram
1195 929 1240 972 &
1280 927 1429 989 postea
1472 945 1549 990 per
1588 928 1836 986 lacrimam,
1881 946 1966 991 que

585 995 773 1057 sequitur
802 996 1149 1055 tribulacionem,
1187 1015 1271 1059 que
1296 999 1427 1044 etiam
1455 998 1594 1044 calida
1626 999 1779 1045 effeffta
1809 1000 1867 1045 est
1890 1018 1967 1063 per

583 1069 903 1114 contricionem
921 1071 965 1114 &
986 1068 1347 1115 recordacionem
1368 1072 1683 1132 preteritorum.
1705 1072 1777 1116 Per
1796 1088 1967 1116 motum

583 1139 701 1184 enim
736 1141 780 1185 in
822 1141 1053 1204 complexu
1092 1150 1273 1187 natum¹
1300 1143 1506 1186 excitatur
1545 1142 1664 1187 calor
1706 1142 1965 1199 naturaliter,

581 1210 758 1257 lacrime
777 1228 923 1258 autem
944 1231 1019 1276 per
1037 1231 1185 1258 veram
1205 1212 1348 1258 cordis
1370 1214 1772 1276 compunccionem
1792 1212 1968 1260 effluen-

584 1298 645 1327 tes
671 1282 818 1329 dulces
845 1286 890 1330 &
915 1284 1190 1330 delec}abiles
1217 1302 1342 1330 erunt
1366 1287 1408 1330 in
1435 1286 1672 1348 conspectu
1693 1286 1797 1343 Dei3
1823 1303 1968 1331 exem-

583 1354 705 1416 plum
721 1372 840 1418 patet
859 1357 902 1400 in
919 1354 1043 1401 beata
1057 1356 1192 1401 Maria
1207 1354 1482 1418 Magdalena.
1497 1357 1639 1401 Patere
1655 1357 1794 1402 eciam
1815 1357 1967 1419 potest,
1988 1371 2016 1398 A
2034 1369 2053 1399 f.
2070 1370 2105 1399 61
2121 1381 2148 1409 a,
2164 1382 2188 1401 c.
2205 1379 2216 1400 1

584 1424 706 1487 quod
725 1427 867 1471 minus
888 1426 1063 1489 placent
1086 1427 1263 1472 lacrime
1284 1428 1382 1472 Deo
1410 1445 1460 1472 ex
1479 1445 1580 1473 vera
1599 1429 1847 1489 penitencia
1867 1446 1967 1490 pro-

584 1496 787 1543 cedentes
813 1515 889 1560 per
913 1498 1013 1557 hoc,
1041 1497 1163 1560 quod
1184 1500 1402 1543 Dominus
1422 1497 1574 1544 videns
1602 1499 1825 1544 Ierusalem
1850 1499 1968 1546 flevit

583 1569 708 1631 super
739 1586 836 1614 eam
868 1569 1030 1627 dicens,
1072 1591 1094 1610 <c
1127 1573 1176 1615 51·
1205 1572 1454 1631 cognoviffes
1478 1571 1517 1614 ὃν
1543 1573 1602 1615 ‘Tu
1631 1591 1653 1611 υ
1688 1571 1825 1631 (Luc.,
1859 1585 1966 1630 XIX,

581 1642 679 1699 42).
715 1640 949 1704 Plangebat
982 1642 1100 1686 enim
1125 1642 1344 1687 Dominus
1375 1658 1642 1703 peccatores,
1675 1643 1749 1703 qui
1775 1644 1969 1689 exultant

581 1712 626 1756 in
647 1710 772 1757 rebus
792 1712 994 1775 peffimis,
1016 1714 1105 1774 qui,
1125 1712 1151 1757 fi
1170 1714 1291 1757 suam
1312 1712 1656 1758 damnacionem
1677 1712 1967 1775 previderent,

582 1783 741 1845 seipsos
767 1784 837 1830 vix
862 1784 1069 1847 plangere
1093 1782 1313 1842 cessarent,
1340 1783 1412 1829 sed
1437 1782 1512 1846 ipsi
1537 1785 1581 1828 in
1607 1782 1879 1845 perversitate
1896 1786 1969 1831 sua

584 1853 671 1900 dies
697 1855 794 1900 suos
820 1854 874 1900 lic
899 1854 1083 1911 ducunt,
1124 1854 1246 1917 quod
1277 1853 1352 1918 ipsi
1383 1856 1428 1900 in
1459 1855 1770 1917 temporalium
1801 1855 1968 1902 habun-

583 1925 739 1971 dancia
769 1925 843 1972 libi
873 1944 1032 1990 pacem
1063 1928 1184 1972 suam
1215 1927 1448 1991 prefigunt,
1486 1945 1571 1989 que
1603 1928 1756 1990 pocius
1788 1944 1879 1972 non
1911 1926 1969 1972 est

581 2016 682 2061 pax,
714 2015 814 2043 cum
838 1999 941 2061 ipsa,
976 2016 1142 2061 quanto
1177 2000 1316 2061 magis
1348 1999 1405 2044 est
1437 1997 1639 2058 affluens,
1671 2015 1795 2044 tanto
1829 1998 1967 2060 plures

582 2068 784 2115 cordium
813 2071 1159 2132 inquietaciones
1188 2069 1366 2116 influere
1400 2071 1516 2129 facit,
1547 2072 1592 2116 &
1617 2088 1642 2115 a
1674 2072 1772 2115 Deo
1805 2069 1899 2132 plus
1923 2071 1968 2114 &

582 2141 676 2203 plus
702 2143 896 2187 animam
919 2141 1091 2187 alienat.
1126 2135 1354 2205 fugiamus
1379 2159 1485 2206 ergo
1511 2141 1663 2187 fiscum
1693 2158 1836 2186 rerum
1861 2157 1967 2186 tem-

580 2213 811 2275 poralium,
845 2231 890 2258 ut
921 2213 1143 2259 evolemus
1168 2213 1224 2259 acl
1252 2230 1413 2271 eterna,
1447 2213 1686 2258 recolentes
1711 2210 1820 2257 illud
1853 2214 1966 2257 Gre-

581 2285 707 2347 gorij‚
744 2306 767 2325 «
794 2287 907 2330 Satis
937 2290 988 2344 est
1013 2287 1167 2330 alienus
1194 2305 1217 2330 α
1239 2288 1343 2344 fide,
1376 2291 1445 2345 qui
1477 2288 1528 2330 ad
1557 2287 1755 2346 agendam
1783 2288 1968 2346 peniten-

580 2359 683 2400 ciam
702 2373 880 2416 tempora
889 2359 1111 2417 senecintis
1130 2359 1350 2418 effpec‘lam
1369 2358 1616 2400 metuendum
1636 2374 1806 2415 namque
1821 2359 1887 2415 est,
1904 2373 1965 2411 ne,

581 2429 671 2471 dum
683 2430 827 2489 sperat
850 2430 1186 2489 misericordiam,
1214 2430 1368 2473 incidat
1393 2433 1433 2472 in
1461 2430 1674 2472 iudicium.
1695 2448 1718 2467 υ

977 2536 1044 2577 ‘De
1068 2552 1185 2578 carne
1211 2533 1251 2577 δέ
1275 2537 1364 2578 eius
1388 2533 1570 2577 deliciis.

649 2642 692 2684 ln
718 2637 827 2684 libro
859 2640 1028 2702 Regum
1060 2638 1228 2697 dicitur,
1267 2637 1389 2700 quod
1422 2636 1507 2682 due
1539 2637 1738 2683 mulieres
1766 2634 1969 2700 oppreffe

583 2711 700 2757 farne
731 2709 1021 2756 comederunt
1057 2727 1242 2773 puerum
1280 2709 1451 2755 alterius
1493 2708 1678 2767 illarum,
1719 2710 1764 2754 ὃς
1804 2708 1995 2771 reliqua,

632 2818 643 2838 1
666 2807 708 2848 A,
725 2806 951 2851 Bcomplexio
968 2813 1058 2838 nato.
