2216 3435
677 176 743 210 DE
767 174 904 208 LOCIS
928 172 1149 207 SANCTIS.
1499 174 1578 204 101

278 328 346 372 De
378 323 672 371 Gethsemane
707 319 979 368 ascendimus
1012 317 1070 365 ad
1105 334 1281 382 portam
1310 319 1587 380 Hierosolyme

211 416 289 462 per
312 396 471 460 gradus
491 395 665 441 multos.
695 397 738 439 In
760 392 908 438 dextra
930 407 1052 455 parte
1076 407 1203 454 porte
1232 389 1290 435 est
1316 390 1524 435 olivetum
1544 392 1588 436 ὃς

211 468 411 526 ficulnea,
431 467 475 513 in
496 484 582 528 qua
601 463 724 510 Iudas
751 464 911 526 laqueo
931 464 972 508 se
990 460 1221 525 suspendit,
1242 462 1361 507 cuius
1382 460 1492 506 talea
1511 461 1589 507 stat

211 539 376 585 munita
399 539 541 601 petris.
567 537 663 582 I-Iec
687 535 745 581 est
768 551 896 597 porta
920 534 1116 592 civitatis,
1149 550 1233 595 que
1263 531 1440 577 coheret
1463 548 1588 594 porte

210 610 415 673 speciose,
435 626 520 671 que
545 608 625 653 fuit
646 608 809 668 templi:
830 607 948 651 cuius
969 605 1166 651 liminare
1185 606 1229 650 ὅ(
1247 601 1477 650 trabulatio
1496 603 1585 650 stat.

534 767 679 813 XVIII.
719 768 1036 812 monumentum
1069 769 1256 811 Domini.

275 891 533 938 Osculantes
557 892 685 954 proni
710 892 755 937 in
780 906 955 949 terram,
976 890 1143 954 ingreffi
1163 892 1307 936 sumus
1328 892 1372 936 in
1393 891 1585 937 sanciam

208 964 443 1021 civitatem,
469 964 511 1007 in
538 980 622 1024 qua
648 963 910 1024 perreximus
941 961 996 1007 ad
1021 978 1360 1008 monumentum
1385 964 1583 1020 Domini,

208 1034 439 1080 adorantes
464 1035 617 1096 ipsum.
647 1034 1001 1092 Monumentum,
1027 1034 1072 1078 in
1102 1051 1189 1096 quo
1215 1050 1374 1096 corpus
1400 1036 1583 1080 Domini

208 1106 295 1151 Iesu
320 1105 476 1150 Christi
502 1103 690 1167 positum
723 1105 814 1163 fuit,
849 1106 894 1149 in
925 1105 1118 1150 naturale
1145 1106 1333 1150 excisum
1369 1106 1427 1150 est
1449 1123 1583 1168 petra.

206 1179 396 1223 Lucerna
414 1195 523 1234 erea,
548 1194 632 1238 que
650 1177 724 1221 iIIo
745 1194 944 1239 tempore
962 1176 1018 1223 ad
1038 1194 1169 1239 caput
1189 1177 1315 1240 ipsius
1334 1177 1471 1241 pofita
1492 1179 1585 1238 fuit,

206 1245 265 1292 ibi
283 1247 404 1293 ardet
425 1246 493 1293 die
513 1251 754 1309 noe‘iuque:
774 1266 823 1293 ex
845 1265 929 1309 qua
948 1246 1303 1294 benediciionem
1321 1250 1584 1311 accepimus,

207 1320 252 1363 &
278 1319 650 1381 recomposuimus
676 1337 786 1364 eam.
814 1321 857 1363 In
884 1318 1005 1380 quod
1031 1336 1370 1366 monumentum
1402 1319 1456 1366 de
1483 1321 1585 1366 foris

207 1389 388 1434 mittitur
430 1406 552 1447 terra,
599 1393 643 1436 &
683 1388 976 1453 ingredientes
1023 1390 1179 1436 exinde
1226 1390 1584 1438 benediciionem

207 1460 377 1506 tollunt.
403 1461 540 1522 Lapis,
567 1460 684 1507 unde
708 1461 899 1506 clausum
925 1462 1003 1506 fuit
1030 1479 1385 1521 monumentum,
1411 1480 1511 1509 ante
1536 1480 1584 1508 os

206 1533 485 1578 monumenti
505 1533 586 1578 est:
608 1532 756 1577 colora
780 1549 884 1578 vero
905 1549 1040 1595 petre,
1058 1551 1142 1595 que
1161 1534 1297 1579 excisa
1320 1535 1376 1579 est
1396 1533 1451 1579 de
1464 1550 1586 1598 petra

205 1602 436 1665 Golgotha
461 1603 682 1666 (dignosci
709 1621 798 1648 non
825 1604 1006 1665 potest);
1032 1621 1135 1649 nam
1164 1605 1255 1667 ipsa
1284 1623 1404 1667 petra
1431 1623 1585 1653 ornata

205 1674 263 1718 est
287 1692 337 1719 ex
361 1691 467 1719 auro
493 1677 536 1719 ὅ(
556 1676 755 1737 gemmis.
781 1674 1059 1721 Postmodum
1085 1675 1138 1721 de
1160 1677 1251 1739 ipsa
1274 1693 1396 1740 petra
1422 1677 1583 1724 facium

206 1745 264 1790 est
287 1745 419 1790 altare
444 1746 487 1789 in
512 1746 630 1803 loco,
657 1745 729 1791 ubi
754 1746 979 1791 crucifixus
1004 1748 1061 1792 est
1081 1749 1301 1793 Dominus
1323 1749 1440 1795 Iesus,
1467 1751 1583 1795 Petra

205 1832 309 1860 vero
330 1819 606 1862 monumenti
630 1818 761 1863 veluti
788 1818 962 1863 molaris
982 1819 1039 1864 est
1059 1819 1227 1866 infinite
1252 1837 1427 1866 ornata:
1453 1821 1583 1883 virgis

207 1885 349 1931 ferreis
370 1888 563 1949 pendent
583 1887 832 1949 brachialia,
847 1889 1159 1949 dextrocheria,
1178 1909 1372 1950 murene‚
1388 1892 1583 1950 monilia,

206 1958 354 2003 annuli
395 1960 667 2021 capitulares,
707 1961 881 2024 cingula
924 1979 1091 2025 gyrata,
1139 1962 1300 2009 balthei
1338 1966 1383 2009 ὃς
1417 1980 1583 2011 corone

204 2029 516 2091 imperatorum
542 2049 592 2076 ex
615 2049 720 2077 auro
746 2035 789 2077 ὅ(
814 2035 1015 2096 gemmis,
1040 2036 1084 2078 ὃς
1109 2051 1369 2080 ornamenta
1400 2035 1584 2097 plurima

205 2098 260 2146 de
294 2101 647 2163 imperatricibus.
684 2104 1021 2150 Monumentum
1061 2104 1115 2150 fic
1158 2105 1271 2167 quasi
1310 2107 1354 2152 in
1397 2106 1583 2153 modum

205 2188 320 2216 mete
343 2173 401 2217 est
433 2190 693 2236 coopertum
718 2192 768 2220 ex
792 2192 975 2239 argento
1000 2178 1044 2222 ὅ(
1069 2175 1144 2222 sub
1168 2178 1277 2223 soles
1301 2196 1454 2224 aureos
1483 2196 1584 2225 ante

205 2260 541 2290 monumentum
571 2245 703 2291 altare
727 2245 928 2309 positum.

701 2406 811 2453 XIX.
849 2409 1072 2470 Golgotlza.

268 2527 309 2571 Α
328 2543 621 2574 monumento
648 2530 780 2591 usque
804 2529 859 2575 ad
886 2531 1116 2595 Golgotha
1144 2533 1239 2578 sunt
1265 2533 1427 2598 gressus
1460 2538 1582 2581 ocio·

204 2596 339 2659 ginta.
368 2597 436 2643 Ab
463 2616 548 2645 una
573 2617 692 2663 parte
718 2600 960 2646 ascenditur
980 2620 1056 2666 per
1080 2602 1253 2667 gradus,
1272 2603 1343 2650 ubi
1363 2607 1582 2652 Dominus

204 2667 348 2713 noster
371 2669 564 2717 ascendit
587 2671 642 2717 ad
668 2671 1025 2736 crucifigendum.
1054 2677 1097 2720 In
1120 2675 1238 2734 loco,
1259 2674 1331 2722 ubi
1357 2677 1581 2724 crucifixus

253 2769 282 2790 a.
312 2759 350 2790 G.
377 2758 490 2792 viride.
