2216 3435
614 198 629 228 1
648 200 661 228 Ι
675 197 699 228 2
1217 199 1385 232 GESTA

509 363 586 393 1219
604 343 735 390 scalas
756 344 1008 408 posuerunt,
1034 344 1155 392 dedit
1178 346 1309 393 talem
1335 348 1564 395 victoriam
1588 349 1853 410 Christianis,
1879 368 1988 414 qua-

604 417 690 463 lem
715 434 943 479 nunquam
965 416 1222 465 habuerunt.
1257 420 1376 483 Qia
1401 419 1505 466 sicut
1528 420 1774 484 predictum
1800 423 1871 482 est,
1896 440 1988 469 non

605 490 683 534 fuit
710 487 882 534 bonitas
907 506 1077 546 eorum,
1104 489 1175 535 sed
1210 491 1293 536 Dei
1320 492 1627 552 misericordia,
1654 511 1738 556 que
1763 492 1848 540 sine
1875 493 1987 539 ferro

600 563 646 607 ὅ(
681 561 797 606 fama
838 561 1052 606 interfecit
1087 561 1289 607 inimicos
1337 563 1481 609 ianoe
1517 564 1683 611 Crucis.
1726 564 1834 610 Misit
1871 565 1989 610 enim

602 632 819 694 quosdam
837 632 1189 697 prudentissimos
1214 635 1328 680 viros
1347 636 1570 681 Romanos
1589 638 1634 681 ὅς
1653 637 1824 682 Latinos
1844 635 1989 681 media

601 707 732 751 noete
764 706 818 752 ad
851 724 1025 751 murum
1057 707 1254 765 civitatis,
1288 709 1347 765 ὃς,
1385 706 1587 770 apposito
1621 725 1756 770 ponte
1786 711 1831 754 ὅ(
1862 708 1987 767 scala,

600 775 712 825 bene
745 779 899 824 armati
933 776 1220 824 ascenderunt
1249 797 1423 824 murum
1458 795 1559 825 cum
1589 797 1756 844 magno
1782 797 1987 840 tremore,

601 954 721 988 Christi
741 955 909 989 Crucitixi.
930 956 995 994 Qui
1012 969 1087 989 cum
1106 969 1238 991 murum
1257 958 1401 991 civitatis
1415 958 1643 1003 ascendissent,
1664 959 1696 993 in
1714 972 1779 994 una
1795 960 1890 1006 ipsius
1909 961 1988 996 civi-

599 1010 676 1046 tatis
704 1018 793 1043 turre
818 1010 988 1043 fortissima
1014 1010 1170 1043 vexillum
1198 1011 1306 1045 sancte
1330 1013 1362 1045 δι
1391 1024 1466 1045 vere
1492 1012 1609 1048 Crucis
1638 1013 1815 1058 posuerunt
1849 1016 1892 1057 δι,
1917 1015 1986 1049 aliis
2007 1037 2011 1042 -

600 1063 744 1096 turribus
760 1064 877 1109 captis,
895 1064 927 1096 in
946 1076 1149 1109 unaquaque
1164 1065 1291 1109 signum
1311 1066 1417 1099 crucis
1432 1066 1654 1110 posuerunt&
1674 1066 1833 1101 fecerunt.
1856 1070 1987 1115 Pagani

599 1126 725 1161 autem,
743 1119 798 1163 qui
818 1118 850 1151 in
870 1118 938 1163 ipsa
958 1119 1092 1152 civitate
1111 1120 1265 1163 aderant,
1294 1120 1346 1164 alij
1369 1121 1492 1154 mortui
1511 1122 1542 1154 δι
1564 1121 1710 1155 semivivi
1728 1134 1786 1167 per
1805 1123 1929 1168 plateas
1956 1126 1987 1158 δι

599 1173 719 1205 domos
740 1174 771 1205 δι
798 1173 866 1206 vias
887 1173 1052 1214 iacebant,
1072 1174 1101 1206 δι
1128 1173 1181 1217 alij
1204 1175 1324 1207 morbo
1345 1175 1374 1208 Sc
1397 1174 1576 1220 pestilentia
1595 1176 1626 1208 δι
1647 1175 1838 1210 infirmitate
1863 1190 1987 1224 magna
2006 1181 2040 1211 P.
2057 1180 2077 1211 f.
2097 1190 2152 1220 115
2171 1180 2203 1210 B.

598 1225 865 1268 infirmabantur,
888 1226 934 1260 ita
953 1227 1044 1271 quod
1076 1227 1167 1260 nullo
1187 1229 1290 1261 modo
1311 1229 1481 1262 civitatem
1510 1228 1691 1262 defendere
1710 1231 1905 1275 nequibant.
1936 1233 1988 1268 Sic

599 1281 686 1313 enim
705 1281 829 1326 placuit
849 1282 1013 1322 Domino,
1038 1282 1069 1314 δέ
1091 1281 1132 1314 sic
1150 1282 1197 1314 ita
1221 1282 1290 1315 eius
1310 1282 1376 1315 fuit
1395 1283 1559 1316 voluntas.
1592 1284 1670 1316 Non
1691 1284 1778 1317 enim
1799 1285 1863 1318 hoc
1882 1284 1988 1330 poffet

599 1334 739 1368 evenisse
766 1334 952 1379 quantitate
972 1336 1002 1368 ὃ(
1029 1335 1150 1368 virtute
1176 1336 1322 1369 virorum
1355 1337 1547 1370 bellicorum
1570 1337 1616 1370 set
1643 1338 1792 1381 potentia
1812 1339 1842 1372 δι
1868 1339 1990 1373 virtute

598 1389 737 1422 Domini
758 1388 856 1422 nostri
878 1389 974 1422 Ihesu
1002 1389 1134 1431 Christi,
1167 1390 1255 1434 apud
1275 1402 1375 1434 quem
1406 1391 1447 1423 nil
1467 1391 1511 1423 est
1531 1390 1737 1435 impossibile.
1769 1392 1988 1427 Confidamus

599 1455 680 1488 ergo
701 1443 733 1476 in
754 1442 904 1476 Domino
923 1445 999 1476 Deo
1020 1454 1098 1476 vero
1124 1444 1156 1476 &
1176 1455 1240 1477 non
1259 1443 1290 1476 in
1310 1444 1487 1477 virtutibus
1510 1444 1696 1487 hominurn,
1724 1445 1804 1478 sicut
1834 1446 1989 1492 scriptum

599 1497 655 1539 est,
673 1498 786 1531 bonum
807 1497 844 1529 δέ
858 1496 969 1530 melius
991 1497 1033 1541 est
1047 1498 1208 1541 confidere
1225 1498 1258 1530 in
1275 1498 1421 1540 Domino,
1439 1510 1537 1542 quam
1552 1500 1713 1543 confidere
1732 1499 1765 1532 in
1787 1500 1990 1545 principibus

600 1550 732 1594 [Psalm.
753 1561 859 1593 CXLV,
881 1552 924 1593 2].
944 1550 1062 1583 Statim
1079 1552 1177 1596 pauci
1190 1553 1318 1596 Pagani
1334 1553 1375 1585 ad
1396 1552 1572 1586 baltrescas
1585 1565 1698 1586 eorum
1719 1554 1865 1588 &castra
1882 1555 1990 1600 ligno-

600 1617 672 1639 rum
691 1613 876 1644 currerunt,
895 1605 1006 1649 ignem
1027 1605 1058 1637 in
1078 1605 1122 1637 eis
1143 1605 1310 1647 miserunt,
1343 1615 1378 1639 ut
1397 1618 1415 1639 a
1435 1607 1573 1639 soldano
1591 1608 1621 1639 δι
1642 1607 1710 1640 eius
1731 1608 1875 1642 exercitu
1897 1610 1989 1644 vide-

599 1667 697 1692 retur.
721 1661 799 1697 Quo
817 1658 895 1703 igne
913 1658 981 1691 viso
1001 1671 1020 1691 a
1044 1659 1248 1702 Christianis,
1266 1660 1322 1704 qui
1339 1662 1518 1705 temptoria
1537 1661 1781 1703 custodiebant,
1801 1662 1897 1695 valde
1916 1662 1988 1696 sunt

598 1713 722 1747 turbati
738 1714 768 1746 Sc
783 1712 947 1758 perterriti
963 1730 970 1747 :
990 1713 1194 1757 ignorabant
1214 1714 1298 1746 enini
1317 1715 1358 1747 de
1377 1715 1449 1757 illis,
1467 1715 1522 1759 qui
1539 1715 1572 1747 in
1587 1715 1756 1748 civitatem
1773 1716 1987 1750 intraverant.

598 1768 698 1802 Unde
717 1767 784 1800 alta
802 1778 884 1799 voce
902 1765 1109 1800 lacrimando
1129 1776 1288 1812 ceperunt
1320 1780 1438 1812 rogare
1458 1770 1603 1802 Beatum
1623 1769 1837 1802 Leonardum
1862 1769 1989 1803 confes-

598 1821 716 1863 sorem,
738 1830 775 1854 ut
796 1833 856 1866 pro
875 1822 919 1855 eis
939 1822 980 1855 ad
997 1822 1184 1855 Dominum
1204 1822 1348 1855 nostrum
1367 1822 1499 1855 Ihesum
1521 1822 1688 1856 Christum
1708 1823 1912 1858 intercedere
1932 1824 1991 1858 de-

598 1876 702 1920 beret,
725 1876 845 1909 armati
869 1877 900 1909 δέ
928 1876 1075 1909 asclerati
1096 1877 1198 1910 castra
1219 1876 1461 1910 custodiebant.
1488 1877 1643 1921 Cumque
1662 1877 1890 1922 crepusculum
1910 1890 1989 1912 noc-

601 1929 642 1962 tis
664 1931 848 1964 recedentis
867 1933 897 1966 &
917 1932 982 1965 diei
1001 1932 1206 1965 advenientis
1224 1931 1324 1964 finem
1344 1931 1450 1971 daret,
1472 1932 1503 1964 ἃς
1524 1931 1594 1964 dies
1615 1930 1804 1965 clariffimus
1824 1934 1990 1978 apparuit,

596 1984 650 2017 die
672 1985 812 2027 Martis,
831 1985 862 2018 in
884 1997 952 2031 quo
975 1986 1124 2020 Christus
1146 1998 1233 2030 aqua
1253 1984 1314 2018 fuit
1333 1985 1474 2026 lavatus,
1494 1985 1524 2018 in
1546 1996 1614 2029 quo
1636 1996 1735 2018 omne
1757 1986 1882 2020 bonum
1910 1999 1990 2022 con-

602 2039 688 2082 tulit,
704 2039 883 2074 Christiani
897 2040 1050 2073 viderunt
1063 2040 1236 2085 quoddam
1251 2039 1405 2073 vexillum
1420 2040 1597 2073 balzanum
1612 2042 1642 2074 δε
1660 2041 1723 2074 alia
1742 2041 1858 2076 vexilla
1881 2042 1989 2076 sancte

599 2093 718 2126 Crucis
757 2094 788 2126 in
808 2094 952 2127 turribus
983 2094 1136 2127 civitatis.
1171 2094 1239 2133 Qui
1267 2094 1509 2138 prosternentes
1536 2095 1566 2127 se
1590 2095 1633 2127 ad
1660 2103 1781 2129 terram
1806 2096 1987 2132 dicebant:

598 2148 636 2190 O,
652 2147 814 2180 Damiata
829 2154 925 2192 capta
939 2148 981 2190 est
996 2147 1127 2181 virtute
1144 2147 1277 2181 Domini
1292 2148 1389 2191 nostri
1402 2148 1497 2190 Illesu
1517 2148 1636 2190 Christi
1653 2148 1827 2193 Crucifixi‚
1845 2161 1904 2194 que
1916 2149 1989 2183 olim

594 2209 670 2234 erat
689 2202 827 2235 cathena
847 2202 1060 2246 captivorum
1088 2202 1124 2234 δέ
1144 2201 1484 2245 carcet·filav01·u7n,
1502 2204 1591 2235 modo
1604 2201 1725 2245 gratia
1744 2202 1874 2235 Domini
1893 2202 1990 2247 nostri

597 2254 762 2299 Cruciflxi
784 2255 849 2288 erit
873 2258 984 2289 domus
1009 2255 1280 2300 Christianorum.
1304 2255 1537 2288 Affirmabant
1556 2254 1655 2287 etiam
1677 2255 1735 2288 viri
1753 2255 1892 2301 antiqui,
1911 2268 1988 2301 pru-

596 2308 712 2341 dentes
726 2310 757 2342 &
771 2309 924 2353 religiosi,
944 2309 1098 2342 vexillum
1119 2309 1307 2350 balzanum,
1327 2308 1418 2353 quod
1437 2308 1609 2349 videbant,
1629 2307 1693 2341 effe
1716 2309 1868 2342 vexillum
1892 2310 1987 2343 Beati
2007 2306 2040 2338 P·
2059 2305 2078 2335 f·
2098 2315 2152 2345 115
2171 2305 2208 2334 C·

597 2362 765 2395 Leonardi
780 2363 810 2395 δι
825 2362 906 2395 illud
920 2363 951 2395 in
967 2362 1114 2401 ecclelia,
1138 2362 1169 2395 in
1190 2374 1255 2407 qua
1266 2374 1388 2406 corpus
1403 2362 1471 2395 eius
1484 2361 1516 2394 in
1533 2362 1716 2406 presentem
1737 2363 1825 2396 diem
1845 2363 1988 2408 requies—

596 2414 653 2457 cit,
671 2415 797 2458 vidisse,
816 2417 847 2449 δι
873 2428 989 2450 omnes
1010 2428 1068 2460 pre
1093 2416 1197 2449 nimio
1215 2415 1342 2460 gaudio
1361 2417 1391 2449 ἂι
1413 2415 1541 2460 ingenti
1567 2415 1670 2449 letitia
1695 2416 1857 2450 commoti
1878 2416 1988 2462 plora-

597 2469 679 2502 bant
699 2470 729 2502 &
751 2469 866 2503 oculos
885 2470 916 2503 δι
934 2481 1053 2502 manus
1082 2469 1125 2502 ad
1144 2470 1251 2503 celum
1272 2470 1417 2503 levantes
1436 2469 1551 2503 humili
1572 2481 1653 2503 voce
1672 2469 1846 2505 dicebant:
1874 2473 1904 2504 Ο
1920 2472 1989 2505 Do-

596 2521 679 2555 mine
696 2522 791 2565 Ihesu
809 2522 943 2566 Chrzste,
969 2534 1033 2556 rex
1048 2522 1167 2567 glorie,
1178 2522 1236 2566 fili
1259 2523 1410 2568 virginis
1434 2523 1550 2556 Marie
1569 2525 1604 2556 [⁶5⁸
1620 2523 1758 2556 omnium
1776 2535 1889 2557 rerum
1907 2523 1988 2567 vist-

596 2575 709 2609 bilium
721 2575 929 2619 fabricator,
962 2576 1016 2609 cui
1031 2575 1143 2620 angeli
1163 2577 1199 2608 &¹
1212 2576 1297 2610 troni
1315 2578 1351 2609 693²
1363 2576 1594 2610 dominationes
1607 2576 1798 2619 subiiciunt,
1812 2576 1988 2610 laudamus

599 2629 860 2662 &benedicimus
883 2628 938 2670 Te,
952 2629 1089 2673 gratias
1114 2630 1243 2673 agimus
1273 2630 1348 2662 ‘libi
1361 2629 1373 2662 l
1387 2630 1575 2664 Benedillus
1593 2630 1638 2674 fit
1660 2632 1749 2663 Deus
1765 2636 1901 2674 patrum
1920 2629 1987 2672 nos-

597 2691 722 2716 trorum
740 2683 776 2715 {95
789 2682 971 2716 laudabilis
994 2683 1198 2727 &gloriosus
1219 2683 1253 2717 in
1258 2683 1376 2726 secula
1391 2684 1403 2715 l
1421 2683 1656 2717 Benedicamus
1671 2684 1767 2727 patri
1786 2684 1822 2716 ἔφ’
1827 2683 1900 2728 filio
1916 2695 1988 2716 cum

597 2738 710 2770 Sanblo
728 2733 862 2781 Spiritu,
882 2736 1051 2770 laudemus
1073 2736 1396 2781 &superexaltemus
1410 2748 1481 2770 eum
1498 2737 1532 2770 in
1542 2736 1676 2781 secula!
1694 2739 1805 2770 Amen.
1828 2737 1984 2782 Explicit.
