2216 3435
621 222 712 272 224
1048 224 1187 257 BEDA
1224 226 1555 260 VENERABILIS

650 461 715 506 IX.
742 464 808 505 ‘De
821 467 902 524 situ
928 465 1104 519 Hebron,
1130 465 1178 506 de
1203 464 1407 507 Mambre
1432 463 1471 507 ἓν
1496 470 1758 510 monumentis
1785 470 1963 526 patriar—

975 537 1132 577 charum
1166 534 1206 578 ἃ
1234 536 1391 590 offlam,
1419 537 1467 579 de
1484 541 1641 596 pineto.

681 648 840 691 Hebron
876 646 918 690 in
950 647 1096 707 campi
1129 645 1356 692 latitudine
1387 645 1459 692 fita
1492 648 1549 692 est
1584 650 1629 693 ὅ(
1653 647 1709 694 ab
1734 648 1817 694 Elia
1843 650 1996 712 viginti

614 715 786 762 duobus
818 714 1004 761 millibus
1039 716 1243 779 separata.
1278 719 1380 765 Uno
1417 718 1473 764 ad
1499 721 1713 765 orientem
1737 718 1874 764 stadio
1905 719 1997 783 spe-

613 789 788 833 luncam
824 787 1046 850 duplicem
1082 789 1126 832 in
1152 789 1288 834 vallea
1314 788 1459 852 habet,
1498 789 1570 836 ubi
1589 793 1781 852 sepulcra
1817 796 1997 852 patriar-

613 865 773 905 charum
801 858 1016 921 quadrato
1043 877 1170 905 muro
1197 860 1536 920 circumdantur,
1562 860 1774 923 capitibus
1799 861 1921 908 verfis
1941 862 1997 908 ad

613 932 884 993 aquilonem,
915 933 959 976 ὃς
990 931 1070 976 hec
1094 929 1259 994 singula
1289 930 1463 995 singulis
1490 935 1602 978 [etsta
1631 931 1847 995 lapidibus
1872 933 1999 980 instar

612 1001 779 1049 basilice
822 1002 994 1061 dolatis,
1037 1003 1165 1047 trium
1208 1004 1547 1065 patriarcharum
1590 1004 1801 1062 candidis,
1850 1003 1997 1050 Adam

611 1072 870 1119 obscurioris
897 1077 942 1119 δε
966 1075 1126 1120 vilioris
1152 1075 1310 1136 operis,
1345 1077 1419 1136 qui
1444 1074 1559 1120 haud
1589 1075 1724 1139 longe
1754 1073 1808 1120 ab
1836 1074 1916 1120 illis
1941 1074 1996 1120 ad

608 1144 831 1190 borealem
852 1163 1180 1208 eXtremamque
1200 1147 1308 1190 muri
1336 1146 1444 1191 illius
1464 1163 1633 1209 partem
1655 1147 1817 1210 pausat.
1842 1147 1996 1191 Trium

610 1234 790 1280 quoque
811 1219 1073 1264 feminarum
1098 1220 1268 1264 viliores
1294 1221 1338 1264 ὃ(
1360 1221 1550 1265 minores
1576 1220 1790 1265 memorie
1813 1236 1995 1265 cernun-

611 1306 688 1335 tur.
722 1288 920 1335 Mambre
947 1290 1082 1349 collis,
1109 1290 1224 1335 mille
1258 1289 1441 1352 passibus
1467 1309 1491 1336 a
1522 1292 1819 1336 monumentis
1851 1290 1914 1335 his
1941 1288 1996 1335 ad

610 1360 806 1419 boream,
838 1360 1042 1406 herbosus
1080 1360 1206 1408 valde
1243 1363 1287 1406 ὅ(
1325 1361 1519 1421 floridus,
1553 1363 1837 1425 campestrem
1868 1360 1998 1407 habet

609 1432 653 1476 in
684 1433 842 1478 vertice
873 1433 1114 1495 planitiem,
1158 1434 1199 1477 in
1233 1434 1352 1477 cuius
1389 1433 1627 1495 aquilonali
1663 1450 1782 1496 parte
1815 1449 1996 1494 quercus

610 1502 799 1562 Abrahe,
839 1503 1028 1550 duorum
1064 1504 1296 1549 hominum
1331 1503 1567 1550 altitudinis
1600 1522 1789 1562 truncus,
1823 1502 1997 1550 ecclefia

611 1574 880 1621 circumdata
899 1576 968 1621 est.
984 1574 1308 1639 Egredientibus
1322 1594 1426 1622 vero
1444 1575 1630 1621 Hebron
1649 1575 1705 1622 ad
1725 1576 1996 1637 aquilonem,

610 1646 653 1691 in
679 1645 835 1692 sinistra
856 1664 978 1709 parte
999 1648 1080 1706 vie,
1108 1649 1295 1692 occurrit
1313 1665 1441 1692 mons
1461 1647 1654 1710 pinosus,
1673 1665 1843 1710 parvus,
1865 1645 1996 1692 tribus

611 1716 798 1763 millibus
817 1717 1017 1781 paffuum
1037 1717 1091 1764 ab
1114 1718 1312 1778 Hebron,
1332 1718 1448 1764 unde
1468 1719 1823 1779 Hierosolymam
1843 1718 1997 1780 pineab

609 1789 729 1853 ligna
761 1791 954 1836 feruntur
983 1791 1027 1835 in
1060 1790 1251 1849 camelis,
1283 1807 1387 1835 nam
1419 1791 1463 1836 in
1497 1790 1621 1835 omni
1653 1788 1780 1835 Iudea
1813 1789 1998 1852 plaustra

611 1861 680 1907 vel
704 1878 848 1907 currus
873 1879 969 1907 raro
996 1861 1104 1907 sunt.

651 2040 701 2086 X.
734 2044 800 2085 ‘De
830 2043 985 2085 Iericho
1022 2040 1062 2084 ἃ
1098 2041 1200 2085 Iocis
1235 2042 1408 2101 eiusdem
1433 2042 1610 2101 sanc‘Iis,
1637 2041 1685 2083 de
1705 2039 1902 2100 Galgalis
1924 2037 1964 2082 ἃ

929 2115 1053 2172 fonte
1073 2114 1250 2174 Helisei,
1278 2115 1325 2156 de
1350 2131 1487 2172 compo
1516 2129 1673 2172 magno.

678 2226 833 2269 Iericho
871 2222 926 2269 ab
957 2223 1040 2270 Elia
1082 2225 1296 2269 orientem
1334 2224 1475 2269 versus
1516 2220 1825 2268 novemdecim
1858 2220 1999 2266 millec

615 2294 803 2359 paffibus
829 2293 958 2353 abest,
987 2313 1073 2358 qua
1098 2297 1223 2341 tertio
1250 2294 1305 2341 ad
1330 2295 1471 2340 solum
1496 2293 1720 2351 destruista,
1747 2292 1835 2338 sola
1860 2294 1998 2337 domus

615 2369 730 2429 Raab
757 2364 816 2411 ob
841 2364 1011 2429 signum
1035 2366 1138 2413 fidei
1163 2383 1378 2426 remanet3
1405 2368 1493 2412 eius
1515 2367 1633 2411 enim
1654 2364 1798 2411 adhuc
1816 2364 1998 2426 parietes

612 2435 698 2483 fine
723 2437 913 2483 culmine
939 2437 1109 2484 durant.
1140 2439 1278 2483 Locus
1303 2436 1417 2483 urbis
1442 2437 1605 2500 segetes
1634 2438 1679 2482 ὃ(
1702 2432 1871 2482 vinetad
1891 2434 1996 2480 reci-

613 2509 687 2570 pit.
717 2511 826 2554 Inter
849 2509 963 2556 hanc
988 2512 1033 2556 &
1061 2509 1304 2567 Iordanem,
1333 2509 1526 2571 quinque
1557 2508 1627 2553 vel
1652 2508 1722 2554 sex
1744 2504 1799 2552 ab
1828 2524 1878 2552 ea
1902 2505 1996 2551 mil—

611 2577 721 2625 libus
746 2579 1007 2643 separatum,
1046 2580 1230 2645 grandia
1259 2580 1354 2626 sunt
1387 2578 1596 2641 palmeta,
1627 2578 1838 2641 campulis
1867 2578 1996 2623 inter-

660 2705 689 2725 a.
713 2694 853 2727 ‘Tantum
874 2696 931 2728 Pa.
953 2695 984 2727 in
1007 2695 1045 2728 se.
1080 2714 1122 2720 —
1154 2696 1184 2727 b.
1208 2695 1256 2727 Pc.
1342 2705 1384 2725 m.
1417 2693 1540 2737 pedes5
1573 2694 1628 2725 Pa.
1660 2692 1736 2735 xviij
1771 2704 1818 2724 m.
1848 2689 1929 2736 paff.
1953 2708 1996 2714 ——

613 2745 728 2792 pineti.
752 2766 795 2772 —
822 2758 848 2780 c.
875 2748 921 2789 L.‚
947 2749 1015 2790 ed.;
1048 2750 1099 2790 O.‚
1127 2749 1175 2780 Pc.
1205 2747 1258 2780 xiv
1341 2746 1372 2779 d.
1394 2747 1447 2780 Pb.
1467 2747 1596 2780 cuneza.
