2216 3435
614 213 702 264 130
1014 212 1269 245 IOHANNES
1294 212 1360 244 DE
1384 211 1581 245 TULBIA

506 379 583 409 1219
604 375 815 406 venerunt
836 359 960 422 galee
984 361 1029 404 ὃς
1047 357 1231 404 barbote
1249 376 1327 421 per
1339 356 1518 414 flumen,
1533 359 1578 403 &
1596 358 1719 422 galee
1733 358 1873 404 nostre
1893 377 1985 405 non

602 448 723 476 erant
742 448 919 490 armate,
939 430 1011 477 nis}
1032 430 1130 487 due,
1144 448 1228 492 que
1251 446 1371 476 erant
1390 431 1514 492 supra
1532 446 1732 492 pontem,
1756 448 1807 476 ex
1832 430 1985 493 quibus

603 521 687 548 una
710 502 935 549 combusta
963 504 1040 548 fuit
1058 520 1081 547 a
1106 502 1360 558 Sarracenis,
1386 502 1431 546 ὃ(
1455 500 1734 547 crediderunt
1757 503 1802 546 in
1821 503 1892 548 illa
1917 501 1986 549 die

601 592 792 621 cremare
805 591 1008 638 pontem,
1023 576 1067 619 ὃς
1082 572 1136 618 de
1149 574 1300 618 nostris
1314 573 1439 618 multi
1459 574 1631 620 fuerunt
1643 575 1869 633 vulnerati,
1880 576 1925 620 &
1943 576 1986 620 in

600 646 709 692 hora
722 664 812 691 non
828 665 913 692 una
933 645 987 691 de
1007 645 1158 690 nostris
1175 662 1368 708 mergere
1386 643 1591 691 volebant
1605 646 1727 709 super
1740 664 1929 705 murum,
1942 647 1987 692 ὅ(

603 718 739 764 frasta
766 719 857 774 fuit,
887 720 931 763 δε
956 717 1046 762 duo
1063 734 1113 762 ex
1137 717 1288 762 nostris
1312 717 1355 762 in
1381 733 1495 778 aqua
1519 719 1739 780 perierunt
1759 741 1770 777 3
1800 720 1845 764 ἅ
1869 719 1988 765 venit

601 790 685 835 alia
712 790 823 835 scala
853 787 1135 847 hnuenfium,
1168 789 1292 851 supra
1316 806 1490 834 murum
1514 806 1780 854 mergerunt‚
1804 792 1850 836 &
1872 790 1986 853 plus-

603 879 736 924 quam
762 861 877 906 mille
900 862 1060 924 Pagani
1079 877 1201 906 erant
1219 877 1318 905 ante
1337 860 1496 905 scalam
1514 863 1558 906 ὃ(
1579 862 1704 925 super
1722 880 1819 908 eam
1836 863 1989 925 ignem

601 934 850 996 posuerunt.
888 932 1087 978 limentes
1112 932 1358 990 Christiani,
1383 932 1505 994 quod
1533 933 1708 979 fortuna
1735 949 1990 980 novercaret

599 1004 688 1065 fibi,
724 1006 769 1049 in
800 1021 969 1061 terram,
1009 1003 1111 1049 ficut
1137 1002 1350 1062 iacebant,
1374 1005 1419 1049 ὃ(
1443 1021 1520 1067 pet·
1548 1006 1733 1068 pupillas
1758 1004 1990 1051 oculorum

601 1074 781 1122 flumina
801 1077 1076 1123 lacrimarum
1099 1074 1342 1122 fundebant
1359 1078 1403 1121 ὃς
1423 1075 1647 1123 dicebant:
1667 1081 1845 1123 ‘Domine
1858 1079 1987 1140 Iloesu,

599 1154 668 1209 qui
691 1167 771 1210 pro
796 1152 908 1194 nobis
933 1154 1141 1194 humanam
1179 1166 1334 1194 carnem
1360 1150 1588 1211 affumpfisti
1611 1149 1651 1194 δ’
1677 1154 1716 1194 in
1745 1168 1858 1195 cruce
1884 1167 1990 1195 mor-

599 1223 927 1281 temsustinuisti,
955 1239 1002 1266 ne
1024 1223 1219 1281 respicias
1234 1236 1402 1281 peccam
1425 1224 1569 1279 nostra,
1585 1223 1665 1281 sed
1689 1223 1740 1266 ud
1751 1223 1894 1280 fidem,
1909 1238 1989 1283 pro

600 1311 676 1351 qua
704 1296 770 1337 lzic
796 1294 939 1354 sumus
972 1297 1225 1354 congregati,
1262 1296 1369 1352 quia,
1391 1297 1495 1355 ficut
1527 1294 1662 1352 iuffisti
1695 1298 1736 1338 in
1763 1294 1988 1354 evangelio,

588 1368 794 1424 fecimus:
808 1364 910 1426 QUI
932 1377 1068 1411 VULT
1087 1377 1275 1410 VENIRE
1290 1376 1415 1409 POST
1428 1376 1517 1422 ΜΕ,
1536 1376 1786 1410 ABNEGET
1799 1375 1990 1410 SEMET-

602 1448 755 1481 IPSUM
782 1448 851 1480 ET
871 1448 1086 1481 TOLLAT
1115 1447 1327 1481 CRUCEM
1355 1447 1496 1481 SUAM
1515 1448 1585 1481 ET
1610 1448 1884 1488 SEQUATUR
1914 1447 1989 1481 ME

602 1507 792 1567 (Matth,
817 1521 918 1566 XVI,
946 1509 1043 1570 24),
1069 1526 1115 1552 ne
1132 1511 1347 1568 permittas
1371 1526 1457 1567 nos,
1485 1510 1674 1566 Domine,
1703 1513 1742 1553 in
1767 1509 1846 1554 tali
1870 1509 1987 1553 modo

601 1583 809 1641 migrare!

665 1651 861 1697 XXXV1.
889 1648 1101 1695 Videntes
1123 1650 1315 1710 masteni‚
1342 1652 1417 1712 qui
1441 1668 1561 1697 erant
1586 1653 1629 1696 in
1654 1668 1831 1714 campo,
1856 1651 1989 1697 scalas

600 1723 727 1785 supra
754 1740 942 1780 murum,
974 1724 1019 1767 ὃς
1054 1722 1277 1768 audientes
1309 1723 1490 1781 lud‘tmn,
1533 1723 1655 1786 quod
1691 1722 1909 1769 faciebant
1943 1724 1989 1768 in

602 1794 790 1852 civitate,
825 1811 1055 1840 commota
1085 1795 1181 1842 sunt
1213 1796 1373 1842 viscera
1406 1813 1560 1841 eorum
1586 1796 1710 1858 super
1734 1796 1922 1841 infantes
1945 1797 1990 1841 δε

602 1866 802 1912 mulieres
839 1868 884 1912 ὃς
924 1866 1145 1913 dixerunt:
1183 1870 1296 1929 Quid
1314 1871 1528 1928 facimus?
1564 1872 1655 1913 cAut
1688 1872 1882 1924 vivamus,
1922 1884 1991 1914 aut

601 1943 821 1984 moriamur
854 1941 985 2000 simul,
1026 1956 1231 2000 antequam
1273 1941 1453 1985 crudeles
1491 1942 1713 1999 Christiani
1747 1943 1991 1999 interficiant

602 2014 778 2069 nostros!
809 2013 1104 2072 Bene-scimus,
1129 2013 1226 2071 quid
1241 2015 1429 2072 fecerunt
1455 2016 1496 2057 in
1520 2015 1655 2057 cAcon.
1682 2011 1727 2056 Et
1750 2011 1991 2057 clauserunt

604 2081 756 2126 oculos
777 2083 822 2127 ὅ(
840 2081 1095 2128 levaverunt
1113 2083 1257 2145 capita
1275 2084 1320 2128 ὃς
1339 2081 1560 2128 diruerunt
1580 2081 1844 2128 foffatum&
1863 2083 1990 2145 quin-

603 2171 688 2215 que
724 2152 996 2199 verderescas
1021 2155 1066 2199 ὃς
1096 2154 1365 2200 intraverunt
1400 2152 1456 2199 ad
1486 2155 1672 2199 tentoria
1704 2154 1847 2199 nostra
1877 2155 1989 2217 plus-

604 2243 737 2287 quam
769 2224 858 2270 duo
896 2225 965 2272 vel
996 2226 1076 2271 tria
1107 2225 1239 2283 milia,
1274 2228 1319 2271 ἃ
1344 2224 1525 2287 quidam
1549 2226 1817 2272 ammirarius
1842 2242 1989 2273 autem

603 2295 805 2344 veniebat
823 2298 868 2342 ὃ(
887 2295 1080 2343 dicebat:
1100 2300 1330 2343 Multumet
1347 2303 1398 2359 est
1415 2302 1618 2344 Dominus
1634 2299 1674 2343 ὃ»
1692 2316 1768 2343 non
1784 2301 1818 2343 C
1820 2302 1988 2358 lzrzstus!
2009 2307 2030 2339 f.
2048 2318 2084 2348 33
2102 2309 2129 2338 b-

604 2368 845 2415 Audientes
871 2367 958 2413 hoc
984 2368 1216 2431 templarij,
1254 2371 1327 2431 qui
1350 2367 1409 2414 ibi
1444 2367 1742 2428 confistebant,
1766 2371 1811 2414 &
1835 2386 1989 2416 omnes

601 2440 759 2487 Christi
797 2439 957 2485 athlete
992 2440 1228 2486 contristati
1257 2441 1353 2486 sunt
1375 2442 1421 2486 &
1445 2439 1666 2487 dixerunt:
1705 2444 1776 2486 Sic
1808 2443 1988 2487 debemus

588 2515 804 2557 ‚dimittere
829 2515 1012 2573 hospicia
1035 2517 1162 2572 nostra
1186 2517 1226 2557 in
1254 2515 1434 2557 manibus
1456 2517 1740 2573 Paganorum;
1758 2530 1860 2558 certe
1883 2521 1988 2558 non!

602 2583 647 2627 Et
675 2599 884 2644 ceperunt
909 2583 1131 2628 Christum
1158 2583 1364 2629 clamare:
1390 2586 1560 2629 cAdiuva
1586 2602 1672 2641 nos,
1700 2575 1791 2629 uera
1819 2585 1926 2628 Crux
1949 2582 1990 2626 ὃ»

602 2657 792 2699 Χαηόἶιιηι
814 2655 1094 2715 Sepulchrum,
1120 2656 1165 2700 ὅς
1198 2673 1219 2700 0
1243 2657 1388 2700 Sancsle
1409 2657 1579 2716 Georgi,
1600 2656 1659 2700 ‘Tu
1679 2657 1865 2716 digneris
1888 2658 1991 2699 acci-

594 2743 692 2787 pere
722 2726 910 2771 vexillum
945 2730 1140 2785 nostrum!
1178 2727 1224 2772 Et
1255 2727 1448 2771 exierunt
1475 2742 1629 2771 contra
1651 2725 1748 2771 illos
1777 2727 1823 2771 ὃς
1854 2725 1989 2772 Vid'fo-
