2216 3435
619 208 712 256 206
1178 218 1436 253 ARCULFus

612 369 643 402 &
669 367 825 402 universa
852 379 921 413 que
949 366 1071 400 habuit
1095 365 1229 399 diversis
1257 365 1388 398 casibus
1416 366 1562 410 perdita,
1591 366 1633 398 ad
1663 365 1835 399 nichilum
1856 365 1992 398 reda-&a

611 422 700 456 sunt.
719 421 825 455 Alter
842 432 922 455 vero
952 420 1042 454 filius
1062 421 1184 453 beatus
1203 418 1266 464 qui
1290 418 1467 452 sudarium
1488 419 1637 452 Domini
1658 418 1801 464 pretulit
1823 418 1990 452 omnibus

610 474 849 520 patrimoniiS,
877 487 918 508 ex
946 486 1016 520 qua
1043 473 1098 507 die
1125 472 1212 506 illud
1236 472 1278 506 de
1305 472 1495 506 venditoris
1521 472 1682 517 germani
1710 484 1818 506 manu
1837 471 1988 517 accepit,

610 528 754 561 terrenis
787 528 927 573 opibus,
957 528 1036 561 Deo
1066 526 1234 568 donante,
1253 525 1298 559 est
1327 526 1470 568 ditatus,
1501 538 1565 560 nec
1593 534 1710 560 tamen
1738 525 1921 560 fraudatus
1945 525 1990 559 est

611 581 802 616 celestibus.
832 583 885 615 Ita
915 582 982 615 hoc
1002 579 1238 613 Dominicum
1274 579 1449 613 sudarium
1489 580 1698 613 hereditario
1725 579 1800 613 iure
1830 579 1992 613 fidelibus

611 636 720 681 usque
743 636 786 669 ad
815 636 977 681 quintam
1004 634 1305 668 commendabant
1321 633 1607 678 ¹generationem.
1633 633 1698 667 Sed
1727 633 1801 679 post
1831 633 1991 678 quintam

610 689 890 734 generationem,
910 688 1029 722 multis
1047 687 1260 733 processibus
1280 687 1467 729 transaffis,
1486 687 1639 721 eiusdem
1666 686 1890 731 cognationis
1908 686 1993 720 defi-

610 743 784 777 cientibus
815 743 1013 784 heredibus,
1041 742 1175 775 sacrum
1208 740 1357 774 linteum
1387 741 1421 774 in
1458 753 1584 775 manus
1618 740 1815 774 infidelium
1854 740 1994 774 devenit

609 797 814 831 Iudeorum.
830 798 877 829 Et
892 795 1053 841 quamvis
1066 794 1203 839 indigni
1221 794 1283 828 tali
1304 807 1461 837 munere,
1479 794 1632 840 amplexi
1648 794 1726 827 sunt
1740 801 1859 827 tamen
1880 794 1993 827 hono·

610 851 675 884 fiee
694 852 738 892 &‚
757 850 912 884 donante
931 850 1023 891 Deo,
1042 849 1142 883 valde
1160 848 1282 883 divites
1303 848 1384 882 facti
1409 849 1496 882 sunt.
1518 848 1619 882 Iudei
1648 859 1730 881 vero
1749 847 1811 893 qui
1836 846 1994 881 credide-

610 912 687 938 rant
704 904 740 937 in
758 903 929 945 Domino,
955 904 1024 936 hoc
1049 910 1142 936 certa
1167 902 1302 936 ratione
1322 903 1589 947 cognoscenteS‚
1615 910 1783 947 ceperunt
1807 913 1891 935 cum
1916 900 1994 934 infi-

609 958 747 992 delibus
765 957 881 990 Iudeis
899 957 941 990 de
960 956 1096 990 sudario
1115 956 1264 990 Domini
1285 956 1498 990 contendere
1519 955 1667 997 fortiter,
1692 954 1844 1000 totisque
1865 953 1995 988 viribus

609 1012 698 1046 illud
720 1019 925 1056 appetentes
951 1010 986 1043 in
1013 1021 1139 1043 manus
1158 1009 1329 1054 accipere.
1352 1012 1431 1049 Que
1452 1008 1643 1043 contencio
1665 1008 1997 1042 Hierosolimitanos

609 1063 645 1097 in
665 1064 751 1097 duas
770 1063 879 1098 divisit
896 1071 1023 1109 partes,
1044 1063 1162 1096 fideles
1181 1064 1212 1096 &
1239 1062 1451 1096 incredulos.
1480 1062 1549 1096 Pro
1571 1074 1642 1107 qua
1659 1073 1706 1103 re,
1724 1062 1997 1094 Sarracenorum

611 1129 729 1162 regem
750 1118 811 1163 qui
840 1119 1033 1152 vocabatur
1057 1116 1216 1151 Nauuias
1241 1116 1360 1150 fideles
1379 1117 1410 1149 δι
1429 1115 1603 1150 increduli
1621 1115 1901 1161 interpellabant.
1923 1115 1995 1155 Qui

611 1183 813 1205 convocans
832 1172 972 1214 Iudeos,
990 1171 1077 1204 dixit
1096 1171 1138 1204 ad
1158 1170 1257 1204 illos:
1277 1172 1422 1203 Sacrum
1443 1170 1541 1215 quod
1563 1169 1697 1203 habetis
1719 1168 1897 1202 sudarium
1916 1169 1997 1203 date

611 1224 647 1257 In
668 1237 774 1258 manu
794 1237 883 1258 mea.
904 1225 975 1264 Qui
990 1225 1080 1269 regis
1096 1225 1201 1258 verbo
1217 1225 1514 1270 obtemperanteS,
1533 1223 1643 1257 statim
1664 1222 1882 1264 detulerunt5
1901 1222 1998 1268 quod

611 1290 669 1311 rex
688 1290 770 1312 cum
785 1290 916 1323 magna
930 1278 1122 1312 reverentia
1136 1277 1338 1323 suscipiens,
1360 1289 1479 1311 coram
1500 1277 1600 1310 omni
1620 1276 1756 1322 populo
1774 1288 1903 1321 rogum
1924 1275 1997 1309 fieri

611 1330 713 1364 iuslit.
743 1333 853 1366 Tunc
883 1333 1025 1377 surgens
1056 1332 1212 1377 prefatus
1245 1344 1303 1365 rex
1335 1332 1367 1364 Sc
1399 1331 1570 1364 accedens
1599 1331 1642 1364 ad
1662 1330 1775 1375 ipsum
1794 1341 1938 1374 rogum,
1955 1329 1998 1362 ad

612 1385 774 1430 utrasque
793 1394 907 1431 partes
932 1386 1019 1420 dixit
1037 1386 1234 1419 discordes:
1257 1384 1432 1420 Christum
1455 1397 1560 1430 quem
1581 1383 1710 1426 dicitis,
1736 1383 1797 1429 qui
1817 1382 1932 1428 paffus
1952 1382 1998 1416 est

611 1451 674 1483 pro
695 1439 855 1473 humano
879 1452 1019 1484 genere,
1036 1440 1104 1473 hoc
1124 1439 1300 1472 sudarIum
1320 1438 1416 1483 quod
1435 1438 1536 1483 super
1559 1445 1666 1483 caput
1684 1438 1716 1471 δε
1747 1449 1875 1482 corpus
1893 1436 1994 1469 suum

612 1492 736 1526 habuit
754 1493 843 1526 inter
860 1506 921 1527 vos
939 1493 1193 1527 contendentes
1211 1504 1270 1537 per
1292 1492 1473 1525 flammam
1494 1491 1627 1525 iudicet
1650 1490 1754 1536 igniS,
1784 1498 1822 1524 ut
1845 1489 1997 1524 sciamus

611 1546 670 1580 cui
700 1547 741 1580 de
768 1538 868 1580 vobis
894 1547 963 1580 tale
987 1548 1119 1580 donum
1154 1546 1356 1580 condonare
1392 1545 1572 1589 dignatur.
1601 1547 1680 1578 Hec
1707 1544 1842 1587 dicens,
1859 1544 1996 1578 sacrum

612 1600 764 1633 Domini
791 1600 967 1634 sudarium
999 1599 1146 1646 proiecit
1175 1599 1211 1632 in
1237 1599 1418 1642 flammas;
1446 1599 1544 1644 quod
1565 1598 1664 1632 nullo
1685 1599 1793 1632 modo
1812 1597 1904 1642 ignis
1923 1607 1999 1634 tan-

614 1665 697 1697 gere
716 1654 845 1699 potuit,
873 1655 928 1687 sed
947 1654 1117 1687 intactum
1137 1653 1178 1686 de
1197 1664 1286 1697 rogo
1308 1652 1450 1697 surgens
1475 1652 1510 1685 in
1532 1652 1678 1686 sublime
1706 1652 1882 1686 sublatum
1905 1652 1950 1686 est
1967 1655 2000 1688 &

616 1707 712 1751 quali
732 1707 818 1740 inter
845 1708 934 1741 duos
965 1708 1006 1741 de
1028 1707 1174 1741 summis
1201 1705 1428 1751 prospicienS‚
1448 1707 1526 1739 Deo
1547 1706 1780 1750 gubernante,
1801 1706 1845 1739 ad
1864 1714 1997 1752 partem

618 1760 898 1794 Christianorum
918 1761 1099 1794 declinans
1117 1759 1283 1805 pervenit.
1305 1759 1376 1798 Qui
1397 1760 1477 1793 Deo
1496 1759 1637 1804 gratias,
1657 1759 1799 1793 elevatis
1818 1760 1862 1793 ad
1882 1760 1999 1794 celum

614 1814 792 1858 manibus,
821 1823 965 1859 agentes
995 1815 1027 1848 δε
1065 1813 1246 1847 humiliter
1276 1812 1499 1855 inclinantes,
1531 1812 1708 1846 sudarium
1731 1813 1881 1847 Domini
1916 1825 1999 1847 curn

616 1880 748 1912 magna
774 1868 1047 1902 honorificentia
1077 1867 1280 1913 suscipiunt,
1308 1867 1541 1912 canentesque
1566 1867 1687 1900 laudes
1706 1868 1786 1901 Deo
1817 1867 2003 1901 Iherosoli-

615 1934 708 1954 mam
738 1921 902 1955 deferunt
928 1923 959 1956 Sc
987 1922 1022 1955 in
1052 1921 1178 1955 scrinio
1207 1920 1347 1954 ecclesie
1378 1920 1587 1954 recondunt.
1619 1921 1727 1960 Quod
1757 1920 1869 1954 noster
1893 1920 2000 1955 frater

613 1975 790 2009 Arculfus
817 1975 904 2009 vidit
932 1976 965 2009 δε
995 1975 1172 2009 osculatus
1197 1975 1252 2017 est,
1280 1975 1478 2008 mensuram
1498 1974 1632 2008 habens
1650 1974 1886 2019 longitudinis
1904 1975 1998 2020 quali

614 2029 693 2062 octo
711 2029 847 2074 pedes.a
865 2031 943 2063 Hec
961 2030 1003 2063 de
1023 2028 1261 2063 Iherosolimis
1280 2027 1438 2074 scripfiffe
1451 2027 1606 2062 sufficiat.
1628 2028 1733 2062 Nunc
1751 2029 1793 2062 de
1814 2027 1999 2062 Bethleem

661 2167 693 2187 a.
714 2155 790 2196 Hec,
808 2154 841 2187 in
853 2154 1005 2198 margine
1014 2153 1142 2195 codicis,
1159 2165 1257 2186 manu

614 2209 759 2252 quadam
769 2207 835 2251 fhc.
856 2220 898 2240 xv
918 2215 1067 2241 exarata
1086 2207 1260 2251 leguntur:

618 2275 631 2292 «
655 2261 774 2294 Postea
807 2273 885 2294 vero
915 2262 958 2294 ab
986 2260 1142 2306 episcopo
1173 2260 1260 2293 Ani-

615 2314 722 2355 cienfi,
742 2313 797 2358 qui
821 2314 852 2346 in
872 2314 1022 2358 partibus
1038 2313 1261 2347 ultramarinis

616 2365 908 2408 transfretaverat,
942 2367 987 2401 est
1015 2367 1192 2410 habitum3
1229 2369 1260 2402 δι

615 2420 692 2454 illuc
706 2421 772 2465 ipse
785 2420 928 2454 moriens
940 2421 1074 2454 cuidam
1088 2421 1144 2453 suo
1160 2421 1263 2453 sacer-

615 2474 687 2507 doti
706 2474 853 2508 tradidit.
878 2474 996 2508 Dictus
1015 2474 1166 2508 sacerdos
1187 2485 1263 2507 cum

617 2527 697 2561 effet
727 2529 823 2572 supra
861 2540 952 2561 mare
984 2527 1129 2569 veniens,
1164 2527 1265 2560 etiam

618 2589 767 2615 mortuus
791 2582 852 2623 est,
876 2581 1061 2626 relinquens
1084 2581 1266 2626 preciosum

619 2648 740 2669 munus
754 2635 887 2669 cuidam
900 2635 1020 2669 clerico
1034 2635 1183 2669 servienti
1199 2635 1266 2668 suc.

665 2753 672 2769 ¹
690 2751 745 2783 Ed.
763 2751 907 2793 proxima.

1346 2153 1412 2186 Hic
1436 2164 1512 2186 cum
1537 2152 1615 2186 effet
1636 2153 1669 2186 in
1696 2152 1817 2186 finibus
1836 2153 2000 2198 Petrago-

1344 2206 1499 2248 tensium,
1530 2206 1618 2239 unde
1642 2214 1711 2239 erat
1745 2213 1853 2247 natm,
1893 2206 2002 2251 posuit

1346 2259 1566 2293 Dominicum
1591 2259 1756 2292 sudarium
1788 2259 1820 2292 in
1854 2260 2001 2305 quadam

1346 2313 1481 2347 ecclelia
1501 2312 1556 2346 fibi
1575 2313 1824 2355 commendata,
1844 2326 1909 2358 que
1928 2321 1999 2347 erat

1348 2379 1450 2412 prope
1459 2367 1649 2400 Caduinum
1658 2367 1725 2400 fita.
1740 2368 1798 2400 Ac
1811 2379 1876 2400 non
1893 2367 2000 2401 multo

1349 2421 1419 2465 post
1431 2421 1576 2465 quadam
1587 2420 1639 2453 die
1656 2419 1831 2454 recefferat
1839 2422 1883 2454 ab
1897 2420 2003 2454 eccle-

1350 2474 1409 2515 fia,
1427 2475 1457 2507 &
1476 2474 1560 2518 ignis
1580 2474 1735 2507 accensus
1754 2474 1798 2507 est
1816 2473 1848 2506 in
1867 2474 1998 2508 villula¹

1350 2527 1509 2571 simulque
1532 2527 1564 2560 in
1590 2527 1754 2571 sepediffla
1778 2526 1934 2569 ecclelia,
1965 2529 1996 2561 δι

1353 2580 1527 2614 combuffit
1555 2580 1714 2625 quicquid
1744 2580 1867 2614 invenit
1886 2598 1895 2624 3
1926 2581 2003 2614 scri—

1353 2634 1444 2667 nium
1456 2646 1535 2667 vero
1549 2634 1640 2680 quod
1656 2642 1725 2668 erat
1739 2646 1844 2681 prope
1853 2633 1956 2669 altare
1969 2634 2002 2669 in
