2216 3435
560 199 622 258 84
1180 215 1348 248 GESTA

462 380 537 409 1219
621 355 735 400 XIV.
754 356 901 402 Altera
915 374 1060 404 autem
1070 358 1139 404 die
1154 359 1325 405 summo
1338 360 1528 408 diluculo
1540 363 1772 410 Christiani
1785 383 1939 414 omnes

554 427 599 470 in
612 426 760 471 cochis
779 429 824 472 ὃς
839 429 972 492 galeis
991 432 1035 475 ὃς
1054 429 1222 476 barchis
1241 433 1286 476 ὅ(
1304 432 1396 478 aliis
1414 433 1544 498 lignis
1561 436 1860 495 ascenderunt,
1881 439 1940 484 1111

554 513 715 554 autem,
749 500 824 560 qui
851 500 893 545 in
919 517 1027 546 coca
1053 501 1173 547 ducis
1194 503 1450 551 Hosteriche
1474 505 1667 567 aderant,
1692 509 1837 571 primo
1862 528 1940 573 per

553 567 718 614 flumen
743 572 950 635 navigare
981 589 1191 635 ceperunt
1210 583 1221 603 ¹
1241 576 1286 620 ὃ(
1313 575 1369 620 ad
1396 576 1662 639 palificatam
1681 581 1939 627 Sarraceno-

554 657 665 698 rum‚
687 657 818 702 quam
836 643 878 686 in
893 641 1069 689 flumine
1090 644 1296 705 fecerant,
1317 648 1577 705 venientes‚2
1607 651 1746 712 ipsam
1760 653 1940 714 pervim
1958 673 2001 702 M.
2020 672 2040 702 f.
2057 673 2093 712 ⁶3
2112 675 2151 703 A.

553 725 762 772 ceperunt:
789 716 834 758 ὃς
860 714 1093 762 diruerunt.
1135 717 1242 779 Qo
1267 718 1373 776 vis0,
1398 719 1662 766 Christiani³
1686 722 1818 785 gavisi
1845 724 1941 770 sunt

551 781 717 844 gaudio
732 801 899 848 magno
909 786 1050 846 valde,
1067 789 1333 834 &continuo
1348 806 1502 836 omnes
1516 791 1598 838 alie
1610 793 1749 839 coche
1761 796 1806 840 &
1816 795 1940 858 galee

552 856 597 899 ἅ
616 854 698 899 3113
715 855 835 918 ligna
856 875 932 920 per
950 856 1174 904 flumenin
1194 860 1389 907 succursu
1406 880 1560 908 eorum
1586 865 1792 928 navigare
1810 883 1941 929 cepe-

553 944 662 972 runt.
688 928 771 974 Sed
792 932 988 992 protinus
1017 948 1135 977 tanta
1154 933 1382 995 tempestas
1405 935 1448 978 in
1467 938 1567 980 a'e're
1586 952 1680 981 orta
1700 937 1793 996 fuit,
1819 938 1941 1000 quod

552 1001 877 1063 vix4p0teranr
905 1020 1003 1048 eam
1037 1002 1278 1050 substinere.
1317 1006 1445 1067 Aqua
1475 1023 1578 1053 vero
1608 1008 1654 1052 ὃς
1687 1008 1861 1072 grando
1897 1013 1942 1056 ὅ(

552 1088 706 1117 ventus
730 1072 899 1119 validus
921 1092 1021 1119 cum
1050 1075 1212 1138 frigore
1237 1077 1409 1136 mixtus,
1442 1078 1502 1122 ita
1529 1078 1653 1140 quod
1673 1097 1782 1125 unus
1807 1082 1941 1128 alium

552 1143 698 1190 videre
719 1162 811 1190 non
831 1155 844 1185 5
863 1163 1050 1209 poterat,
1076 1149 1121 1192 ὃς
1140 1164 1321 1210 propter
1341 1149 1459 1195 illam
1487 1151 1789 1213 tempestatem
1814 1170 1942 1216 gran-

553 1215 664 1262 dinis
689 1218 813 1263 inviti
847 1217 903 1263 ad
932 1219 1065 1264 castra
1101 1218 1251 1266 reverfi
1287 1220 1395 1268 sunt.
1437 1222 1495 1267 [Ili
1531 1239 1692 1281 autem,
1732 1225 1806 1286 qui
1833 1224 1942 1270 ultra

552 1287 717 1334 flumen
734 1290 1041 1347 remanserant,
1064 1289 1196 1336 tribus
1215 1290 1366 1337 diebus
1383 1295 1428 1339 ὃς
1447 1293 1646 1340 nocstibus
1664 1296 1680 1324 ⁶
1699 1294 1942 1358 predifiam

555 1361 856 1424 tempestatem
896 1361 1221 1409 substinuerunt.
1263 1365 1307 1410 Et
1345 1381 1448 1411 tunc
1490 1367 1722 1413 Christiani
1761 1383 1942 1430 propter

554 1435 764 1495 temporis
786 1436 1046 1497 gravitatem
1075 1434 1190 1497 quasl
1215 1435 1271 1481 ad
1297 1436 1647 1500 desperationem
1673 1438 1942 1486 devenerunt

555 1505 765 1550 diCentes:
811 1508 972 1551 Oblitus
1007 1511 1057 1566 est
1081 1512 1203 1567 nostri
1221 1517 1237 1544 7
1261 1513 1376 1554 ‘Deus
1400 1511 1440 1554 δ’
1453 1514 1608 1570 faciem
1621 1514 1743 1572 suam
1779 1515 1938 1567 avertit,
1961 1531 1995 1561 p,
2012 1531 2032 1561 f.
2050 1541 2108 1562 110
2124 1534 2158 1563 C.

555 1596 596 1622 ut
622 1596 693 1622 nos
722 1596 797 1622 non
824 1581 975 1623 videret
999 1583 1038 1623 in
1051 1582 1179 1637 finem
1194 1583 1210 1624 ,ν’
1236 1580 1405 1639 (Psalm.
1428 1594 1497 1641 IX,
1527 1588 1625 1645 31.)
1660 1582 1706 1628 Et
1728 1582 1941 1629 adorave-

554 1665 653 1694 runt
694 1650 840 1694 Deum
892 1649 1109 1696 dicentes:
1161 1655 1354 1711 Domine,
1400 1654 1525 1714 salva
1561 1672 1648 1711 nos,
1692 1659 1890 1715 perimus,
1924 1655 1940 1683 3

556 1722 745 1780 (Matth.‚
778 1734 883 1780 VIII,
914 1728 996 1785 25)
1022 1726 1069 1767 ab
1095 1728 1166 1783 ista
1183 1727 1374 1786 perversa
1399 1725 1438 1769 ὃ*
1463 1728 1672 1786 nephanda
1695 1734 1712 1763 9
1735 1744 1868 1787 gente,
1895 1745 1942 1771 ne

555 1799 712 1857 quando
753 1798 915 1839 dicam.-
959 1795 1049 1841 UBI
1092 1808 1183 1840 EST
1219 1796 1352 1842 DEUS
1394 1809 1577 1842 EORUM
1607 1797 1939 1844 CRUCIFIXUS?

555 1871 723 1914 csildiuva
743 1885 830 1922 νιος,
853 1870 968 1912 ‘Deus
986 1871 1126 1926 noster,
1152 1868 1192 1911 ὃ
1210 1870 1444 1929 misererem
1457 1871 1586 1926 nobis,
1612 1886 1654 1913 ut
1672 1888 1747 1914 non
1762 1879 1793 1898 ¹¹
1800 1876 1941 1933 fimus,

553 1958 622 1984 nec
645 1941 694 1983 de
712 1942 824 1984 nobis
845 1942 931 1984 dici
945 1941 1084 1999 poffit:
1108 1939 1266 1984 FACTI
1286 1952 1444 1985 SUMUS
1465 1952 1800 1987 OPPROBRIUM
1820 1954 1941 1988 VICI-

554 2023 630 2056 NIS
655 2023 876 2069 NOSTRIS³
914 2023 1272 2056 SUBSANNATIO
1301 2024 1370 2056 ET
1395 2024 1585 2057 ILLUSIO
1616 2025 1690 2069 IIS,
1712 2021 1748 2041 ¹2
1768 2027 1855 2064 QUI
1887 2025 1940 2058 IN

555 2095 801 2129 CIRCUITU
839 2095 1039 2128 NOSTRO
1076 2087 1227 2130 SUNT!
1275 2083 1443 2145 (Psalm.
1482 2097 1621 2144 XLIII,
1660 2084 1748 2148 13.)
1788 2086 1942 2131 Statim

555 2172 675 2201 tanta
696 2156 810 2201 mala
830 2157 1096 2201 Dominum
1114 2155 1251 2201 Ihesus
1273 2156 1465 2201 Christus
1483 2157 1626 2202 noster
1651 2158 1778 2220 super
1800 2158 1940 2203 Sarra-

555 2230 672 2274 cenis
696 2229 904 2291 potinem
918 2227 1040 2290 quod
1064 2227 1284 2284 soldanus,
1313 2245 1364 2273 ex
1392 2228 1463 2274 illa
1492 2229 1652 2274 tristitia
1672 2228 1941 2293 indignatus,

556 2319 692 2346 unum
719 2299 774 2345 de
797 2300 1017 2363 amiragiis
1042 2299 1144 2344 fecit
1166 2299 1417 2346 interficere.

622 2373 716 2418 XV.
745 2371 888 2418 Nocffe
917 2388 1063 2417 autem
1085 2372 1301 2429 veniente,
1335 2373 1538 2435 apparuit:
1562 2372 1607 2418 in
1641 2373 1784 2418 castris
1808 2374 1940 2437 Paga-

608 2552 616 2570 1
653 2540 703 2572 M.
729 2538 876 2582 cepisset.
902 2559 944 2562 —
968 2552 982 2570 2
1006 2540 1057 2571 Μ.
1080 2541 1160 2572 add.
1186 2540 1216 2571 Sc
1242 2559 1283 2563 —-
1309 2551 1323 2580 3
1358 2540 1391 2571 P.
1419 2551 1438 2571 a
1468 2539 1667 2572 Christianis.
1689 2560 1733 2563 —
1753 2552 1774 2579 4
1802 2540 1852 2572 M.
1883 2539 1941 2572 vis.

561 2613 600 2616 —
626 2605 639 2633 5
672 2594 706 2624 P.
731 2605 787 2625 om.
809 2613 854 2616 Α
876 2598 893 2624 6
916 2594 950 2625 Ρ,
973 2595 1055 2625 add.
1080 2613 1121 2617 —
1144 2605 1160 2632 7
1189 2594 1222 2625 P.
1247 2593 1357 2625 nobis.
1380 2614 1425 2616 ἡ
1445 2597 1461 2625 8
1484 2594 1518 2626 Ρ.
1541 2605 1600 2626 om.
1624 2613 1667 2617 —
1690 2606 1707 2635 9
1729 2594 1762 2626 P.
1786 2593 1939 2626 nefanda.

558 2667 602 2669 j*
633 2659 671 2678 10
692 2647 723 2678 P.
750 2646 827 2689 legit
844 2653 904 2689 pro
931 2645 1049 2679 verbis
1073 2648 1116 2679 ab
1142 2647 1292 2679 miserere
1318 2646 1415 2690 usque
1439 2648 1488 2678 ad
1504 2646 1612 2680 Faffi2
1638 2646 1801 2680 misereris
1825 2656 1860 2679 ut
1880 2659 1939 2680 nos

559 2701 668 2732 sumus
695 2711 754 2732 nec
782 2700 823 2732 de
846 2700 940 2733 nobis
967 2700 1033 2733 dici
1069 2700 1175 2745 poffit.
1203 2720 1249 2724 —
1280 2713 1314 2732 11
1345 2701 1394 2733 Μ.
1422 2712 1495 2733 nos.
1521 2719 1562 2724 —-
1590 2713 1628 2733 12
1657 2701 1705 2734 M.
1733 2712 1790 2733 om.
1820 2699 1871 2735 iis.
1896 2720 1938 2726 -—-

563 2752 612 2795 13⁷
626 2754 658 2785 P.
677 2754 782 2786 Deus.
800 2774 845 2777 —
868 2766 908 2794 14
927 2755 961 2787 P.
986 2753 1168 2798 proposuit.
