2216 3435
19 1079 96 1109 .213
114 1081 140 1106 a,
156 1081 181 1099 c.
201 1079 226 1100 1.

18 1571 94 1611 f.57
113 1572 180 1608 b,c.
198 1581 226 1601 2.

545 272 612 304 DE
646 269 1030 304 PREDICACIONE
1065 270 1098 302 S.
1134 269 1326 303 CRUCIS.
1598 271 1619 320 ς

247 420 348 477 lem,
376 418 476 480 quia
506 415 621 462 ludei
645 415 1001 462 adiudicaverunt
1030 414 1249 460 Christum
1281 416 1428 471 morti,
1462 417 1506 460 ὅς
1535 415 1621 460 Ro-

248 491 366 536 mani
397 506 496 534 eum
531 488 854 544 interfecerunt,
888 487 961 548 qui
996 486 1165 531 fuerant
1200 485 1408 531 Gentiles.
1443 489 1620 531 Granum

247 563 393 606 cecidit
422 564 462 604 in
492 576 652 615 terram,
678 556 732 602 fic
763 558 953 603 Christus
983 557 1029 602 in
1059 572 1229 602 uterum
1263 557 1396 601 Marie
1426 557 1616 620 virginis.

248 635 366 694 Nisi
389 647 581 675 mortuum
595 633 732 689 fuerit
758 631 899 689 ipsum,
925 645 1054 672 manet
1065 629 1219 688 solum,
1253 628 1311 672 ita
1335 626 1409 671 nisi
1430 627 1620 673 Christus

248 717 444 746 mortuus
465 697 618 757 fuisset,
632 699 721 761 ipse
745 697 961 743 manfiffet
984 698 1096 743 solus
1115 696 1276 759 absque
1301 697 1490 742 hominis
1516 715 1621 743 con-

247 772 386 818 sorcio
405 772 450 816 in
478 770 631 833 gloria,
655 770 865 832 quoniam
889 771 932 815 in
958 786 1099 814 morte
1123 770 1195 814 sua
1219 768 1403 814 redemit
1426 770 1469 814 in
1495 786 1622 814 cruce

246 859 382 905 genus
398 843 653 899 humanum,
680 845 724 887 ὅ(
737 842 905 903 aperuit
922 842 1069 885 ianuas
1086 840 1281 885 celorum
1297 840 1413 884 iuxta
1426 839 1546 897 illud,
1562 839 1620 886 ‘Tu

246 916 399 958 devidlo
419 918 557 958 mortis
572 915 723 969 aculem,
741 915 824 957 &e
841 914 1040 957 Granum
1057 928 1203 957 autem
1221 920 1232 940 1
1254 910 1471 969 dividitur,
1487 927 1621 972 quan-

247 983 306 1029 do
321 986 496 1030 interior
509 983 700 1029 medulla
715 984 798 1028 exit
811 985 855 1028 &
874 984 1089 1046 germinat
1109 1000 1295 1045 granum
1313 984 1356 1027 ὅς
1373 979 1522 1026 definit
1537 979 1621 1026 effe

246 1073 447 1119 granum,
473 1053 588 1100 unde
608 1053 944 1116 quodammodo
971 1054 1151 1099 moritur
1174 1054 1218 1098 in
1242 1053 1315 1098 illa
1339 1050 1621 1111 deficacione‚

247 1125 301 1172 fic
324 1128 368 1172 ὃς
393 1126 584 1172 Christus
610 1124 882 1171 dividebatur
907 1123 1245 1186 quodammodo
1271 1125 1314 1169 in
1342 1123 1447 1182 duo,
1464 1123 1623 1168 scilicet

248 1214 405 1259 corpus
430 1199 474 1242 &
493 1198 700 1252 animam,
720 1194 897 1257 quando
923 1196 1068 1239 anima
1093 1196 1193 1240 exiit
1216 1213 1240 1240 a
1258 1212 1444 1257 corpore
1461 1195 1620 1256 &ape-

248 1269 328 1314 ruit
346 1269 520 1313 ianuam
545 1267 686 1312 celi&
700 1265 818 1311 desiit
837 1264 920 1311 effe
940 1266 1091 1323 homo,
1115 1265 1230 1311 unde
1249 1266 1439 1311 Christus
1464 1266 1622 1310 morie-

248 1339 373 1385 batur
405 1340 448 1384 in
482 1339 551 1384 illa
585 1336 793 1384 divifione
819 1339 1015 1399 corporis
1040 1340 1084 1382 ὃς
1115 1338 1284 1396 anime3
1312 1338 1624 1383 convenienter

246 1411 375 1473 igitur
398 1409 641 1472 appellatur
665 1409 856 1454 Christus
882 1426 1067 1471 granum
1083 1411 1128 1454 ὅ(
1148 1426 1239 1453 non
1264 1407 1510 1471 simpliciter
1523 1425 1621 1470 gra-

246 1499 366 1539 num,
393 1479 465 1526 secl
492 1481 695 1525 frumenti
719 1497 916 1543 granum.
961 1483 1095 1526 Item:
1123 1481 1194 1525 Per
1219 1479 1439 1525 Christum
1462 1482 1506 1524 ὃς
1532 1479 1621 1524 Ma-

246 1553 354 1597 riam
388 1552 560 1597 intravit
584 1552 684 1609 vita,
711 1549 813 1595 sicut
836 1568 914 1613 per
937 1550 1083 1596 Adam
1107 1553 1152 1596 ὃς
1176 1551 1306 1596 Evam
1330 1567 1461 1596 mors.
1487 1550 1621 1595 Maria

246 1640 391 1669 autern
417 1623 494 1667 fuit
523 1623 566 1666 in
591 1639 729 1677 cruce,
761 1623 861 1683 quia
897 1622 939 1666 in
966 1622 1157 1666 maximo
1199 1623 1405 1680 cruciatu,
1439 1619 1621 1684 quando

243 1693 351 1741 vidit
369 1694 505 1739 filium
536 1694 660 1738 suum
685 1692 874 1755 pendere
909 1694 951 1737 in
978 1710 1120 1748 cruce,
1148 1692 1263 1738 uncle
1286 1693 1447 1750 Yl'aias,
1469 1692 1621 1737 ultimo

244 1765 384 1826 capite
417 1764 510 1821 (les.
556 1777 697 1823 LXVI,
740 1769 812 1826 7),
859 1784 882 1804 α
905 1769 1135 1823 <Antequam
1166 1769 1410 1824 parturiret,
1438 1767 1621 1824 peperit,·

244 1853 451 1895 antequam
477 1841 625 1880 veniret
642 1853 786 1895 partus
811 1840 911 1890 eius,
941 1839 1103 1896 peperit
1121 1836 1387 1896 masculum.»
1412 1835 1523 1897 Quis
1549 1852 1621 1879 au-

244 1904 349 1951 divit
374 1923 567 1967 unquam
593 1906 689 1961 tale,
718 1907 812 1966 quis
837 1904 943 1950 vidit
967 1905 1066 1950 huic
1093 1904 1246 1951 fimile?
1275 1906 1452 1950 parturit
1478 1922 1622 1950 autem

243 1976 408 2033 mulier,
450 1976 626 2038 quando
657 1974 826 2021 laborat
864 1978 908 2021 &
946 1977 1103 2021 nimios
1133 1975 1262 2021 habet
1287 1974 1475 2034 dolores,
1501 1992 1621 2021 ante-

243 2064 375 2108 quam
414 2064 518 2108 puer
556 2046 744 2109 egressus
783 2047 938 2092 fuerit2
968 2045 1022 2092 ab
1058 2063 1194 2092 utero,
1241 2048 1308 2093 Sic
1344 2064 1434 2091 non
1464 2047 1541 2091 fuit
1566 2045 1620 2092 de

242 2116 367 2163 beata
392 2118 525 2163 Maria
550 2119 728 2181 virgine,
755 2135 840 2179 que
864 2119 1033 2180 peperit
1055 2116 1138 2163 fine
1164 2117 1332 2175 dolore,
1359 2117 1429 2162 sed
1455 2118 1616 2180 postea,

242 2188 421 2251 quando
454 2187 727 2252 affligebatur
758 2188 907 2235 videns
946 2188 1082 2234 filium
1119 2189 1241 2233 suum
1272 2189 1463 2246 unicum,
1494 2191 1620 2234 inno-

243 2277 428 2317 centem,
455 2259 537 2304 line
558 2260 682 2305 causa
706 2261 749 2305 in
775 2277 901 2305 cruce
928 2259 1127 2322 pofitum,
1154 2259 1422 2322 del'pecstum,
1450 2279 1471 2306 a
1498 2260 1619 2305 disci-

243 2331 351 2393 pulis
371 2332 451 2375 suis
476 2330 743 2388 dereliclum>
761 2347 863 2375 tunc
889 2332 1122 2393 parturivit.
1148 2332 1215 2376 De
1243 2349 1292 2376 ea
1318 2348 1620 2394 competenter

241 2403 370 2464 igitur
393 2401 497 2447 dixit
520 2402 662 2447 Ysaias
683 2401 838 2459 (LXVI,
857 2407 908 2463 7)
931 2425 938 2447 :
962 2424 983 2441 <r
998 2407 1228 2461 eAnrequam
1242 2408 1482 2463 parturiret,
1496 2422 1619 2464 pepe-

241 2478 308 2529 rit,
335 2490 541 2532 antequam
567 2478 716 2518 veniret
732 2491 875 2534 partus
900 2478 999 2529 eius,
1019 2478 1175 2534 peperit
1201 2476 1429 2534 masculum.
1452 2483 1464 2511 3
1490 2496 1509 2513 υ

311 2546 442 2588 Item:
479 2543 594 2588 Sicut
627 2560 702 2605 per
737 2543 975 2600 mulierem,
1015 2543 1171 2589 scilicet
1202 2543 1344 2599 Evam,
1386 2562 1470 2606 que
1506 2543 1619 2589 fafia

244 2614 321 2659 fuit
339 2613 392 2659 de
412 2615 518 2672 vim,
540 2614 693 2659 scilicet
713 2613 767 2659 de
787 2613 898 2671 Ada,
920 2613 1080 2675 absque
1102 2616 1422 2661 coniunccionc
1444 2616 1618 2674 femine,

295 2733 306 2751 ι
344 2721 473 2753 Autem
502 2722 582 2752 add.
615 2722 650 2761 B,
676 2736 720 2761 oti
751 2740 792 2745 —-
818 2734 836 2753 2
863 2722 889 2753 B
966 2721 1072 2754 culum
1089 2722 1171 2754 add.
1194 2723 1232 2755 A.

244 2773 344 2816 suuS,·
373 2794 415 2799 —
446 2785 460 2815 3
488 2775 668 2820 Antequam
679 2799 782 2807 ......
809 2778 894 2818 mas-
