2216 3435
580 221 594 250 1
606 216 670 267 04
1179 215 1348 249 GESTA

476 387 554 417 1219
575 367 741 423 Christi.
782 372 793 392 ¹
840 362 914 408 Illo
943 373 960 392 2
988 362 1058 409 die
1108 363 1211 409 fecit
1255 362 1459 409 soldanus
1507 364 1650 426 capita
1702 364 1961 409 Sannorum

574 437 792 482 excoriare
819 437 864 481 ὃς
888 435 1020 481 salare
1050 437 1095 480 ὃς
1120 432 1229 479 misit
1253 452 1328 480 eos
1353 452 1430 497 per
1453 436 1701 498 provincias
1726 432 1963 493 Babylonie

574 507 790 554 dicendo:
821 510 869 552 Si
897 511 988 567 quis
1024 508 1109 552 vult
1136 509 1184 551 de
1196 509 1373 568 sclavis,
1410 511 1544 552 veniat
1567 508 1606 552 ὃ
1632 509 1768 562 tollat,
1795 523 1963 566 quantos

572 582 672 637 vult,
705 584 799 641 quia
815 584 1028 641 principes
1051 582 1321 640 ‘Romanorum
1350 584 1498 625 mortui
1509 582 1618 641 sunt,
1655 580 1696 625 Er·
1714 584 1782 640 qui
1808 596 1963 625 reman-

562 655 718 714 serunt,
737 655 889 713 fugere
913 652 1060 696 volunt.

638 724 757 769 XLII.
798 724 923 768 Tunc
953 721 1158 767 soldanus
1189 721 1426 786 pepigebat
1455 740 1556 768 cum
1592 722 1778 769 domino
1814 723 1962 785 legato

574 798 619 842 ὃ(
661 793 928 858 principibus
978 793 1340 853 Christianorum,
1393 793 1465 840 sed
1512 795 1804 857 unusquisque
1845 792 1963 839 aliud

574 866 764 914 habebat
787 868 831 912 in
852 864 1001 924 corde,
1028 882 1161 927 quam
1187 864 1391 912 dicebant
1418 866 1462 910 in
1486 882 1578 925 ore,
1604 866 1707 927 quia
1731 865 1964 911 Christiani

575 941 618 985 in
643 940 848 1003 proximo
874 938 1051 1000 navigio
1076 935 1366 1000 expefiabant
1392 937 1639 983 succursum
1656 946 1671 975 3
1689 939 1734 982 ὃς
1759 936 1964 982 soldanus
1983 948 2062 978 Mur.
2079 959 2106 988 p.
2125 955 2211 986 1099.

576 1010 870 1068 recessionem,
912 1009 1013 1070 quia
1038 1008 1258 1068 credebat,
1296 1009 1566 1056 Christianos
1590 1025 1773 1072 propter
1797 1024 1964 1055 metum

576 1082 789 1130 recedere.

340 1166 491 1206 Septemb·
512 1174 557 1203 14-
643 1155 774 1201 XL111.
802 1157 845 1199 In
869 1153 1134 1199 Exaltatione
1158 1154 1303 1199 sancte
1328 1152 1482 1199 Crucis
1502 1153 1721 1216 principes
1739 1153 1965 1198 Romano-

577 1225 1052 1288 rum4&5episcopus
1086 1225 1328 1288 Ungarie,6
1357 1241 1507 1270 comes
1548 1226 1777 1282 Guaterus,
1815 1240 1965 1269 comes

577 1299 815 1361 Oremgius
833 1299 878 1342 ὃς
897 1295 1008 1343 bene
1032 1314 1087 1343 xx
1106 1297 1224 1342 mille
1248 1297 1463 1360 peregrini
1489 1294 1751 1342 recesserunt
1771 1294 1825 1341 de
1849 1312 1966 1341 exer-

577 1372 663 1417 citu
689 1372 733 1416 &
758 1385 988 1416 evacuatus
1008 1367 1227 1428 remansit,
1254 1367 1371 1413 unde
1392 1367 1623 1414 Christiani
1648 1384 1802 1413 omnes
1822 1368 1918 1412 sunt
1949 1375 1966 1403 7

577 1442 801 1508 perterriti,
835 1440 995 1503 Pagani
1018 1442 1064 1486 ὃς
1088 1441 1311 1486 Sarraceni
1336 1439 1506 1503 ingenti
1530 1439 1666 1485 letitia
1700 1439 1797 1484 sunt
1820 1436 1964 1502 gavisi.

578 1519 742 1561 Interea
762 1512 919 1559 virtute
945 1513 1130 1557 Domini
1156 1512 1287 1557 nostri
1315 1511 1431 1557 lhesu
1456 1510 1615 1557 Christi
1639 1511 1879 1557 Savarixius
1912 1509 1967 1555 de

576 1586 709 1646 Malli,
737 1585 752 1614 3
779 1586 843 1632 vir
877 1586 1092 1648 egregius,
1128 1601 1226 1630 cum
1253 1600 1384 1647 gente
1409 1583 1483 1628 sua
1506 1584 1551 1628 ὃ(
1577 1600 1604 1628 x
1626 1583 1751 1645 galee
1789 1585 1967 1628 Ianuen-

578 1656 685 1703 sium
708 1659 753 1703 &
772 1657 897 1702 multi
915 1657 984 1714 alij
1004 1657 1223 1719 peregrini
1240 1656 1284 1701 in
1312 1653 1591 1718 expeditione
1618 1670 1842 1700 venerunt.
1864 1654 1968 1699 Hoc

579 1731 637 1776 ita
657 1730 790 1788 facio,
816 1727 1036 1787 soldanus,
1062 1744 1108 1773 ut
1132 1726 1350 1773 videretur
1374 1725 1643 1772 Christianos
1669 1723 1899 1788 superasse,
1923 1727 1968 1771 &

580 1818 626 1846 ut
645 1802 802 1864 Pagani
819 1799 1021 1846 libentius
1039 1798 1096 1846 ad
1116 1798 1444 1862 expeditionem
1462 1796 1678 1861 proficisci
1697 1795 1920 1856 deberent,
1951 1805 1969 1835 9

580 1874 766 1919 nuncios
791 1873 889 1918 suos
913 1890 992 1936 per
1027 1889 1182 1917 omnes
1207 1871 1456 1934 provincias
1482 1869 1667 1932 Paganie
1702 1866 1813 1914 misit
1846 1867 1970 1913 huius

581 1944 704 1990 modi
728 1943 861 1991 verba
885 1944 1154 2007 proferentes
1175 1966 1183 1989 :
1213 1945 1409 2004 Qzsquis
1432 1944 1480 1986 de
1498 1944 1532 1986 C
1535 1945 1742 2001 lzristianis
1755 1941 1971 2002 sclavos¹0

580 2021 786 2076 acquirere
819 2017 1005 2074 voluerit,
1040 2018 1093 2060 ad
1126 2017 1413 2077 expeditionem
1445 2015 1629 2058 accedere
1653 2013 1807 2068 debeat,
1833 2014 1971 2073 scien-

580 2104 654 2143 tes,
690 2091 784 2147 quia
812 2104 946 2132 omnes
973 2089 1194 2146 Christiani
1219 2090 1366 2131 mortui
1378 2086 1479 2146 sunt
1504 2084 1543 2129 ὅ*
1568 2101 1701 2129 eorum
1714 2086 1967 2144 principesss

635 2229 646 2249 1
670 2218 703 2250 P.
723 2218 822 2251 add„-
850 2218 886 2249 In
907 2217 960 2250 die
986 2217 1038 2250 illa
1059 2216 1154 2249 multi
1181 2215 1442 2250 Christianorum
1468 2215 1608 2247 barones
1633 2213 1722 2258 capti
1742 2213 1825 2256 sunt,
1853 2212 1972 2246 scilicet

583 2269 784 2303 camerarius
805 2270 890 2314 regis
907 2269 1058 2311 Francie‚
1076 2268 1247 2313 episcopus
1264 2268 1404 2311 Belvasij
1418 2269 1449 2301 Sc
1463 2267 1564 2300 frater
1582 2266 1649 2299 eius
1664 2266 1842 2307 Iohannes,
1860 2276 1973 2299 comes

582 2325 623 2358 de
651 2324 849 2366 Belmo[n]t‚
867 2324 1022 2356 dominus
1046 2323 1204 2356 Andreas
1225 2323 1267 2355 de
1286 2321 1412 2362 Baffes,
1436 2321 1619 2354 Anselrnus
1637 2321 1680 2353 de
1702 2320 1834 2363 Bochst,
1854 2330 1974 2364 prepo-

584 2378 660 2411 sltuS
688 2379 823 2419 Comer,
856 2377 939 2410 filius
964 2376 1135 2420 camerarij
1162 2376 1248 2420 regis
1278 2375 1418 2408 Francie
1438 2376 1470 2408 Sc
1495 2386 1570 2408 cum
1601 2373 1670 2406 aliis
1695 2373 1869 2418 octoginta
1898 2372 1973 2405 viris

585 2431 751 2465 nobilibus
769 2432 800 2464 δι
817 2430 1049 2475 prudentibuS‚
1061 2431 1091 2463 δε
1109 2430 1150 2462 de
1166 2429 1352 2462 Sarracenis
1368 2430 1399 2462 δι
1416 2428 1562 2473 Paganis
1577 2427 1835 2461 innumerabiles
1850 2425 1974 2459 mortui

585 2486 669 2519 sunt.
689 2484 776 2518 Vifii
798 2486 884 2517 enim
904 2484 1037 2517 fuerunt
1061 2483 1235 2530 Christiani
1256 2494 1296 2516 eo
1314 2482 1379 2524 die,
1408 2482 1488 2516 sicut
1512 2481 1635 2526 placuit
1656 2481 1819 2515 Domino.
1850 2480 1897 2513 Sit
1914 2491 1975 2513 no-

583 2550 660 2571 men
679 2538 746 2571 eius
767 2537 981 2571 benedictum
997 2537 1028 2570 in
1048 2536 1170 2570 secula!
1184 2556 1225 2560 —
1252 2549 1270 2568 2
1287 2538 1322 2569 P.
1341 2546 1399 2570 om.
1418 2542 1542 2569 textum
1559 2535 1696 2579 nostrum
1722 2535 1765 2567 ab
1790 2533 1852 2567 Illo
1879 2533 1977 2578 usque

586 2594 623 2624 In
643 2591 871 2625 Exaltatione.
889 2611 934 2616 —-
962 2603 977 2633 3
1002 2592 1051 2624 M.
1074 2591 1260 2623 occursum.
1279 2610 1325 2614 —-
1354 2603 1376 2631 4
1402 2590 1437 2622 P.
1466 2590 1700 2622 Romanorum
1725 2587 1901 2632 principes.
1930 2606 1973 2611 —

586 2657 601 2687 5
623 2646 656 2678 Ρ.
700 2656 755 2679 om.
786 2665 832 2669 —
860 2649 878 2678 6
912 2646 946 2677 P.
980 2643 1123 2689 patriam
1148 2644 1336 2686 redierunt3
1353 2642 1527 2687 sequentia
1553 2642 1651 2687 usque
1687 2641 1775 2674 unde
1802 2639 1977 2674 Christiani

584 2698 708 2742 desunt.
735 2718 781 2722 —
812 2710 829 2738 7
850 2699 885 2731 P.
906 2697 1015 2731 valde.
1041 2717 1083 2722 —
1115 2701 1132 2730 8
1154 2699 1187 2730 P.
1210 2696 1332 2730 Mallo.
1367 2716 1414 2720 ——
1432 2709 1450 2739 9
1480 2697 1516 2729 P.
1537 2695 1702 2737 debeant3
1729 2696 1778 2728 M.
1797 2694 1976 2727 debebant.

587 2771 628 2776 —
654 2763 694 2786 10
712 2753 743 2786 P.
758 2752 817 2797 leg.
831 2768 840 2785 .·
858 2751 963 2785 scalis.
975 2771 1018 2776 —
1036 2764 1047 2784 1
1061 2763 1072 2784 1
1093 2752 1144 2785 M.
1158 2750 1237 2795 leg.:
1251 2749 1453 2783 mortuisunt
1469 2750 1500 2783 δι
1512 2761 1629 2783 omnes
1640 2760 1755 2782 eorum
1768 2745 1977 2782 recefferunt.
