2216 3435
538 284 894 318 ITINERARIUM
918 286 949 317 S.
988 284 1312 316 WILLIBALDI.
1525 288 1615 335 297

251 429 596 490 wunebaldum,
650 434 808 477 ofiavo
861 431 985 476 semis
1043 446 1177 487 anno,
1222 429 1453 491 postquam
1503 432 1620 493 apud

250 503 438 548 Romam
466 500 703 560 discessere,
733 519 825 547 non
849 502 1000 548 visum.
1028 501 1146 546 Hinc
1170 499 1225 545 ad
1250 500 1622 564 archiepiscopum

252 573 375 618 suum
399 571 517 635 apud
543 571 695 618 urbem
729 574 964 634 Saltqburge
1001 573 1134 631 venit,
1165 570 1253 630 ubi,
1285 575 1499 631 confluente
1522 576 1624 616 anti·
1644 582 1841 618 Saltzburgus-

241 648 383 703 stitum
402 645 595 704 collegio,
612 645 874 705 consentiente
894 645 991 689 cleri
1001 646 1213 705 plebisque
1224 645 1446 704 suffragio,
1461 643 1626 704 episco-

255 715 401 776 palem
419 712 773 759 benedifflonem
792 715 831 759 6³
851 719 1099 778 Eilzstatenfis
1117 716 1271 775 ecclefie
1295 715 1520 759 cathedram
1533 715 1627 775 sus-

252 790 372 846 cepit,
401 784 781 848 quadragefimum
807 787 996 847 primum
1024 786 1146 831 etatis
1171 802 1334 830 annum
1361 801 1462 830 tunc
1480 801 1625 848 agens.

255 858 361 901 Cura
386 860 514 917 igitur
533 859 760 919 episcopali
772 860 973 919 suscepta,
996 876 1071 902 non
1098 860 1234 901 habuit
1256 861 1444 915 requiem,
1470 859 1625 901 verbum

253 931 337 971 ‘Dei
360 930 427 972 die
451 948 498 973 ac
528 932 639 974 nodie
658 931 888 990 predicare,
927 931 1073 991 defides
1102 931 1235 989 gentis
1271 929 1386 971 illius
1411 931 1563 972 animos
1587 928 1627 972 θ’

248 1016 389 1058 parum
420 1001 469 1044 de
484 1003 631 1059 futuro
650 1001 860 1060 sollicitos
885 1002 937 1044 ad
950 1001 1065 1061 spem
1096 1000 1291 1055 celestium
1318 1003 1486 1059 erigere,
1502 1001 1625 1060 sepo-

243 1073 336 1132 fitis
360 1075 537 1116 inanium
566 1089 694 1116 rerum
720 1075 841 1129 curis,
877 1088 1008 1116 eterna
1035 1089 1204 1130 querere.
1229 1073 1279 1113 Et
1302 1088 1348 1114 ne
1360 1087 1505 1130 parum
1522 1071 1629 1128 fidei

253 1142 415 1186 colonus
426 1145 654 1203 proficeret,
690 1144 796 1201 quod
818 1144 933 1187 verbo
951 1142 1176 1203 plantabat,
1202 1144 1300 1198 vita,
1325 1143 1507 1185 doc‘Irina
1537 1159 1629 1185 con-

244 1214 347 1273 sona
365 1216 540 1273 rigabat.
565 1216 682 1273 Qec
707 1214 884 1274 longum,
908 1214 1024 1257 rudis
1035 1213 1307 1273 squalentium
1327 1214 1504 1256 cordium
1524 1230 1630 1256 cam-

249 1300 329 1342 pus
364 1287 421 1327 ita
446 1285 684 1345 Evangelici
722 1285 876 1344 ligonis
911 1287 1138 1328 exercitium
1178 1285 1372 1341 audierat,
1412 1300 1455 1327 ut
1486 1287 1630 1344 ignaro

246 1357 412 1413 frublus
446 1373 561 1416 agro,
603 1358 814 1415 exstirpato
854 1372 1029 1399 errorum
1055 1357 1223 1415 frutice,
1251 1356 1375 1415 seges
1412 1358 1629 1401 rubicunda

256 1425 296 1469 δ’
320 1429 435 1469 vinea
461 1429 545 1470 Dei
566 1428 743 1470 Sabaoth
768 1428 967 1471 videretur
979 1426 1209 1485 surrextffe.

319 1495 430 1541 XIX.
469 1499 680 1555 Postquam
716 1499 845 1557 igitur
879 1498 1146 1557 episcopatum
1165 1497 1285 1556 suum
1308 1498 1413 1557 sane
1448 1501 1633 1557 institutis

255 1569 335 1610 vite
354 1584 430 1626 per
442 1568 598 1626 septem
629 1584 754 1611 annos
778 1568 1000 1627 digniffime
1024 1571 1273 1626 informavit,
1310 1569 1473 1628 diffolvi
1496 1568 1536 1613 ἃ
1560 1569 1634 1628 effe

255 1655 340 1681 cum
361 1639 517 1696 Christo
537 1641 712 1698 cupiens,
750 1640 922 1699 piritum
947 1639 1149 1682 conditori
1173 1640 1368 1695 reddidit,
1383 1640 1569 1700 sepultus
1592 1642 1631 1683 in

256 1710 428 1771 ecclefia,
450 1712 515 1753 cui
531 1712 705 1769 prefuit.
737 1711 892 1770 Qanti
916 1727 1015 1754 nunc
1036 1712 1144 1770 apud
1166 1714 1296 1756 ‘Deum
1310 1717 1365 1774 fit
1390 1715 1536 1769 meriti,
1555 1714 1631 1771 tes-

257 1796 364 1824 tatur
395 1798 539 1825 corona
579 1783 741 1839 iustitie,
780 1798 894 1840 quam
925 1782 1120 1826 miracula
1153 1784 1261 1842 apud
1284 1783 1514 1843 sepulcrum
1545 1786 1630 1826 eius

257 1853 507 1912 coruscantia
535 1855 718 1911 testantur
741 1871 826 1897 eum
849 1854 1047 1914 recepzffe.
