2216 3435
691 191 910 225 SANCTAE
934 192 1134 226 PAULAE.
1529 193 1586 246 39

288 339 432 383 XVllI.
470 338 573 382 Dies
598 337 703 381 mihi
722 338 837 399 prius
858 354 991 398 quam
1016 338 1155 382 sermo
1177 336 1339 395 defluit,
1365 337 1390 382 si
1410 338 1590 384 voluero

229 411 383 454 cunRa
392 425 651 470 percurrere,
661 426 745 470 que
755 407 1138 455 Paulavenerabilis
1147 408 1232 454 fide
1246 408 1486 454 incredibili
1498 427 1590 472 per-

223 497 379 544 vagata
403 479 472 525 est.
498 477 704 524 Tranfibo
725 478 781 524 ad
803 483 1013 542 Egyptum,
1033 482 1077 525 ὅς
1096 481 1141 524 in
1159 483 1304 526 sochot
1328 496 1456 542 atque
1475 480 1592 542 apud

227 553 396 598 fontem
415 554 598 614 Samson,
619 569 751 614 quem
777 552 829 598 de
855 554 1011 599 molari
1033 553 1205 599 maxille
1227 553 1355 599 dente
1375 552 1591 615 produxit,

223 623 437 670 subfistam
460 639 696 685 parumper
711 625 755 668 δε
774 626 937 669 arentia
957 641 1032 669 ora
1052 624 1256 683 colluam,
1272 640 1317 668 ut
1330 624 1592 668 refocillatus

221 694 395 742 videam
410 698 683 755 Morastlzim,
700 696 942 758 sepulcrum
959 695 1186 758 quondam
1198 695 1364 741 Michee
1377 695 1592 758 prophete

220 768 265 811 ὃς
288 784 404 812 nunc
437 766 670 813 ecclefiam.
724 768 768 812 Et
799 768 1003 813 exlatere
1038 766 1337 828 derelinquam
1371 767 1592 812 Chorseos

220 842 265 885 ὃς
289 839 498 897 Getheos,
525 841 719 901 Mansa,
744 838 967 885 ldumeam
991 842 1035 885 &
1058 842 1210 883 Laclzis.
1266 837 1310 882 Et
1337 855 1413 900 per
1445 856 1592 884 arenas

221 911 482 957 mollissimas
518 913 794 975 pergentium
831 912 1007 974 vestigia
1044 908 1334 955 subtrahentes
1372 910 1592 973 latamque

220 983 351 1028 eremi
370 984 609 1029 vastitatem
625 983 798 1029 veniam
818 980 873 1027 ad
889 981 1040 1045 Egypti
1059 979 1239 1027 fluvium
1256 983 1286 1024 S
1290 984 1365 1037 ior,
1379 982 1452 1042 qui
1464 981 1591 1027 inter-

220 1070 411 1116 pretatur
433 1053 642 1113 turbidus,
667 1056 712 1099 ἅ
737 1054 929 1115 quinque
954 1053 1105 1116 Egypti
1136 1053 1348 1098 transeam
1384 1053 1589 1111 civitates,

222 1142 306 1187 que
329 1125 566 1188 loquuntur
600 1125 751 1188 lingua
785 1123 1076 1183 chananitide,
1115 1125 1160 1168 ὅς
1184 1140 1339 1168 terram
1377 1126 1515 1184 Geffen
1546 1127 1591 1169 ὃς

220 1213 401 1259 campos
419 1198 608 1255 Taneos,
634 1199 678 1242 in
697 1194 852 1258 quibus
878 1196 980 1241 fecit
1002 1197 1118 1240 Deus
1138 1193 1363 1252 mirabilia,
1377 1196 1421 1239 ὃς
1440 1193 1590 1240 urbem

218 1267 305 1326 No,
325 1286 410 1330 que
427 1269 576 1331 postea
594 1268 712 1315 versa
732 1267 790 1313 est
808 1268 852 1312 in
866 1269 1176 1323 alexandriam,
1193 1268 1237 1311 ὃς
1258 1264 1477 1328 oppidum
1496 1268 1590 1311 Do-

219 1339 325 1384 mini
346 1343 572 1401 ι7Χ<ἱῑνίαημ
605 1340 649 1384 in
681 1356 770 1401 quo
808 1339 1026 1401 puriffimo
1056 1340 1263 1385 virtutum
1297 1339 1411 1383 nitro
1446 1336 1591 1383 sordes

219 1410 414 1456 lavantur
439 1409 634 1472 quotidie
658 1411 961 1473 plurimorum.
996 1409 1135 1473 Ogod
1158 1428 1293 1473 quum
1315 1407 1499 1468 vidisset,
1518 1425 1591 1453 oc-

219 1498 415 1528 currente
439 1480 512 1527 fibi
535 1483 683 1527 santilo
709 1484 754 1527 ὃς
787 1480 1021 1528 venerabili
1053 1483 1261 1545 episcopo
1294 1480 1452 1527 Isidoro
1486 1498 1590 1525 con-

218 1550 371 1597 fessore
390 1554 434 1597 ὃς
451 1550 582 1597 turbis
600 1551 986 1598 innumerabilibus
1005 1553 1342 1613 monachorum,
1368 1570 1417 1599 ex
1441 1551 1593 1615 quibus

218 1623 378 1668 multos
404 1622 680 1669 sacerdotalis
706 1625 750 1668 ὃς
776 1623 969 1670 leviticus
1002 1623 1261 1670 sublimabat
1284 1624 1457 1688 gradus,
1490 1624 1592 1669 leta-

218 1692 343 1739 batur
363 1693 542 1756 quidem
562 1693 617 1739 ad
640 1694 829 1758 gloriam
852 1696 1050 1755 Domini,
1071 1694 1143 1741 sed
1161 1696 1203 1741 se
1222 1695 1452 1760 indignam
1471 1710 1593 1740 tanto

217 1766 386 1813 honore
410 1765 634 1812 fatebatur.
672 1766 795 1830 Qid
822 1785 907 1830 ego
932 1786 1103 1814 narrem
1122 1769 1349 1827 Macarios,
1377 1770 1594 1824 Arsenios,

216 1838 471 1899 Serapiones
491 1839 535 1882 ὃς
547 1837 709 1898 reliqua
725 1837 1030 1883 columnarum
1046 1839 1202 1884 Christi
1214 1841 1424 1885 nomina?
1457 1839 1593 1885 Cuius

217 1926 307 1953 non
331 1909 504 1954 intravit
529 1908 754 1953 cellulam?
811 1910 1017 1972 Qorum
1042 1909 1225 1972 pedibus
1266 1928 1357 1956 non
1386 1909 1594 1957 advoluta

216 1979 302 2024 est?
356 1979 428 2023 Per
461 1977 649 2041 singulos
690 1978 856 2024 sannstos
888 1979 1107 2025 Christum
1140 1982 1179 2026 se
1205 1980 1351 2027 videre
1377 1980 1592 2039 credebat,

216 2052 261 2095 ὃς
281 2046 495 2111 quidquid
517 2048 561 2092 in
580 2048 675 2093 illos
696 2049 952 2109 contulerat,
977 2051 1019 2095 in
1041 2052 1283 2097 Dominum
1307 2053 1347 2097 se
1366 2048 1593 2098 contulisse

214 2118 436 2166 letabatur.
490 2118 620 2163 Mirus
646 2119 778 2165 ardor
804 2123 848 2166 ὃς
872 2123 941 2167 vix
973 2123 1016 2166 in
1043 2122 1204 2168 femina
1228 2121 1442 2169 credibilis
1468 2122 1593 2167 forti—

215 2191 346 2251 tudo,
382 2189 518 2236 oblita
546 2192 663 2236 sexus
682 2195 727 2237 ὃς
750 2192 989 2256 fragilitatis
1017 2195 1212 2256 corporis
1239 2196 1346 2240 inter
1376 2210 1440 2239 tot
1458 2194 1592 2238 millia

215 2262 535 2309 monachorum
555 2280 656 2307 cum
673 2263 826 2326 puellis
848 2264 926 2309 suis
948 2263 1139 2310 habitare
1157 2264 1371 2328 cupiebat.
1402 2265 1446 2310 Et
1474 2263 1592 2310 forfi-

215 2349 302 2392 tan,
338 2336 497 2379 cunstis
534 2352 630 2380 eam
667 2333 1004 2398 suscipientibus,
1048 2335 1326 2398 impetrasset,
1371 2338 1414 2382 ni
1455 2337 1591 2381 maius

216 2406 463 2450 santssorum
486 2405 689 2451 locorum
717 2405 949 2453 retraxisset
978 2405 1244 2454 desiderium.

277 2477 385 2522 XIX.
427 2479 572 2539 Atque
612 2495 791 2541 propter
823 2478 1151 2525 ferventissimos
1189 2481 1311 2539 estus,
1346 2479 1399 2526 de
1434 2482 1589 2543 Pelufio

210 2551 451 2594 Maiumczm
485 2550 766 2612 navigatione
805 2551 1074 2612 pervenienS,
1112 2567 1230 2597 tanta
1269 2552 1499 2598 velocitate
1524 2569 1584 2596 re-

209 2620 326 2665 versa
350 2619 420 2677 est,
446 2635 491 2664 ut
521 2637 648 2666 avem
675 2636 856 2683 putares
915 2622 1009 2667 Nec
1052 2621 1189 2667 multo
1229 2623 1325 2684 post
1362 2623 1404 2666 in
1443 2622 1584 2667 sancsla

208 2692 436 2735 ‘Bethlehem
487 2691 685 2736 mansura
737 2708 961 2754 perpetut),
1012 2693 1194 2756 angusto
1229 2711 1306 2756 per
1345 2693 1577 2739 triennium

207 2759 356 2807 mansit
390 2762 639 2824 hospitiOIO,
677 2762 819 2809 donec
848 2764 1074 2810 exstrueret
1107 2763 1279 2809 cellulas
1316 2781 1366 2809 ac
1403 2764 1575 2809 monas-

1632 482 1769 522 Egyptus.

1634 525 1758 555 Sochot.

1632 566 1710 596 Fons
1735 566 1867 596 Samson.

1632 709 1817 740 Morasthim.

1615 849 1735 879 Maresa.
1754 850 1871 880 Lachis.

1634 998 1707 1027 Sior.

1633 1139 1760 1168 Geffen.

1632 1279 1822 1309 Alexandria.

1634 1354 1737 1384 Nitria.

1626 2498 1783 2542 Pelusium.

1631 2567 1773 2597 Maiuma.

1631 2708 1821 2738 Bethlehem.
