2216 3435
4 1178 41 1236 ¹3.,
57 1208 84 1237 p.
100 1204 172 1236 235,
187 1206 212 1226 c.
227 1205 251 1226 1.

8 1274 48 1311 7.,
63 1274 82 1303 f.
93 1282 130 1303 10
141 1275 214 1309 r⁰,c.
224 1282 252 1302 2.

549 251 955 286 CRUCIGERORUM
992 250 1369 284 RHENANORUM.
1581 251 1642 300 49

275 397 551 463 expenderat,
579 396 733 443 domui
763 396 1140 444 Theutonicorum
1165 396 1235 442 sex
1258 396 1377 442 milia
1401 412 1643 441 marcarum
1663 414 1739 444 1219

272 471 440 535 argenti
463 469 533 517 vel
551 468 738 533 amplius
762 468 818 515 ad
837 466 1186 532 comparandum
1208 465 1440 530 presidium
1459 466 1644 514 creditur

272 538 510 588 contulisse.

336 615 380 658 In
400 610 590 658 calendis
603 612 703 671 Mai}
721 612 921 676 magistra
932 612 1263 675 peregrinorum
1276 608 1509 654 multitudo
1528 609 1643 672 cepit
1659 623 1731 653 Mai.
1748 633 1774 654 1.

272 682 486 743 recedere,
511 681 638 729 nobis
662 684 706 727 in
731 684 932 745 supremo
956 682 1149 745 periculo
1175 680 1398 739 dereliffls,
1423 680 1495 726 sed
1521 696 1643 743 pater

272 753 485 818 benignus
521 758 566 801 ὃς
594 756 830 802 misericors
855 757 972 801 Deus
1010 753 1335 799 incredulorum
1371 751 1644 816 oppressione

272 843 353 872 nos
387 843 478 872 non
501 825 692 889 permisit
714 827 899 891 gravari,
929 825 1072 872 donec
1096 841 1216 872 novo
1241 823 1376 869 milite
1401 821 1645 883 roboratos,

275 896 358 960 [&]
384 897 635 943 viclualium
660 899 799 943 eciam
832 914 1047 959 equorum
1071 897 1116 941 ὃς
1140 912 1360 941 armorum
1385 896 1514 958 copia
1548 895 1645 939 suo-

271 986 368 1014 rum
387 967 583 1014 fidelium
599 969 820 1015 letificaret
840 985 1119 1015 conventum.
1143 967 1374 1012 Instaurato
1396 966 1524 1029 igitur
1541 963 1645 1011 fide·

271 1039 379 1085 lium
413 1057 599 1086 numero
630 1041 672 1086 in
706 1039 775 1086 die
800 1038 1070 1086 Ascensionis
1094 1037 1278 1083 Domini
1310 1054 1433 1083 more
1466 1038 1542 1083 suo
1569 1054 1647 1100 per
1664 1050 1737 1081 Mai.
1757 1052 1802 1081 16.

273 1127 429 1157 terram
446 1113 491 1157 ὃς
502 1129 664 1175 aquam
676 1113 887 1158 irruerunt
900 1109 1110 1174 perfidi&
1124 1108 1178 1154 sic
1192 1109 1449 1155 multociens
1463 1124 1648 1171 attemp-

273 1198 410 1229 tantes
433 1183 654 1246 prevalere
680 1184 979 1245 nequiverunt,
1015 1181 1322 1245 particulariter
1348 1182 1486 1226 eciam
1510 1197 1648 1244 prope

272 1254 406 1300 castra
440 1254 608 1299 nostros
639 1253 956 1317 provocabant,
993 1251 1155 1298 damna
1190 1252 1421 1297 inferentes
1455 1250 1527 1297 sed
1558 1269 1649 1297 am-

271 1325 411 1389 pliora
445 1326 710 1389 recipientes.
736 1324 870 1371 Pridie
893 1341 997 1371 vero
1023 1322 1224 1370 calendas
1248 1324 1429 1387 Augusti
1455 1341 1650 1383 omnem,
1668 1336 1784 1374 1u1.31.

274 1414 409 1459 quam
427 1395 585 1442 habere
609 1412 826 1460 poterant,
848 1397 1024 1459 copiam
1049 1393 1330 1454 adducenteS,
1354 1395 1452 1458 post
1476 1393 1650 1441 affultus

273 1466 463 1513 diutinos
484 1477 495 1497 ¹
514 1467 694 1514 tandem
714 1467 921 1514 foffatum
947 1482 1099 1513 contra
1120 1466 1328 1512 miliciam
1348 1466 1499 1530 templi
1520 1468 1652 1513 trans-

272 1555 435 1599 eunteS,
478 1539 536 1585 ad
568 1539 685 1586 licias
727 1540 940 1587 violenter
974 1555 1238 1601 rumpenteS,
1280 1538 1449 1602 pedites
1484 1539 1653 1585 nostros

272 1628 490 1659 verterunt
506 1621 524 1641 2
540 1612 585 1657 in
616 1612 783 1676 fugam,
809 1611 922 1658 adeo
947 1628 993 1657 ut
1019 1628 1135 1658 totus
1162 1612 1304 1658 noster
1328 1611 1534 1658 exercitus
1568 1613 1654 1656 iam

272 1683 597 1749 periclitaretur.
640 1683 794 1730 Milites
830 1683 885 1730 de
912 1684 1086 1729 Francia
1114 1684 1248 1729 tercio
1284 1684 1431 1729 conati
1454 1683 1551 1728 sunt
1576 1698 1652 1728 eos

273 1774 299 1802 a
323 1754 481 1802 foffato
506 1755 764 1818 propellere,
790 1754 862 1801 sed
880 1772 971 1800 non
998 1771 1255 1818 potuerunt3
1281 1754 1502 1801 Sarraceni
1527 1752 1651 1816 fiqui-

275 1826 377 1873 dem
388 1828 498 1873 inter
514 1827 661 1872 menia
675 1826 831 1886 nostra,
851 1827 993 1872 fracf’cis
1012 1824 1334 1873 municionibus
1347 1826 1517 1890 ligneis,
1538 1825 1653 1887 equi-

276 1914 366 1945 tum
396 1915 448 1944 ac
473 1896 672 1961 peditum
703 1898 814 1943 acies
845 1896 1114 1943 ordinarunt.
1157 1897 1341 1943 Clamor
1368 1913 1484 1942 ortus
1509 1896 1567 1942 est
1590 1897 1653 1940 in-

275 1968 531 2015 sultancium
542 1991 555 2029 3
568 1968 711 2013 omnis
727 1985 880 2014 eorum
893 1967 1126 2014 multitudo
1137 1969 1384 2031 preparavit
1399 1966 1650 2030 sequelam.3

274 2039 501 2087 Timiditas
518 2057 613 2086 orta
625 2040 683 2085 est
692 2039 853 2086 christia
861 2041 938 2098 nis,
952 2038 1025 2085 sed
1039 2040 1221 2102 spiritus,
1236 2039 1310 2101 qui
1322 2038 1463 2084 induit
1474 2037 1653 2085 Gedeo-

275 2128 378 2158 nem
403 2110 531 2170 (lud.,
557 2124 622 2170 VI,
650 2116 748 2174 34),
773 2112 982 2158 animavit
1006 2110 1285 2174 templarios3
1323 2110 1512 2174 magistri
1539 2111 1654 2156 enim

276 2183 429 2247 templi
455 2200 557 2229 cum
582 2183 833 2228 marescallo
858 2183 1093 2245 ceterisque
1118 2180 1318 2228 fratribus
1339 2182 1435 2241 suis,
1462 2182 1535 2244 qui
1554 2180 1655 2227 ade-

276 2269 386 2311 rant,
413 2271 492 2317 per
513 2254 743 2318 angustum
762 2255 938 2312 exitum,
956 2254 1121 2317 impetu
1144 2253 1278 2311 facio,
1307 2253 1350 2299 in
1373 2253 1524 2316 fugam
1549 2269 1655 2298 con-

277 2325 403 2372 vertit
436 2324 696 2370 incredulos:
723 2326 895 2370 Domus
920 2324 1294 2370 Theutonicorum
1321 2324 1587 2385 comitesque
1611 2325 1655 2369 ὅ(

278 2396 346 2455 alij
371 2396 524 2442 milites
563 2395 618 2442 de
643 2394 813 2443 diverfis
837 2394 1029 2459 partibus
1053 2395 1247 2442 videntes
1272 2395 1423 2458 templi
1451 2394 1654 2440 miliciam

278 2468 321 2512 in
347 2466 540 2530 periculo
565 2467 857 2526 constitutam,
884 2467 1130 2513 festinanter
1155 2484 1230 2529 per
1254 2467 1387 2512 exitus
1407 2464 1480 2511 sibi
1502 2482 1655 2511 contra

278 2536 440 2600 positos
472 2537 656 2584 tulerunt
687 2538 907 2597 auxilium,
945 2537 1087 2599 sicque
1109 2538 1443 2583 Sarracenorum
1474 2535 1654 2599 pedites,

280 2607 454 2654 abieciis
495 2608 655 2672 clipeis,
698 2608 1063 2655 interficiebantur
1096 2625 1238 2671 preter
1275 2625 1365 2666 eos,
1409 2624 1519 2669 quos
1554 2607 1655 2671 fuga

337 2779 347 2801 1
373 2768 410 2800 V.
431 2767 575 2801 divinos
598 2785 639 2791 —
659 2780 677 2799 2
696 2769 732 2801 V.
751 2774 928 2801 verterant.
946 2786 990 2791 ——
1014 2778 1029 2807 3
1053 2767 1086 2800 B.
1095 2765 1232 2810 supplet.
