2216 3435
597 197 662 229 DE
698 196 834 229 LOCIS
870 195 1088 227 SANCTIS.
1446 197 1529 244 147

157 345 202 388 in
238 360 326 405 quo
363 339 542 404 possunt
573 358 635 386 ter
671 341 809 386 ternia
838 340 1036 385 homines
1071 340 1225 384 stantes
1261 356 1397 398 orare,
1432 342 1476 385 ὃς
1506 358 1530 385 a

157 415 315 459 vertice
339 412 516 457 alicuius
542 429 633 457 non
653 410 790 457 brevis
823 411 974 455 stature
1000 411 1145 455 stantis
1178 410 1366 454 hominis
1398 411 1529 472 usque

158 483 215 530 ad
250 484 359 528 illius
391 482 657 528 domuncule
687 499 906 527 cameram
935 498 1010 543 pes
1046 483 1090 526 ὃς
1120 481 1301 543 semipes
1332 482 1531 527 mensura

156 556 200 599 in
235 555 369 600 altum
397 553 651 599 extenditur.
690 554 828 598 l-Iuius
859 552 1064 616 tugurioli
1087 553 1284 597 introitus
1311 550 1366 597 ad
1391 553 1529 598 orien-

159 642 247 670 tem
298 625 486 687 respicit,
536 623 655 686 quod
705 640 846 668 totum
892 623 1142 668 extrinsecus
1189 622 1326 667 eledio
1377 623 1531 686 tegitur

158 714 390 754 marmore,
409 696 527 740 cuius
546 696 724 740 exterius
738 693 753 722 b
777 694 995 739 summum
1013 693 1186 739 culmen
1202 711 1307 739 auro
1328 710 1530 740 ornatum

157 785 332 813 auream
367 784 458 812 non
488 784 671 829 parvam
704 766 904 811 sustentat
934 782 1120 811 crucem.
1157 768 1199 811 In
1224 765 1346 810 huius
1371 768 1528 828 tugurij

157 838 394 917 aquilonali
432 853 554 900 parte
602 837 845 899 sepulcrum
889 837 1073 882 Domini
1117 838 1161 881 in
1208 836 1363 882 eadem
1408 854 1530 899 petra

155 911 327 955 interius
358 909 545 954 excisum
571 907 763 967 habetur,
794 907 866 953 sed
897 907 1088 954 eiuldem
1123 909 1279 971 tugurij
1305 909 1529 987 pavimen-

157 998 248 1026 tum
278 980 479 1025 humilius
515 981 572 1025 est
605 980 707 1025 loco
733 979 939 1042 sepulcri,
972 997 1075 1025 nam
1102 997 1126 1025 a
1160 980 1415 1042 pavimento
1441 981 1528 1027 eius

156 1053 288 1114 usque
313 1050 368 1096 ad
393 1051 571 1113 sepulcri
595 1051 843 1113 marginem
859 1050 999 1095 lateris
1025 1048 1140 1112 quasi
1160 1050 1288 1094 trium
1311 1051 1529 1097 mensura⁶

156 1121 388 1167 altitudinis
420 1121 699 1184 palmorumd
732 1120 880 1166 haberi
915 1120 1192 1184 dignoscitur.
1230 1122 1297 1166 Sic
1321 1121 1427 1166 mihi
1451 1124 1528 1167 Ar-

156 1192 307 1250 culfus,
339 1194 413 1255 qui
445 1193 544 1255 sepe
575 1192 820 1255 sepulcrum
845 1192 1028 1237 Domini
1054 1191 1370 1254 frequentabat,
1400 1192 1528 1239 indu-

154 1261 341 1309 bitanter
364 1264 558 1309 emensus
585 1264 902 1326 pronunciavit.

221 1335 322 1380 Hoc
362 1337 406 1380 in
442 1336 566 1380 loco⁶
607 1338 877 1397 discrepantia
921 1336 1151 1380 nominum
1192 1334 1388 1381 notanda
1430 1341 1531 1383 inter

156 1425 439 1452 monumentum
474 1408 761 1468 &sepulcrum
772 1427 784 1459 ;
824 1425 926 1452 nam
961 1407 1066 1453 illud
1101 1409 1199 1471 sepe
1237 1424 1531 1453 memoratum

156 1477 395 1523 rotundum
413 1479 648 1541 tugurium,
672 1478 756 1523 alio
776 1480 956 1524 nomine
975 1481 1226 1540 Evangelzste
1245 1497 1529 1524 monumentum

155 1565 334 1594 vocant:
383 1549 437 1594 ad
483 1550 600 1594 cuius
635 1550 788 1594 ostium
826 1549 1084 1595 advolutum
1123 1552 1167 1595 ὃς
1196 1550 1251 1596 ab
1292 1552 1380 1596 eius
1421 1551 1529 1595 ostio

156 1620 402 1667 revolutum
437 1619 645 1682 lapidem,
691 1620 932 1683 resurgente
965 1621 1180 1680 Domino,
1223 1621 1531 1684 pronunciant.

155 1693 385 1753 Sepulcrum
422 1692 598 1754 proprie
627 1691 696 1736 ille
731 1690 887 1737 dicitur
916 1692 1038 1736 locus
1066 1693 1109 1737 in
1144 1693 1332 1756 tugurio,
1365 1692 1451 1737 hoc
1476 1693 1534 1737 est

154 1763 198 1807 in
220 1762 457 1825 aquilonali
481 1778 603 1824 parte
627 1764 918 1822 monumenti,
946 1764 990 1808 in
1019 1780 1108 1825 quo
1135 1763 1410 1809 dominicum
1435 1781 1530 1808 cor-

156 1851 235 1896 pus
275 1832 596 1878 linteaminibus
641 1833 887 1879 involutum
924 1833 1154 1880 conditum
1196 1836 1374 1897 quievit:
1416 1837 1533 1881 cuius

158 1903 483 1968 longitudinem
514 1904 715 1949 Arculfus
745 1906 789 1949 in
821 1906 985 1967 septem
1010 1905 1175 1967 pedum
1205 1908 1403 1952 mensura
1434 1924 1533 1970 pro-

156 1978 248 2039 pria
273 1976 441 2021 mensus
467 1976 524 2021 est
548 1992 693 2021 manu.
735 1976 874 2038 Qod
899 1975 1102 2022 videlicet
1132 1977 1392 2039 sepulcrum,
1424 1996 1530 2036 non,

158 2063 205 2092 ut
253 2045 432 2109 quidam
480 2047 584 2091 falso
633 2047 878 2108 opinantur,
927 2046 1087 2110 duplex
1127 2050 1171 2093 &
1213 2049 1452 2110 quamdam
1477 2049 1531 2095 de

154 2118 246 2181 ipsa
285 2117 520 2163 maceriola
554 2134 723 2179 petram
764 2117 927 2163 habens
970 2119 1171 2179 excisam,
1209 2119 1298 2166 duo
1335 2138 1457 2166 crura
1487 2124 1532 2166 ὅς

156 2190 326 2235 femora
359 2188 448 2234 duo
486 2187 852 2234 intercidentemf
882 2191 927 2234 ὃς
960 2191 1242 2253 separantem,
1286 2191 1358 2237 sed
1389 2209 1532 2237 totum

156 2259 346 2322 simplex,
378 2278 403 2305 a
433 2261 592 2306 vertice
624 2260 757 2321 usque
781 2259 837 2305 ad
862 2261 1031 2323 plantas
1055 2262 1217 2308 Iccium
1242 2264 1363 2309 unius
1389 2264 1529 2309 homi-

156 2333 221 2377 nis
247 2349 456 2394 capacem
481 2331 604 2394 super
628 2330 805 2376 dorsum
830 2332 1005 2378 iacentis
1036 2332 1233 2396 prebens,
1272 2336 1315 2380 in
1347 2335 1531 2381 modum

156 2403 357 2466 spelunce
382 2404 607 2448 introitum
631 2420 656 2448 a
679 2402 836 2448 lateres
860 2402 1022 2449 habens
1047 2404 1102 2450 ad
1127 2406 1351 2451 australem
1374 2425 1531 2453 monu-

205 2561 234 2581 a.
276 2550 322 2589 B„
352 2551 469 2589 Rern„
505 2551 563 2590 G.‚
601 2551 635 2581 C.
678 2556 803 2582 tantum
886 2562 1027 2583 marum.
1074 2572 1115 2576 ——
1156 2566 1183 2586 e.
1222 2555 1314 2587 Mal).
1351 2555 1532 2599 proprietas

160 2602 252 2635 terni.
278 2622 320 2626 -—
349 2604 378 2636 b.
402 2604 438 2635 In
455 2602 532 2635 aliis
545 2602 608 2645 ngff.
624 2602 804 2635 exterioris,
889 2605 961 2638 sive.
994 2626 1036 2629 —
1066 2606 1087 2638 f.
1113 2607 1162 2648 L.‚
1186 2607 1232 2640 al.
1261 2608 1531 2641 intercedentem.

162 2676 206 2681 —
226 2668 255 2689 c.
276 2658 323 2698 B.,
346 2657 381 2688 V.
415 2669 432 2688 a
455 2656 576 2700 poplite
605 2664 664 2689 aut
689 2656 805 2701 pollice
890 2679 932 2683 —
961 2671 992 2703 g.
1021 2660 1052 2692 l..
1083 2659 1113 2692 in
1144 2661 1313 2694 introitum
1349 2661 1486 2695 altare..
1503 2688 1533 2695 ..

161 2710 263 2755 usque
281 2711 322 2742 ad
343 2710 535 2743 auriculam.
559 2730 599 2734 —
619 2710 651 2742 d.
676 2710 724 2742 Al.
740 2710 807 2754 pal-
890 2713 1072 2757 respiciens.
