2216 3435
534 183 599 231 44
1145 183 1314 217 GESTA

344 335 519 373 1218-1219
538 327 699 387 afflicii,
737 345 839 374 cum
864 330 999 375 multa
1034 330 1261 392 paciencia
1299 331 1540 394 migrarunt
1574 332 1630 378 ad
1659 334 1916 381 Dominum.

538 398 737 462 Quidam
760 417 906 446 autem
924 401 1057 462 usque
1077 400 1133 446 ad
1159 417 1332 464 tempus
1352 404 1527 450 vernale
1544 403 1763 463 durantes,
1789 403 1918 451 bene-

537 469 638 516 ficio
666 471 821 516 caloris
847 472 1072 518 evaserunt
1096 473 1348 534 periculum.
1386 475 1478 520 Post
1503 474 1665 522 dicffam
1690 477 1919 540 tempesta-

538 558 628 588 tem
652 559 782 588 naves
808 544 961 588 iterum
988 542 1253 605 parabantur
1277 544 1333 590 ad
1359 544 1580 592 tranfitum
1603 546 1807 607 fluminis,
1835 565 1921 610 que

538 629 639 659 cum
664 630 830 677 magno
867 614 1061 676 periculo
1086 615 1249 660 sursum
1267 615 1548 664 ascendentes
1571 619 1681 665 inter
1700 621 1920 666 civitatem

537 686 582 731 &
619 686 768 730 turrim
801 702 976 748 captam
1012 686 1224 732 machinis
1258 688 1302 733 ὃς
1332 687 1434 751 igne
1469 706 1605 753 greco
1636 708 1737 737 cum
1772 690 1920 737 iaculis

537 756 773 819 plurimum
799 756 893 807 sunt
917 755 1140 819 impedite.

603 826 732 874 Unde
757 828 928 888 accidit,
955 847 1000 875 ut
1020 847 1105 875 una
1124 848 1176 877 ex
1202 830 1382 877 navibus
1403 833 1750 895 templariorum,
1775 834 1817 880 vi
1836 850 1921 879 tor-

538 901 690 962 rentis¹·
703 918 839 962 rapta,
856 919 994 963 prope
1009 903 1149 964 ripam
1162 903 1343 948 civitatis
1357 905 1685 966 precipitaretur
1697 904 1753 950 ad
1766 905 1922 963 hostes,

537 973 611 1032 qui
632 989 732 1017 cum
758 970 949 1018 barbotis
969 975 1013 1018 ὃς
1034 974 1200 1019 uncinis
1222 975 1365 1020 ferreis
1383 976 1522 1038 ipsam
1540 977 1923 1039 impugnaverant,
1943 994 1987 1031 3.,
2004 1005 2031 1034 p.
2048 1003 2192 1033 231,c.2

536 1044 687 1106 ignem
724 1060 902 1107 grecum
944 1062 1045 1090 cum
1068 1044 1286 1107 lapidibus
1327 1045 1382 1092 de
1408 1046 1592 1093 turribus
1628 1048 1919 1110 proiicientes.

537 1114 580 1159 Et
616 1131 718 1159 cum
748 1113 802 1159 fic
840 1117 1059 1177 prevalere
1089 1134 1181 1163 non
1218 1116 1391 1180 possent
1433 1135 1611 1181 propter
1644 1118 1924 1165 defensorum

536 1185 781 1243 audaciam,
817 1205 975 1234 navem
1003 1198 1020 1217 2
1048 1188 1329 1235 ascendentes
1366 1189 1421 1236 ad
1444 1190 1696 1253 templarios
1721 1190 1923 1237 ascende-

538 1275 648 1317 runt,
674 1257 747 1304 ubi
773 1276 874 1304 cum
899 1259 1127 1306 diutiffime
1151 1278 1435 1325 pugnaretur,
1468 1262 1649 1308 tandem
1675 1264 1793 1309 navis
1827 1280 1924 1326 per-

538 1328 694 1389 forata,
724 1330 806 1377 five
831 1330 885 1378 ab
910 1331 1116 1391 hostibus,
1153 1331 1235 1380 five
1261 1352 1285 1379 a
1311 1334 1479 1393 nostris,
1517 1335 1716 1394 nescitur,
1742 1335 1923 1397 profun-

537 1401 644 1447 dum
674 1404 807 1466 peciit
842 1402 1122 1467 submergens
1154 1405 1361 1470 Egyptios
1390 1423 1492 1451 cum
1517 1406 1753 1452 christianis
1792 1405 1920 1464 adeo,

538 1490 583 1520 ut
616 1474 718 1519 mali
745 1475 965 1521 summitas
1001 1477 1126 1538 super
1165 1494 1327 1539 aquam
1361 1479 1432 1523 vix
1466 1495 1710 1541 appareret,
1747 1480 1792 1524 ὃς
1821 1476 1925 1524 ficut

535 1545 718 1592 Samson
755 1547 945 1592 moriens
978 1547 1118 1609 plures
1156 1549 1299 1595 stravit
1334 1566 1470 1610 quam
1502 1551 1666 1608 vivenS,
1709 1547 1763 1595 sic
1792 1551 1837 1595 ὃς
1859 1550 1923 1595 isti

536 1633 742 1676 martyres
760 1628 774 1657 3
794 1619 935 1681 plures
951 1619 1097 1665 secum
1111 1636 1330 1666 traxerunt
1348 1621 1391 1665 in
1410 1638 1524 1683 aque
1543 1622 1769 1684 voragine,
1789 1638 1923 1683 quam

534 1687 690 1751 gladiis
717 1689 959 1736 interficere
985 1689 1238 1754 potuissent,
1275 1709 1464 1754 cumque
1495 1693 1609 1738 cives
1634 1693 1838 1739 Damiate
1859 1694 1922 1738 in·
1945 1711 1995 1748 v.‚
2012 1711 2032 1740 f.
2049 1712 2065 1741 8
2083 1716 2161 1749 roffi.
2177 1722 2203 1742 1.

538 1761 778 1805 fortunium
801 1762 925 1806 suum
946 1764 1141 1825 quinque
1162 1761 1313 1829 diebus
1335 1762 1614 1827 planxissent,
1639 1762 1794 1810 exinde
1812 1781 1924 1827 pon-

535 1849 623 1878 tem
643 1848 889 1894 reparantes
915 1850 1164 1895 aperturam
1183 1833 1295 1880 adeo
1320 1835 1588 1896 reliquerunt
1611 1835 1856 1898 angustam,
1881 1852 1926 1882 ut

534 1919 666 1948 naves
691 1905 833 1949 nostre
857 1902 941 1950 sine
966 1905 1160 1967 periculo
1187 1903 1359 1952 transire
1383 1923 1475 1952 non
1500 1904 1690 1969 possent.
1734 1906 1926 1954 Theuto-

535 1974 622 2018 nici
636 1992 741 2020 vero
760 1977 804 2020 ὃς
822 1976 1026 2033 Frisones,
1043 1977 1138 2023 zelo
1157 1977 1261 2023 iuste
1282 1976 1608 2042 indignacionis
1627 1976 1808 2037 accensi,
1823 1995 1924 2024 cum

536 2046 720 2092 minima
745 2047 859 2105 navi,
895 2048 1010 2110 galia
1038 2065 1305 2111 nuncupata,
1343 2065 1527 2111 pontem
1562 2049 1737 2095 viriliter
1760 2050 1923 2096 invase-

536 2135 648 2177 runt,
684 2120 729 2163 ὃς
763 2119 842 2165 viri
870 2136 965 2164 non
995 2120 1136 2182 plures
1173 2137 1307 2182 quam
1337 2119 1493 2166 decem
1527 2137 1629 2166 cum
1655 2121 1740 2167 Dei
1765 2122 1923 2167 auxilio
1981 2130 1986 2134 ‘

539 2205 691 2235 contra
743 2208 925 2237 omnem
974 2191 1319 2251 Babyloniorum
1365 2191 1693 2238 multitudinem
1738 2210 1924 2255 pontem

539 2260 834 2319 ascendentes,
856 2280 952 2309 cetu
971 2263 1200 2309 christiano
1220 2264 1441 2326 l'pecffante
1461 2266 1506 2309 ὃ(
1524 2264 1640 2309 hanc
1657 2262 1924 2326 probitatem

538 2332 775 2395 plurimum
795 2335 1043 2394 extollente,
1070 2335 1292 2398 fregerunt
1315 2337 1360 2380 ὃς
1377 2333 1432 2380 s1c
1455 2352 1557 2380 cum
1577 2352 1783 2397 quattuor
1803 2337 1923 2382 navi—

538 2402 631 2463 bus,
657 2405 782 2468 super
802 2424 907 2468 quas
928 2424 1017 2452 erat
1036 2423 1149 2469 pons
1170 2405 1390 2463 fundatus,
1409 2423 1512 2451 cum
1531 2407 1753 2470 triumpho
1773 2404 1922 2453 reversi

540 2476 648 2535 sunt,
668 2478 785 2522 viam
806 2476 986 2524 liberam
1004 2480 1049 2523 ὃς
1066 2495 1264 2541 apertam
1282 2477 1445 2524 sursum
1462 2477 1776 2524 velificantibus
1796 2478 1924 2524 relin-

540 2564 736 2610 quenteS.
774 2550 994 2596 Sarraceni
1028 2551 1125 2613 post
1159 2550 1240 2597 hec
1275 2550 1516 2613 periculum
1550 2549 1659 2596 fibi4
1689 2551 1922 2597 imminens

595 2720 604 2739 1
622 2710 720 2742 Codd.
730 2709 890 2742 currentis
907 2716 968 2753 pro
983 2709 1147 2743 torrentis.
1159 2729 1203 2733 ——
1214 2722 1231 2743 2
1244 2712 1280 2743 V.
1293 2721 1388 2743 nave.
1400 2729 1445 2734 -—
1456 2721 1470 2752 3
1482 2711 1583 2745 Codd.
1592 2718 1726 2744 mattes.
1737 2722 1809 2751 -4
1818 2711 1855 2743 V.
1868 2710 1920 2745 fic.
