2216 3435
549 196 638 242 260
760 208 1195 241 SANCTIMONIALIS
1232 207 1714 240 HEYDENHEIMENSIS

547 357 624 402 illis
639 373 786 402 autem
803 357 879 402 fuit
895 355 1130 402 dimissum.
1147 367 1164 384 ‘¹
1191 356 1248 401 Illi
1259 356 1399 418 Cypri
1417 354 1744 402 sedebantinter
1753 357 1924 402 Grecos

547 430 591 473 ὅ(
610 429 866 474 Sarracenos
890 430 935 473 ὅ(
956 429 1140 473 inermes
1162 427 1346 485 fuerunt,
1372 427 1474 489 quia
1497 444 1583 489 pax
1609 426 1827 473 maximab
1853 428 1933 473 fuit

548 502 592 545 ὅ(
619 500 869 545 conciliatio
894 501 1003 545 inter
1027 501 1285 545 Sarracenos
1309 501 1354 544 &
1379 501 1561 544 Grecos.
1596 500 1759 562 Magna
1777 501 1822 544 ὅς
1847 498 1934 544 lata

548 572 669 635 regio
690 572 767 617 fuit
784 572 867 628 illa,
894 574 939 617 ὃς
960 570 1199 616 duodecim
1223 570 1534 633 episcoporum
1555 570 1763 633 parochia
1781 570 1839 615 est
1861 568 1931 615 ibi.

656 771 767 813 XIII.
795 769 1037 828 Damascus,
1056 769 1305 827 ιἌζαῖἰινεῐῆ,
1338 767 1492 821 Charta,
1520 764 1653 810 ‘Tabor
1678 783 1801 810 mons.
1821 775 1834 792 ⁶

616 926 949 987 Confestimque
975 925 1033 970 illi
1054 943 1156 971 cum
1175 926 1348 970 licentia
1369 926 1559 971 levantes
1580 924 1633 983 se,
1659 941 1937 986 perrexerunt

552 1001 591 1044 in
613 1001 853 1059 Damascum
879 1014 1056 1043 centum
1074 997 1284 1055 milliaria,
1313 999 1358 1042 ὃς
1378 995 1436 1042 ibi
1462 997 1629 1042 sancius
1651 996 1842 1041 Ananias
1868 1013 1933 1040 re-

551 1071 742 1132 quiescit.
778 1068 882 1114 {llud
907 1069 964 1114 est
988 1070 1031 1114 in
1060 1086 1167 1114 terra
1192 1070 1343 1129 Syrim.
1372 1067 1430 1114 lbi
1460 1085 1582 1113 erant
1607 1085 1741 1112 unam
1767 1064 1934 1112 hebdo-

552 1140 742 1187 madam.
778 1141 822 1185 Et
852 1139 955 1186 inde
988 1141 1083 1186 sunt
1116 1140 1205 1186 duo
1233 1140 1379 1198 millia,
1416 1138 1489 1185 ubi
1517 1140 1574 1185 est
1598 1136 1787 1193 ecclefia,
1821 1138 1936 1183 &in

550 1212 623 1257 illo
646 1213 747 1258 loco
775 1213 966 1274 primum
991 1213 1223 1258 conversus
1250 1212 1307 1257 est
1333 1211 1495 1270 Paulus,
1523 1213 1568 1256 ὃς
1587 1210 1808 1256 Dominus
1831 1208 1936 1254 dixit

553 1284 608 1330 ad
632 1285 772 1329 illum:
797 1285 934 1340 Saule,
959 1285 1097 1339 Saule,
1124 1286 1222 1344 quid
1247 1303 1306 1328 me
1321 1285 1610 1344 persequeris?
1635 1280 1941 1342 (0461.04pqst.,

556 1356 624 1414 IX,
643 1358 690 1418 ς)
710 1358 754 1401 &
773 1355 947 1417 reliqua.
979 1354 1024 1400 Et
1044 1355 1128 1400 illic
1148 1372 1319 1400 orantes
1340 1351 1626 1399 ambulabant
1643 1353 1688 1397 in
1707 1351 1943 1411 Galileam,

556 1428 598 1471 in
634 1426 755 1472 illum
779 1426 943 1483 locum,
979 1424 1052 1471 ubi
1077 1424 1259 1471 Gabriel
1292 1426 1485 1488 primum
1510 1424 1628 1470 venit
1662 1421 1718 1468 ad
1749 1423 1942 1468 samstam

557 1499 738 1544 Mariam
763 1500 806 1543 ὃς
832 1497 960 1543 dixit:
986 1502 1080 1543 cAve
1105 1499 1265 1542 Maria
1291 1499 1336 1542 ὃ(
1361 1497 1539 1558 reliqua.
1571 1494 1629 1541 lbi
1653 1496 1710 1541 est
1740 1511 1854 1540 nunc
1874 1510 1941 1539 ec-

557 1569 691 1616 clefia.
728 1570 772 1614 Et
800 1570 869 1615 ille
896 1571 1027 1628 vicus,
1061 1571 1104 1614 in
1138 1587 1228 1631 quo
1264 1570 1320 1615 est
1352 1567 1541 1626 ecclefia,
1576 1567 1670 1613 estd
1696 1570 1942 1628 Ι7Χ<αἷανετ1ι

558 1642 676 1687 Illam
697 1639 920 1687 ecclefiam
943 1641 1174 1687 Christiani
1209 1641 1410 1686 homines
1445 1641 1545 1702 sepe
1576 1636 1897 1701 comparabant
1921 1655 1945 1682 a

557 1714 740 1777 paganis
764 1714 1022 1770 Sarracenis,
1054 1712 1234 1775 quando
1272 1712 1331 1757 illi
1355 1710 1563 1758 volebant
1596 1728 1694 1756 eam
1719 1709 1944 1755 destruere.

558 1786 601 1831 Et
635 1783 691 1830 ibi
718 1786 917 1830 Domino
945 1785 985 1829 se
1010 1782 1373 1829 commendantes
1399 1780 1732 1828 ambulaverunt
1756 1779 1872 1839 inde,
1900 1782 1945 1826 ὅ(

558 1855 792 1903 veniebant
833 1858 876 1901 in
913 1856 1061 1902 villam
1092 1858 1317 1913 Clzcznam,e
1352 1853 1424 1899 ubi
1450 1854 1669 1899 Dominus
1702 1869 1864 1914 aquam
1899 1853 1943 1898 in

559 1930 709 1975 vinum
738 1930 964 1974 convertit.
1000 1928 1083 1973 lllic
1112 1927 1170 1973 est
1203 1925 1379 1972 ecclefia
1411 1943 1589 1989 magna,
1613 1927 1658 1970 ὃς
1682 1925 1725 1969 in
1758 1924 1863 1970 illas
1878 1942 1944 1970 ec-

559 1999 681 2046 clefia
720 2000 797 2045 stat
824 2001 867 2045 in
903 1999 1035 2045 altare
1070 2017 1157 2044 una
1181 1997 1235 2044 de
1271 1999 1338 2044 sex
1370 1997 1544 2058 hydriis,
1577 2014 1683 2059 quas
1723 1998 1943 2042 Dominus

559 2069 730 2117 iusserat
754 2071 933 2134 implere
959 2088 1088 2133 aqua,
1120 2072 1164 2115 ὃς
1190 2071 1233 2115 in
1253 2071 1404 2116 vinum
1432 2069 1549 2115 verse
1568 2069 1678 2126 sunt,
1713 2070 1757 2113 &
1788 2066 1842 2113 de
1869 2068 1942 2113 illo

561 2145 998 2189 communicaverunt
1016 2144 1160 2189 vinos<
1170 2143 1320 2189 Unum
1336 2140 1454 2186 diem
1474 2140 1646 2185 fuerunt
1663 2139 1762 2185 illic.
1779 2139 1825 2184 Et
1842 2138 1944 2185 inde

561 2231 790 2279 pergentes
809 2231 1021 2261 venerunt
1038 2213 1094 2260 acl
1112 2230 1312 2258 montem
1326 2216 1364 2257 ‘T
1362 2216 1473 2268 abor,
1492 2210 1565 2257 ubi
1579 2211 1799 2256 Dominus
1814 2211 1944 2256 trans-

561 2287 766 2350 figuratus
792 2287 861 2331 est.
896 2284 954 2330 lbi
978 2286 1035 2331 est
1057 2302 1174 2331 nunc
1198 2285 1507 2330 monasterium
1533 2283 1872 2340 monachorum,
1898 2283 1943 2327 ὃς

563 2357 738 2404 ecclefia
755 2358 954 2403 Domino
975 2357 1225 2403 consecrata
1248 2358 1293 2401 ὅ(
1318 2354 1438 2401 Moisi
1463 2357 1509 2401 ὃ(
1528 2355 1666 2401 Helie.
1688 2354 1808 2399 Erilli
1833 2354 1946 2401 cives

566 2432 797 2476 nominant
813 2429 935 2475 illum
958 2430 1108 2475 locum
1135 2434 1235 2491 oAge
1259 2447 1399 2480 mons]
1429 2428 1515 2473 illic
1540 2426 1737 2473 orabant.

612 2638 643 2660 a.
661 2627 745 2667 Mb„
764 2628 800 2659 C.
816 2624 1068 2658 conceffum.—-
1085 2625 1212 2665 b.Mb.,
1297 2625 1330 2657 C.
1354 2624 1525 2657 Chanaan.
1540 2643 1580 2648 —
1594 2624 1615 2657 f.
1637 2624 1698 2657 Hic
1716 2622 1827 2666 incipit
1845 2623 1880 2655 R.
1902 2642 1947 2646 ——

566 2682 599 2713 C.
621 2679 736 2712 multa.
759 2699 801 2703 —
826 2691 854 2712 c.
879 2678 1007 2712 ‘Titulus
1021 2680 1056 2711 d.
1077 2678 1110 2711 in
1129 2679 1213 2718 Mb„
1296 2689 1328 2721 g.
1348 2677 1393 2709 al.
1414 2677 1538 2709 vinum.

567 2736 601 2767 C.
622 2754 667 2757 —
693 2733 724 2766 d.
747 2734 816 2766 Mb.
833 2744 920 2765 nunc
941 2732 994 2765 est.
1013 2752 1057 2756 —
1077 2744 1104 2765 e.
1126 2731 1213 2771 Mb„
