2216 3435
780 293 1072 327 PRAEFATIO.
1492 284 1615 330 xxxix

251 438 505 496 Tuscanorum
524 437 719 490 ignaviam
741 438 960 493 acerbiffime
991 439 1184 492 vituperet.
1210 439 1332 493 Quod
1343 440 1384 494 fi
1413 441 1614 497 verisimile

237 504 303 559 stt,
324 510 507 544 auctorem
528 503 676 556 equitem
694 503 809 559 fuzſje
839 505 919 556 regi
943 503 1009 543 vel
1033 503 1146 544 alicui
1164 505 1343 544 baronum
1364 506 1612 558 familiarem,

244 568 388 607 minime
404 568 614 621 putandum
631 569 689 623 est,
707 569 897 622 eumfonte
912 569 1032 621 aliquo
1045 568 1158 608 latino
1165 570 1339 626 sermone
1342 570 1487 628 scripto
1506 573 1611 630 usum

226 631 368 687 'fuiſj'e‚
398 633 468 687 sed
494 632 538 671 P.
560 633 732 686 Meyero,
760 634 1015 686 grammatica
1043 634 1205 686 quadam
1236 635 1375 674 ratione
1396 635 1470 692 uso,
1490 647 1501 667 1
1529 652 1612 676 con-

235 697 443 754 sentientes,
466 698 771 752 verfimillimum
796 699 866 753 ff?
882 697 1074 755 censemus,
1095 699 1207 738 textui
1227 701 1344 753 nostro
1361 700 1504 756 subff'
1515 701 1612 754 fon-

242 771 324 812 tem,
358 763 406 802 ab
440 763 553 814 equite
584 764 738 815 quodam
758 763 904 817 gallico
920 764 1095 818 sermone
1111 764 1312 821 scriptum,
1347 779 1449 817 quem
1478 774 1611 804 textum

243 841 268 865 a
283 828 480 880 peregrino
497 828 651 880 quodam
667 828 909 881 provinciali,
917 828 1085 883 fortaffl
1105 827 1269 877 clerico,
1288 827 1325 866 in
1341 829 1612 880 provincialem

242 889 407 942 linguam
435 892 601 950 versum,
635 908 658 932 a
688 907 754 945 quo
784 891 956 949 clausula
976 891 1107 948 supra
1141 892 1301 932 laudata
1335 892 1511 933 adiuncta
1543 895 1612 949 ff

243 956 432 996 videatur.

297 1019 382 1060 Hoc
401 1037 493 1062 vero
500 1024 609 1076 fonte
624 1021 839 1076 principali,
859 1020 1005 1075 gallico
1015 1021 1188 1077 sermone
1195 1019 1353 1076 scripto,
1382 1036 1464 1073 quae
1493 1022 1612 1081 chris-

241 1085 336 1126 tiani
355 1085 469 1142 usque
490 1089 544 1129 ad
558 1104 585 1128 v
606 1089 697 1128 diem
705 1087 957 1142 februarium
985 1086 1157 1127 MCCX
1154 1086 1200 1124 X
1224 1087 1427 1141 gffrunt,
1454 1089 1610 1128 contine—

242 1151 393 1202 bantur,
424 1168 534 1205 neque
567 1163 687 1193 tamen
721 1151 961 1205 chronologico
994 1151 1119 1190 ordine
1145 1149 1331 1208 dispostta,
1353 1151 1415 1204 qui
1438 1151 1474 1190 in
1506 1152 1610 1206 frag-

241 1226 380 1255 mento
399 1217 476 1274 ipso
491 1217 606 1271 plane
625 1217 846 1270 negligatur.
867 1216 985 1268 Eques
1014 1216 1142 1267 noster,
1163 1230 1397 1268 quaecumque
1417 1232 1459 1255 ex
1478 1217 1610 1258 diariis

235 1283 532 1336 peregrinorum,
563 1284 778 1324 clericorum
810 1285 854 1323 ἐϋ
874 1283 1030 1336 equitum
1063 1298 1254 1335 congerere
1282 1292 1433 1336 poterat
1462 1285 1506 1324 Εἴ
1537 1285 1611 1340 ipse

240 1348 446 1388 audiverat
463 1349 531 1388 vel
542 1349 707 1398 viderat,
728 1347 946 1405 conscripsit,
966 1362 1076 1400 neque
1095 1347 1138 1397 ei,
1157 1357 1272 1387 morte
1290 1348 1360 1388 vel
1371 1347 1492 1402 aliquo
1511 1348 1612 1387 modo

239 1412 419 1465 impedito,
440 1412 534 1453 hanc
561 1415 758 1453 materiam
788 1413 918 1451 rudem
953 1413 997 1451 δ’
1015 1412 1228 1467 indigestam
1247 1412 1285 1451 in
1320 1414 1481 1452 ordinem
1510 1413 1610 1452 redi—

233 1492 324 1529 gere
343 1476 457 1517 licuit.
477 1478 517 1517 Si
530 1493 620 1518 vero
637 1477 706 1518 hac
719 1478 757 1517 in
772 1493 813 1517 re
827 1491 896 1516 non
913 1478 1141 1528 erravimus,
1158 1494 1199 1517 ex
1220 1493 1255 1517 eo
1274 1478 1373 1530 quod
1388 1494 1412 1518 a
1420 1478 1609 1534 scriptore

238 1540 369 1581 horum
389 1543 731 1583 commentariorum
751 1541 942 1593 nonnulla,
962 1557 1044 1594 quae
1062 1542 1219 1592 Ernoul,
1248 1542 1428 1582 Iohannes
1447 1543 1488 1582 de
1514 1541 1608 1582 Tul-

240 1606 300 1646 bia
320 1608 364 1646 &³
387 1607 582 1648 oliverius
603 1608 785 1661 referunt,
813 1607 937 1665 iisdem
945 1607 1038 1660 fere
1057 1607 1183 1647 verbis
1204 1617 1432 1660 repetuntur,
1451 1607 1609 1661 intelligi

232 1673 356 1724 potest,
389 1671 482 1711 hunc
502 1672 651 1724 equitem
665 1687 798 1725 genere
822 1673 866 1712 Εἴ
887 1671 1084 1712 alacritate
1103 1673 1141 1711 in
1170 1681 1237 1712 toto
1263 1674 1421 1712 exercitu
1438 1674 1610 1729 fortaffi

237 1736 464 1794 conspicuum
484 1738 527 1777 [9⁹
548 1737 707 1776 omnibus
728 1735 964 1789 placabilem,
997 1737 1156 1777 maximo
1169 1737 1297 1791 studio
1317 1738 1473 1790 undique
1491 1747 1608 1779 mate-

237 1799 336 1839 riam
359 1800 477 1857 suam
512 1801 697 1856 petivzſje,
729 1802 772 1841 δέ
803 1800 1010 1840 liberaliter
1044 1802 1237 1857 accepiffe3
1276 1802 1384 1841 multi
1415 1802 1506 1842 enim
1541 1802 1610 1855 alij

227 1864 445 1922 scriptores,
478 1880 560 1917 quae
599 1865 681 1905 aliis
708 1865 837 1904 debent
863 1867 1083 1916 auctoribus,
1116 1866 1245 1923 eisdem
1270 1868 1396 1908 verbis
1429 1877 1610 1921 repetunt,

237 1928 333 1968 nihil
351 1930 440 1970 novi
455 1930 624 1970 addentes
635 1950 650 1976 ‚·
666 1930 913 1983 plurimaeque
934 1930 1088 1983 epistolae
1099 1931 1141 1969 de
1152 1931 1275 1970 eadem
1296 1947 1349 1982 re,
1364 1956 1416 1960 —
1432 1941 1473 1972 ut
1490 1948 1607 1972 exem-

233 1993 338 2046 plum
357 1993 579 2047 afferamus,
593 1995 636 2034 de
658 1993 857 2034 Ulixibona
869 1993 930 2033 M
929 1994 1009 2033 CX
1007 1993 1041 2033 L
1051 1993 1136 2035 VII
1149 2004 1292 2048 capta,2
1304 2019 1354 2024 -——
1364 1996 1460 2035 inter
1459 1996 1507 2053 se
1519 1996 1614 2036 nihil

238 2057 423 2111 differunt
439 2059 508 2114 nist
520 2060 557 2099 in
550 2059 764 2117 scriptione.

290 2122 328 2162 Si
347 2123 424 2176 quis
445 2139 534 2163 vero
554 2133 718 2176 quaerat,
739 2140 892 2177 quorum
918 2124 1131 2178 insontium
1158 2124 1296 2175 ordine,
1314 2123 1501 2178 Quintum
1533 2125 1608 2165 bel-

237 2187 314 2227 lum
319 2187 482 2245 sacrum
488 2189 751 2246 speetantium,
772 2189 1063 2244 Fragmentum
1079 2190 1240 2244 nostrum
1251 2190 1457 2243 ponendum
1461 2189 1526 2245 stt,
1546 2190 1607 2230 hoc

238 2251 308 2291 loco
341 2253 717 2293 animadvertendum
751 2255 820 2310 effi
845 2263 1035 2308 putamus,
1048 2253 1175 2307 fontes
1202 2253 1428 2307 principales
1454 2253 1491 2292 in
1519 2255 1607 2296 duos

233 2317 374 2357 ordines
392 2319 519 2358 dividi
536 2320 669 2375 neceſje
689 2320 771 2374 effi,
792 2328 907 2372 utpote
927 2318 1018 2358 enim
1040 2318 1107 2358 vel
1118 2334 1142 2358 a
1157 2317 1326 2369 clericis,
1346 2318 1413 2358 vel
1428 2319 1475 2358 ab
1490 2321 1605 2374 equi-

238 2381 344 2422 tibus
365 2382 558 2440 conscripti
567 2383 658 2438 stnt.

290 2446 440 2487 Priores
487 2463 743 2489 enumeramus
789 2464 853 2499 eos,
902 2448 964 2501 qui
1002 2449 1039 2488 in
1079 2450 1257 2503 praetorio
1289 2451 1443 2491 domini
1487 2450 1605 2504 legati

233 2511 342 2566 ipstus
362 2512 525 2565 confetti,
545 2527 627 2565 quae
646 2513 701 2553 hic
720 2514 815 2554 dixit
830 2515 874 2554 ἔθ’
895 2514 975 2567 egit,
994 2515 1037 2554 {9³
1062 2515 1254 2568 peregrini
1280 2516 1391 2556 latini
1403 2517 1607 2572 gaeeffi’runt,

286 2667 296 2686 ι
331 2654 412 2688 Bibl.
441 2655 481 2687 de
508 2654 621 2689 I'Ecole
647 2657 703 2689 des
728 2657 876 2698 Chartes,
960 2670 1029 2691 von
1056 2656 1209 2700 Liffabon,
1244 2670 1344 2701 1147,
1374 2659 1482 2700 Hane,
1518 2663 1601 2701 1875

236 2711 336 2750 1877,
353 2720 385 2753 p.
409 2720 486 2751 509.
960 2710 1056 2755 (Βιβ
1076 2711 1220 2756 inaug),
1240 2723 1270 2756 p.
1290 2725 1322 2753 4.

280 2774 299 2794 2
326 2761 438 2795 Ulrich
453 2761 598 2803 Cosack,
616 2761 676 2795 Die
687 2762 876 2807 Eroberung
