2216 3435
719 286 985 320 BERNARDI
1020 285 1275 317 MONACHI.
1584 286 1607 337 3
1626 289 1677 336 19

306 453 391 499 ego
422 451 525 482 vero
549 445 566 462 α
595 434 741 496 postea
764 435 862 480 veni
878 434 894 462 [⁷
922 432 979 479 ad
1012 435 1197 478 Sanc‘lum
1220 433 1479 477 michaelem
1505 433 1557 475 ad
1579 433 1680 475 duas

307 510 492 564 Tumbas,
529 506 603 568 qui
631 504 753 550 locus
788 504 846 549 est
881 503 975 550 situs
1003 505 1047 548 in
1077 518 1243 560 monte,
1280 503 1355 565 qui
1378 501 1613 564 porrigitur
1635 501 1679 544 in

307 596 425 623 mare
452 594 528 638 per
558 574 664 620 duas
689 576 844 621 leucas.
863 585 875 603 ⁶
912 578 954 620 ln
979 575 1223 620 summitate
1247 574 1365 618 cuius
1381 572 1402 600 d
1415 573 1578 617 montis
1623 572 1681 616 est

306 647 479 695 ecclesia
518 648 563 691 in
599 646 767 691 honore
798 647 930 691 lancli
955 645 1187 704 Michaelis,
1213 646 1257 690 &
1290 645 1335 689 in
1370 643 1546 688 circuitu
1573 642 1680 687 illius

306 719 467 765 montis
505 716 722 763 redundat
748 729 759 745 ⁶
785 735 901 763 mare
938 717 1099 763 cotidie
1135 716 1301 762 duabus
1330 714 1509 773 vicibus,
1544 713 1589 759 id
1624 713 1681 758 est

304 807 433 836 mane
451 792 496 836 ὃς
513 791 701 852 vespere,
726 792 771 835 ὃς
789 806 880 835 non
903 788 1079 851 poffunt
1103 788 1302 833 homines
1327 786 1446 832 adire
1466 800 1680 841 montem,

304 859 448 906 donec
484 879 601 906 mare
637 859 903 906 recesserim
931 863 973 905 ln
1011 861 1235 906 festivitate
1271 875 1416 904 autem
1442 856 1576 902 sanffl
1607 856 1682 900 Mi-

304 931 461 977 chaelis
485 932 765 995 coniungitur
791 949 908 976 mare
931 932 974 977 in
994 930 1283 976 redundando
1304 931 1348 975 in
1371 929 1548 974 circuitu
1572 927 1681 972 illius

304 1004 479 1060 montis,
516 1002 588 1048 sed
613 1003 691 1048 stat
720 1002 809 1048 adg
826 1003 953 1047 instar
976 1019 1200 1047 murorum
1225 1020 1249 1047 a
1280 1000 1436 1046 dextris
1460 1002 1504 1044 ὃς
1525 1017 1549 1044 a
1566 997 1681 1043 finis-

304 1075 385 1120 tris.
418 1074 463 1120 Et
486 1075 529 1120 in
554 1075 644 1137 ipsa
678 1072 747 1119 die
776 1074 990 1136 solempni
1013 1072 1194 1136 poffunt
1220 1089 1374 1118 omnes
1416 1072 1681 1132 quicumque

303 1145 359 1190 ad
401 1147 644 1191 orationem
687 1146 897 1204 venerint,
922 1144 1126 1191 omnibus
1162 1144 1278 1189 horis
1313 1142 1430 1188 adire
1466 1158 1681 1200 montem,

304 1216 427 1278 quod
462 1233 609 1263 tamen
649 1217 738 1262 aliis
774 1233 863 1262 non
889 1215 1067 1279 poffunr
1093 1214 1291 1261 diebusst
1322 1213 1380 1260 lbi
1414 1215 1424 1242 ἱ
1456 1214 1514 1259 est
1547 1211 1681 1259 abbas

303 1286 647 1333 Phinimontiusj
669 1288 795 1332 Brito.

368 1359 510 1405 ΧΧΙΙΙ.
547 1357 750 1404 Tandem
788 1375 873 1421 ego
909 1358 1011 1403 dico
1033 1360 1047 1387 k
1077 1356 1216 1417 vobis,
1259 1355 1491 1420 quomodo
1533 1372 1681 1401 tenent

304 1430 535 1476 Christiani
565 1430 710 1493 legem
745 1430 829 1474 Dei
859 1427 942 1476 slve
975 1430 1019 1476 in
1056 1430 1284 1491 Ierusalem,
1320 1427 1402 1475 five
1429 1429 1473 1473 in
1508 1432 1679 1489 Egypto.

305 1501 536 1547 Christiani
557 1516 702 1546 autem
726 1500 738 1528 l
757 1502 801 1545 ὃς
825 1501 986 1564 pagani
1005 1500 1173 1546 talemm
1197 1517 1356 1562 pacem
1381 1501 1490 1544 inter
1512 1499 1553 1544 se
1571 1497 1681 1561 poli-

302 1588 392 1618 tam
421 1570 582 1617 habent
602 1570 675 1627 ibi,
703 1587 748 1616 ut
764 1582 780 1599 '²
798 1569 824 1616 si
844 1573 923 1617 iter
946 1589 1123 1635 agerem
1138 1573 1183 1617 &
1204 1572 1247 1617 in
1271 1572 1421 1617 itinere
1444 1572 1537 1633 ipso
1564 1586 1681 1615 mor-

304 1660 396 1689 tuus
424 1645 549 1689 fuerit
573 1661 692 1689 meus
720 1643 910 1689 camelus
932 1659 1006 1688 aut
1021 1654 1033 1671 ⁰
1057 1642 1210 1702 astutis,
1248 1644 1323 1705 qui
1347 1660 1492 1689 meam
1516 1657 1683 1707 gereret

300 1731 615 1779 paupertatem,
640 1717 685 1761 ὃς
708 1713 768 1760 ibi
798 1715 1086 1777 relinquerem
1104 1717 1255 1761 omnia
1273 1733 1371 1761 mea
1390 1713 1475 1760 fine
1505 1713 1683 1760 custode

301 1788 346 1832 ὃς
368 1788 491 1833 ierim
515 1786 571 1833 ad
597 1788 816 1834 civitatem
835 1803 1015 1850 propter
1036 1795 1057 1828 P
1080 1787 1227 1847 alium,
1259 1805 1345 1851 ego
1372 1804 1474 1832 cum
1498 1785 1682 1844 rediero,

301 1859 452 1903 omnia
475 1875 573 1904 mea
589 1857 703 1903 illesa
726 1858 968 1918 inveniam3
1000 1859 1093 1904 talis
1117 1876 1201 1922 pax
1220 1859 1277 1904 est
1295 1857 1366 1905 ibi.
1392 1860 1450 1903 At
1468 1856 1496 1902 fi
1514 1859 1558 1903 in
1578 1859 1680 1904 civi-

301 1944 386 1974 tate
410 1945 484 1975 aut
510 1930 553 1974 in
578 1945 719 1992 ponto
743 1945 817 1974 aut
846 1930 889 1974 in
914 1930 1064 1975 itinere
1089 1929 1238 1991 aliquo
1263 1930 1509 1976 invenerint
1539 1928 1681 1974 homi-

300 2016 402 2045 nem
419 2012 435 2040 9
465 1998 763 2046 ambulantem
787 2017 864 2063 per
889 2003 1067 2045 nocstem
1092 2000 1161 2047 vel
1180 2002 1310 2046 etiam
1332 2018 1408 2064 per
1434 1999 1565 2060 diem,
1590 2018 1682 2048 non

300 2070 534 2118 habentem
558 2071 768 2117 cartulam
799 2071 991 2133 aliquam
1015 2089 1088 2118 aut
1111 2072 1295 2137 figillum
1327 2085 1341 2101 Υ
1364 2072 1538 2118 alicuius
1572 2072 1682 2135 regis

300 2142 369 2188 vel
393 2143 599 2205 principis
625 2159 733 2188 terre
762 2142 885 2201 illius,
911 2142 1025 2188 illico
1050 2142 1220 2190 iubetur
1244 2142 1406 2190 recludi
1439 2154 1449 2172 ⁵
1471 2143 1516 2188 in
1541 2160 1681 2189 carce-

299 2231 406 2274 rem,
429 2213 578 2277 quoad
598 2214 731 2276 usque
752 2214 897 2260 veniat
920 2212 1024 2274 dies,
1053 2222 1062 2243 ²
1086 2232 1175 2277 quo
1201 2214 1328 2278 poffit
1350 2213 1532 2261 reddere
1550 2216 1680 2260 ratio-

301 2302 404 2331 nem
429 2302 573 2331 utrum
597 2283 644 2330 {it
669 2284 931 2347 explorator,
957 2300 1032 2330 aut
1055 2285 1138 2331 tale
1162 2285 1339 2348 aliquid.

365 2357 517 2403 XXIV.
554 2361 823 2403 ssenevemani
857 2357 1104 2419 principem
1145 2359 1267 2403 suum
1307 2357 1562 2404 Sichardum
1603 2374 1680 2420 per
1698 2368 1913 2398 Beneventum-

345 2532 376 2552 a.
399 2520 433 2553 L.
455 2519 607 2553 enim.—
621 2521 652 2552 b.
671 2519 732 2553 loco
752 2520 782 2552 in
803 2519 872 2552 hac.
894 2545 900 2552 .
917 2545 945 2553 ..
1029 2523 1053 2565 j.
1075 2523 1108 2555 L.
1128 2520 1371 2555 Phimnontius.
1393 2541 1434 2546 —
1455 2522 1487 2554 k.
1502 2521 1578 2554 dico
1597 2510 1680 2553 Asin

299 2573 370 2607 veni
400 2574 500 2606 habet
532 2574 581 2605 M.
607 2572 683 2606 inde
706 2581 876 2606 venerunt.
903 2592 948 2596 —
1034 2576 1081 2616 L.‚
1106 2576 1139 2607 V.
1163 2596 1206 2599 -—-
1233 2575 1250 2607 Ι.
1272 2582 1383 2607 autem
1407 2575 1439 2607 d.
1458 2573 1491 2607 in
1510 2575 1557 2615 L.‚
1580 2575 1617 2606 V.
1635 2592 1680 2596 —

299 2639 328 2659 (·.
352 2627 387 2658 V.
408 2625 532 2669 leugas,
548 2645 590 2649 —
610 2625 644 2658 d.
672 2626 720 2658 M.
735 2627 767 2658 d.
780 2625 885 2658 cuius.
904 2644 946 2648 —-
1034 2640 1076 2661 m.
1097 2628 1196 2661 talem
1216 2629 1248 2661 d.
1267 2628 1300 2661 in
1317 2629 1363 2670 L.‚
1382 2629 1420 2661 V.
1446 2647 1486 2651 —
1508 2639 1540 2659 n.
1560 2627 1594 2660 L.
1611 2626 1679 2659 ubi.

300 2692 325 2712 e.
350 2680 381 2711 L.
403 2678 620 2711 redundatur.
646 2698 691 2702 ——
721 2678 741 2711 f.
762 2680 810 2712 M.
833 2678 949 2711 disces·
1035 2702 1078 2706 —
1097 2694 1126 2715 ο,
1150 2683 1185 2715 L,
1203 2690 1328 2714 autem,
1345 2700 1380 2705 -—
1402 2693 1432 2725 p.
1454 2681 1487 2713 L.
1508 2691 1621 2724 prope.
1637 2699 1678 2703 —

300 2732 383 2766 serit-
406 2752 447 2756 —
464 2744 496 2776 g·
510 2732 550 2764 ad
566 2731 644 2764 d·1'n
657 2733 706 2765 M·
723 2750 763 2755 -
777 2731 806 2764 h·
825 2732 949 2765 Caetera
1034 2748 1068 2779 q.
1087 2736 1120 2768 L.
1133 2736 1212 2768 add.
1227 2734 1437 2779 aliquem.—
1452 2745 1475 2767 r.
1494 2734 1526 2766 F.
1542 2733 1678 2777 signum.

298 2786 403 2820 omniu
423 2785 540 2828 dcsunt
558 2784 591 2817 in
605 2786 653 2818 M·
674 2805 718 2809 --
739 2785 756 2817 ἰ-
779 2786 811 2817 F·
825 2784 891 2818 ubi·
905 2803 949 2807 —
1037 2808 1078 2813 -
1099 2800 1123 2820 S.
1145 2790 1177 2822 F.
1196 2788 1373 2821 recudi.—
1398 2796 1420 2820 t.
1436 2789 1471 2820 F.
1489 2794 1630 2832 tempus,
