2216 3435
634 282 685 315 IN
712 281 976 314 OBSIDIONE
1004 280 1267 313 DAMIATE.
1547 263 1600 310 16
1612 281 1626 310 1

274 504 340 544 ‘De
365 501 571 544 undecimo
598 503 855 559 Paganorum
888 500 1054 542 adventu
1084 496 1123 540 ὃ*
1142 498 1375 556 perdicione
1404 494 1632 555 nostrorum.
1660 519 1744 548 1219.

107 651 127 681 f.
148 653 201 682 181
221 653 246 681 b.
333 640 490 686 XLVII.
530 642 573 684 ln
603 638 672 685 die
707 641 964 686 Sandiorum
988 639 1151 684 Cosme
1176 641 1221 684 ὅ(
1246 640 1452 685 Damiani
1485 641 1639 685 iterum
1659 648 1736 686 Sept·
1754 657 1801 684 27-

266 728 476 756 venerunt
498 729 597 757 ante
619 712 810 756 nostrum
836 709 1056 768 fossatum,
1079 712 1123 756 &
1143 711 1270 772 pauci
1295 709 1348 755 de
1367 711 1516 756 nostris
1542 728 1636 756 exe-

266 798 389 827 untes
425 783 512 827 cito
548 781 673 827 occisi
702 783 797 827 sunt
821 780 875 827 ab
901 782 970 826 eis.
1010 785 1051 826 In
1076 782 1169 843 ipso
1206 781 1274 826 die
1299 780 1506 826 volebant
1539 799 1640 826 cum

265 850 398 897 herba
433 853 627 898 nostrum
663 853 843 915 implere
880 850 1084 897 fossatum
1113 854 1158 897 ὃς
1188 870 1264 914 pre
1301 851 1452 898 validis
1482 852 1639 898 vitibus

264 923 389 986 super
421 941 502 968 nos
540 925 698 969 venire.
747 926 874 969 Tunc
910 922 998 967 duo
1035 940 1085 968 ex
1119 923 1197 968 illis
1233 940 1433 968 exeuntes
1467 922 1522 968 ad
1560 941 1639 969 nos

266 992 491 1040 dixerunt:
531 997 568 1040 O
594 997 828 1054 Christiani,
849 997 967 1052 firmi
999 998 1138 1054 estote!
1174 999 1249 1057 Ipfi
1273 999 1374 1039 enim
1399 996 1536 1040 volunt
1558 999 1639 1055 ves·

264 1081 364 1109 trum
405 1067 569 1126 implere
592 1067 789 1125 foffatum
824 1066 863 1109 ὅ)
902 1082 991 1110 ante
1026 1083 1095 1111 vos
1127 1068 1211 1110 dies
1246 1069 1331 1110 oc‘lo
1351 1071 1475 1125 stare,
1504 1068 1641 1128 sedfi

264 1138 383 1181 modo
404 1139 624 1181 habueritis
644 1139 869 1191 vifloriam,
895 1153 1038 1181 terram
1061 1140 1317 1197 Paganorum
1338 1139 1512 1181 obtinere
1525 1154 1639 1198 pote-

263 1210 359 1250 ritis
398 1224 538 1252 totam.
579 1208 707 1269 igitur
743 1223 879 1267 quum
913 1208 1331 1268 appropinquaverit
1364 1208 1510 1268 gracia
1543 1209 1640 1266 Dei,

265 1275 470 1322 fossatum
489 1278 697 1333 nostrum,
725 1294 831 1335 non,
854 1294 899 1322 ut
917 1293 1262 1340 preparaverant,
1288 1278 1467 1340 implere
1486 1296 1640 1341 potue-

265 1364 374 1394 runt.
400 1349 527 1393 Tunc
549 1365 775 1394 erexerunt
798 1348 965 1394 castella
997 1347 1052 1394 de
1074 1349 1217 1412 lignis,
1244 1365 1395 1394 contra
1421 1366 1501 1394 nos
1530 1350 1640 1411 pres-

266 1419 462 1465 tolantes.

330 1490 573 1535 XLVIII-LI.
613 1489 825 1552 Quinque
850 1506 995 1534 autem
1031 1488 1085 1534 de
1109 1490 1274 1545 nostris,
1312 1491 1428 1535 malo
1455 1490 1511 1536 ufi
1536 1509 1640 1537 con-

264 1559 369 1619 filio,
409 1561 596 1623 pecunia
630 1558 684 1605 ab
727 1561 785 1606 eis
828 1577 1024 1623 accepta,
1062 1562 1309 1606 iuraverunt
1349 1563 1422 1619 eis,
1457 1579 1641 1624 pontem

265 1631 306 1676 se
348 1631 541 1676 nostrum
577 1632 905 1693 interrupturOS,
941 1632 985 1676 &
1025 1632 1083 1676 ita
1110 1633 1331 1678 Sarraceni
1372 1650 1474 1678 cum
1511 1634 1644 1697 galeis

266 1703 486 1748 civitatem
524 1703 801 1748 intraverunt.
848 1704 966 1748 Deus
991 1720 1152 1761 autem,
1189 1705 1322 1749 sciens
1347 1705 1643 1767 cogitaciones

266 1772 513 1831 hominum,
538 1774 759 1836 inspiravit
783 1774 856 1817 uni
881 1772 934 1819 de
960 1773 1038 1818 ilhs
1057 1773 1360 1836 penitudinem
1385 1774 1543 1833 deliffl,
1569 1776 1643 1837 qui

268 1842 487 1889 confeffus
508 1844 565 1889 est
583 1844 681 1889 hoc.
710 1846 751 1888 ln
776 1844 857 1889 alia
876 1844 1005 1906 igitur
1030 1843 1099 1889 die
1119 1845 1364 1902 Christiani,
1388 1862 1488 1890 cum
1508 1863 1641 1891 manu

268 1913 410 1960 valida
446 1930 662 1972 exeuntes,
704 1913 1031 1959 combusserunt
1069 1914 1248 1960 herbam
1284 1917 1544 1972 Sanacenis,
1594 1935 1644 1962 ex

270 2000 372 2030 tunc
408 1984 667 2031 abeuntibus
702 2001 802 2029 cum
837 1985 1006 2030 tristicia
1036 1985 1249 2047 nobisque
1282 1986 1439 2048 placita
1473 1986 1644 2033 firmare

268 2055 530 2116 volentibus,
555 2073 609 2102 eo
638 2055 760 2117 quod
786 2057 903 2101 Deus
928 2054 1109 2102 visitaret
1134 2056 1308 2118 plebem
1332 2057 1462 2103 suam.

662 2202 728 2243 ‘De
751 2202 937 2261 occifione
964 2201 1237 2259 Paganorum.

334 2342 505 2387 L11-L111.
529 2343 573 2385 ln
592 2340 697 2385 festo
717 2340 932 2386 Omnium
958 2342 1213 2386 Samiorum
1238 2340 1410 2402 Pagani,
1435 2340 1643 2400 videntes,
1664 2360 1741 2388 Nov.
1764 2370 1786 2389 ι.

271 2410 392 2475 quod
429 2429 519 2457 non
554 2427 757 2474 poterant
791 2412 1009 2457 civitatem
1042 2412 1237 2468 retinere,
1278 2410 1484 2458 volebant
1518 2411 1644 2458 nobis

271 2483 436 2530 tradere
457 2500 568 2542 eam,
606 2500 742 2545 quum
764 2484 845 2528 Dei
865 2484 1061 2545 potentia
1082 2483 1139 2527 ita
1163 2480 1384 2545 affligebat
1407 2500 1496 2541 eos,
1523 2484 1643 2545 quod

270 2557 339 2601 vix
361 2555 514 2616 aliquis
537 2555 582 2599 in
617 2555 789 2600 civitate
821 2553 981 2614 abique
1006 2554 1127 2616 gravi
1157 2553 1368 2616 languore
1392 2571 1491 2600 erat.
1527 2556 1644 2601 Exie-

271 2641 369 2670 runt
403 2626 546 2687 itaque
584 2624 673 2670 duo
709 2626 892 2682 amirarij
934 2623 987 2669 de
1029 2624 1200 2668 civitate
1238 2625 1283 2669 ὅ(
1319 2623 1374 2668 ad
1410 2626 1644 2669 tentorium

273 2694 442 2740 domini
468 2695 600 2758 legati
618 2697 663 2740 ὃς
681 2697 792 2758 regis
817 2696 1037 2740 venientes
1061 2694 1194 2739 locuti
1219 2694 1313 2739 sunt
1334 2695 1406 2752 eis,
1432 2696 1553 2740 tertia
1578 2695 1646 2740 die

275 2765 502 2812 tradituros
527 2766 567 2811 se
591 2766 842 2811 Christianis
867 2767 1099 2811 civitatem.
1141 2764 1222 2811 Sed
1251 2766 1374 2810 tertio
1401 2764 1484 2823 die,
1521 2765 1565 2810 id
1590 2767 1646 2810 est

1420 2867 1456 2887 21
