2216 3435
555 272 962 307 CRUCIGERORUM
998 273 1375 306 RHENANORUM.
1590 275 1637 324 51

1690 415 1765 444 1219

274 416 556 482 exigentibus,
580 418 624 462 in
655 415 954 463 decollacione
978 415 1095 462 beati
1113 417 1293 478 Baptiste
1315 416 1528 474 Iohannis,
1549 417 1648 463 licet
1666 449 1746 486 Aug,
1762 456 1811 486 29,

274 491 344 537 vix
360 489 668 546 invenirentur,
702 488 775 549 qui
797 489 842 532 in
867 488 1100 533 castrorum
1135 486 1326 532 custodia
1361 505 1647 548 remanerent,

274 559 475 606 navalem
514 560 559 604 &
594 559 830 604 terrestrem
864 559 1097 603 exercitum
1132 558 1327 619 equitum
1366 559 1411 603 ὃς
1452 557 1651 620 peditum

275 630 521 687 educentes,
567 628 623 674 ad
663 627 1002 688 Babyloniorum
1049 628 1180 673 castra
1229 627 1503 673 tenderemus
1542 630 1652 675 inter

275 718 391 746 mare
416 702 461 745 ὃ(
483 698 678 758 fluvium,
698 698 770 745 ubi
794 699 930 745 dulcis
956 716 1070 761 aqua
1093 700 1264 761 reperiri
1290 716 1381 744 non
1400 716 1572 761 poterat
1596 698 1651 745 ad

276 768 539 832 potandum.

343 839 417 903 Ipsi
440 859 561 901 vero,
586 840 758 887 sublatis
778 842 988 898 tentoriis,
1015 841 1166 904 fugam
1186 839 1442 886 simulabant
1466 841 1525 897 &‚
1552 857 1652 885 cum

274 911 523 975 proceffum
546 911 687 958 fuisset
704 931 728 957 a
747 913 897 958 nostris
916 911 1043 971 adeO,
1064 928 1109 957 ut
1125 928 1368 974 appareret,
1388 910 1652 957 adversarios

277 983 437 1030 direnf’ta
471 984 612 1029 fronte
646 984 761 1029 nolle
791 982 1043 1047 confligere,
1080 983 1295 1045 capitanei
1320 983 1449 1028 nostri
1467 982 1654 1046 longum

277 1056 407 1100 iniere
426 1053 666 1113 confilium,
692 1072 836 1101 utrum
854 1055 1155 1117 procederent,
1182 1070 1236 1099 an
1258 1053 1469 1113 redirent,
1494 1052 1655 1100 discors

0 1139 83 1182 5v.‚f.
98 1148 129 1169 11
144 1143 181 1177 ro,
197 1148 256 1168 ω.
278 1143 366 1171 erat
390 1126 501 1170 inter
532 1142 606 1170 eos
642 1124 867 1171 discordia.
907 1128 1062 1171 lterum
1094 1125 1189 1169 sunt
1222 1124 1358 1170 solute
1382 1126 1492 1170 acies
1516 1141 1657 1186 preter

0 1190 1 1208 ¹
279 1196 479 1242 ordinem
496 1196 684 1254 illorum,
710 1213 820 1258 quos
840 1195 1160 1259 indisciplinata
1183 1196 1367 1241 militum
1384 1196 1534 1259 ligavit
1553 1194 1656 1240 obe·

279 1266 462 1325 diencia,
488 1268 650 1329 equites
675 1267 814 1329 Cypri
845 1267 887 1311 in
920 1267 1072 1312 dextro
1098 1284 1233 1312 cornu
1263 1268 1481 1312 constituti
1516 1268 1678 1314 Sarra-s

279 1340 409 1397 cenis,
444 1338 661 1383 incursum
698 1356 723 1383 a
756 1338 886 1383 latere
922 1337 1192 1397 facientibus,
1231 1337 1509 1383 timiditatem
1538 1338 1657 1382 suam

279 1407 571 1468 ostenderunt,
611 1408 740 1454 Italici
764 1408 931 1471 pedites
966 1410 1095 1471 primi
1133 1409 1335 1472 fugerunt
1369 1411 1413 1454 ὃς
1450 1409 1547 1471 post
1583 1424 1657 1453 eos

278 1481 442 1542 equites
467 1478 520 1525 de
540 1480 666 1526 variis
684 1478 940 1525 nacionibus
965 1482 1009 1525 ὅς
1035 1479 1214 1542 quidam
1234 1480 1495 1543 hospitalarij
1516 1480 1659 1525 Sanffl

5 1567 46 1605 3.,
62 1578 88 1606 p.
102 1567 173 1605 236,
189 1576 214 1595 c.
229 1575 259 1596 2.
278 1551 493 1607 Iohannis,
520 1550 668 1614 legato
687 1551 884 1596 Romane
909 1550 1018 1596 sedis
1043 1553 1088 1596 ὃς
1109 1551 1365 1612 patriarcha,
1392 1551 1465 1613 qui
1485 1568 1659 1595 crucem

278 1620 512 1681 baiulabat,
537 1623 723 1668 multum
744 1622 815 1668 sed
842 1623 985 1668 frustra
1010 1621 1364 1685 supplicantibus,
1403 1638 1448 1666 ut
1474 1620 1658 1668 subsiste-

277 1709 382 1740 rent.
409 1693 518 1738 Estus
538 1694 634 1739 solis
654 1709 744 1739 erat
761 1694 1016 1753 vehemens,
1036 1692 1203 1756 pedites
1221 1711 1443 1739 armorum
1463 1692 1659 1755 pondere

279 1763 597 1826 premebantur.
636 1765 845 1811 Calorem
869 1766 985 1809 auxit
1006 1764 1132 1810 labor
1155 1766 1236 1821 vie,
1274 1781 1333 1821 ut,
1355 1774 1366 1793 ¹
1404 1766 1477 1825 qui
1514 1765 1659 1810 secum

279 1836 430 1881 vinum
455 1835 709 1893 detulerant,
746 1837 791 1880 in
816 1836 1010 1898 angustia
1034 1834 1115 1880 fitis
1146 1852 1302 1897 purum
1327 1834 1525 1881 biberent
1553 1834 1657 1880 illud

278 1923 459 1970 propter
496 1906 716 1952 defetstum
752 1924 877 1968 aque.
923 1907 1002 1951 His
1043 1904 1244 1951 omnibus
1285 1905 1658 1960 concurrentibus,

281 1979 354 2040 qui
374 1976 634 2023 subsistentes
654 1978 694 2022 se
720 1975 1008 2022 defenderunt
1022 1979 1066 2022 ὅ(
1080 1977 1174 2039 post
1189 1977 1430 2038 primitivos
1450 1977 1659 2040 fugientes

279 2048 437 2094 anhelo
457 2049 577 2094 cursu
598 2065 719 2111 terga
736 2047 962 2106 dederunt,
989 2048 1163 2092 extintsti
1190 2047 1285 2091 sunt
1310 2047 1394 2092 sine
1416 2046 1659 2093 vulneribus

280 2136 538 2165 corruentes.
564 2120 652 2164 Rex
675 2136 778 2165 vero
804 2135 904 2163 cum
931 2119 1164 2180 templariis
1189 2119 1234 2162 ὃς
1260 2116 1399 2162 domo
1419 2118 1660 2164 Theutoni-

280 2208 433 2236 corum
456 2193 501 2236 ὃ(
519 2190 801 2252 hospitalariis
824 2190 966 2235 Sancffi
986 2189 1197 2247 iohannis,
1217 2190 1490 2252 francigene,
1518 2189 1657 2253 [cum]

280 2260 335 2307 de
358 2260 611 2319 Hollandia,
628 2270 646 2289 2
672 2260 726 2305 de
750 2260 913 2317 Wetia,
940 2259 994 2305 de
1018 2259 1285 2317 Salesburch,
1312 2259 1365 2305 de
1392 2261 1554 2306 Cestria
1584 2278 1660 2306 co-

280 2331 469 2391 mitibus,
490 2331 573 2395 [&]
587 2332 784 2378 Waltero
802 2330 1020 2390 Bernardi,
1041 2332 1172 2376 Pisani
1185 2331 1342 2392 aliique
1356 2332 1508 2376 milites
1524 2332 1660 2391 impe-

281 2420 374 2448 tum
406 2404 765 2466 persequencium
800 2403 1094 2461 sustinuerunt,
1134 2420 1203 2448 rex
1233 2419 1376 2448 autem
1405 2404 1518 2465 ignis
1543 2403 1661 2466 greci

283 2473 582 2521 combustione
606 2472 849 2519 admodum
886 2474 943 2519 est
972 2473 1248 2535 periclitatus.
1301 2474 1360 2518 l-li
1399 2490 1553 2518 omnes
1578 2490 1659 2535 pro

0 2561 89 2598 ³v.,f.
105 2569 136 2591 11
152 2570 264 2598 1⁰,c.2·
283 2563 408 2592 muro
424 2546 595 2592 fuerunt
609 2543 887 2608 fugientibus.
906 2545 1133 2607 Quociens
1147 2545 1265 2589 enim
1280 2545 1407 2590 facies
1423 2545 1512 2590 suas
1527 2545 1661 2590 osten-

284 2617 438 2663 derunt
451 2615 653 2676 hostibus,
673 2617 821 2681 fugere
836 2616 1157 2679 compulerunt,
1179 2614 1358 2678 quando
1373 2633 1476 2663 vero
1495 2615 1661 2680 gravati

338 2789 348 2810 1
376 2779 414 2813 V.
438 2778 474 2810 Εἴ
492 2778 524 2810 Β.
546 2777 588 2812 δι,
605 2797 644 2800 -
669 2789 686 2810 2
709 2776 1055 2814 V.&B.C011andia‚
