2216 3435
595 123 720 169 xxxiv
1138 133 1434 166 PRAEFATIO.

1259 347 1324 393 [Χ

748 457 890 491 BEDA
919 458 1247 491 VENERABILIS
1267 459 1343 492 DE
1368 458 1532 493 LOCIS
1555 457 1816 493 SANC‘TIS.

648 560 880 603 Venerabilis
904 563 1009 603 Beda
1029 562 1117 618 five
1138 563 1273 614 Baeda,
1303 579 1406 617 quem
1427 561 1879 618 Anglo-Saxonemfuiffi
1896 562 1978 620 sci—

588 642 679 678 mus,
718 643 811 668 unus
848 645 891 668 ex
917 626 1194 684 sapientzffimis
1222 628 1490 687 doffiffi'misque
1507 629 1598 687 suae
1630 629 1751 669 aetatis
1783 627 1978 678 monachis,

578 690 736 747 septimo
757 700 956 747 offlavoque
971 694 1126 751 saeculis
1146 693 1284 748 vixiffe
1303 695 1482 745 creditur,
1502 695 1566 747 qui
1592 695 1736 747 quidem
1758 694 1978 750 ornatiffimo

585 756 622 794 in
643 757 841 814 multisque
868 760 1037 798 dottrinis
1057 758 1212 815 versato
1231 760 1371 812 ingenio
1387 759 1816 815 prastantiffimusfuit.
1838 758 1978 812 Quem,

586 837 698 874 quum
719 822 881 878 diverfis
892 822 1062 879 scientiae
1073 825 1251 878 partibus
1262 822 1383 880 suam
1404 823 1560 878 dediffi¹t
1577 834 1741 878 operam,
1761 833 1913 878 quantae
1923 822 1980 879 stt

586 888 754 928 utilitatis
783 889 916 929 biblica
930 890 1164 944 geographia
1190 905 1259 929 non
1275 899 1427 943 poterat
1450 890 1581 929 latere.
1603 900 1614 920 ¹
1649 889 1782 943 Itaque
1810 889 1976 929 libellum

585 952 804 1009 conscripsit
822 955 864 993 de
898 954 1025 994 Terra
1055 955 1202 1007 Sanno,
1237 971 1340 1008 quem
1367 956 1468 1009 longe
1499 956 1643 1009 lateque
1672 953 1871 1011 diffusum,
1899 956 1976 995 iam

585 1020 690 1072 apud
722 1020 968 1060 Eernardum
989 1021 1206 1061 monachum
1230 1022 1272 1073 (c.
1299 1020 1383 1074 XI)
1415 1021 1614 1062 laudatum
1637 1022 1857 1075 reperimus,
1877 1020 1976 1061 hodie

584 1084 692 1124 etiam
727 1084 903 1140 historicis
928 1083 1181 1141 scriptoribus
1209 1087 1411 1140 probatum
1446 1086 1639 1132 videmus;
1681 1095 1844 1125 attamen
1879 1084 1976 1141 hisce

583 1150 780 1205 noviffimis
799 1151 1020 1204 temporibus
1039 1167 1107 1190 non
1130 1152 1283 1191 obtinuit
1299 1152 1400 1192 illud
1417 1162 1503 1206 opus
1522 1151 1685 1202 laudem,
1720 1167 1796 1205 qua
1817 1151 1974 1204 dignum

583 1215 681 1269 effet,
703 1216 799 1269 quod
813 1216 921 1256 multi
942 1214 1052 1272 falso
1083 1217 1323 1257 crediderunt
1346 1215 1469 1273 ipsum
1497 1216 1594 1256 nihil
1619 1217 1729 1257 aliud
1755 1215 1827 1270 effi
1857 1231 1972 1269 quam

581 1280 811 1334 Amulfianae
823 1282 1132 1335 peregrinationis
1148 1283 1293 1336 epitome
1309 1283 1354 1322 &
1368 1282 1549 1322 immerito
1560 1292 1633 1336 pro
1649 1281 1844 1337 archetypo
1863 1281 1973 1321 habi-

582 1357 657 1386 tum
667 1346 806 1401 fuiffi.
839 1346 884 1386 In
905 1347 967 1387 hoc
986 1349 1146 1388 maxime
1167 1358 1339 1388 erratum
1356 1348 1456 1402 fuit,
1485 1363 1547 1387 nec
1576 1364 1631 1387 me
1659 1345 1785 1404 ipsum
1805 1363 1874 1387 non
1896 1363 1972 1387 om-

581 1413 664 1451 nino
694 1414 877 1466 quondam
904 1430 928 1454 a
957 1414 1028 1454 tali
1053 1429 1181 1454 errore
1201 1424 1404 1468 exemptum
1424 1414 1543 1470 juzffe
1550 1414 1723 1468 fatebor.
1750 1414 1860 1453 Beda
1880 1415 1974 1454 enim

581 1492 651 1516 non
668 1478 790 1533 solum
811 1477 960 1534 Arculfi
977 1479 1147 1532 epitomen
1170 1480 1279 1530 dedit,
1299 1478 1378 1536 sed
1394 1480 1502 1519 etiam
1523 1479 1704 1519 notabilia
1723 1479 1845 1520 multa
1861 1479 1971 1520 addi-

580 1543 646 1594 dit,
680 1559 762 1596 quae
789 1545 827 1583 in
856 1543 1016 1598 Areulfo
1045 1554 1113 1584 aut
1130 1544 1534 1599 Adamnanofrustra
1562 1545 1749 1598 requiras,
1778 1545 1972 1598 multaque

584 1625 626 1648 ex
642 1609 725 1648 aliis
736 1608 893 1665 scriptis
909 1610 1050 1660 adiecit,
1071 1625 1154 1662 quae
1170 1626 1238 1650 non
1251 1611 1376 1664 parvi
1390 1610 1487 1650 nobis
1503 1611 1619 1664 pretij
1626 1611 1735 1669 sunt.
1756 1610 1912 1650 Necnon
1928 1613 1972 1651 δέ

576 1675 656 1732 ipse
675 1675 712 1713 in
734 1674 838 1714 titulo
857 1675 944 1714 dicit
963 1674 1174 1714 Libellum
1195 1692 1219 1715 a
1230 1674 1278 1731 se
1300 1692 1315 1715 e
1339 1674 1552 1732 priscorum
1564 1673 1722 1731 scriptis
1742 1675 1973 1732 composttum

565 1738 710 1793 suffla
731 1749 840 1793 atque
859 1740 896 1778 in
913 1740 1088 1797 clausula
1095 1740 1174 1795 fibi
1193 1741 1370 1780 maxime
1397 1739 1539 1780 Gallici
1558 1740 1724 1796 episcopi,
1745 1756 1769 1780 a
1777 1741 1975 1798 sacerdote

578 1804 619 1844 A
623 1805 816 1844 damnano
847 1803 1111 1860 conscriptum,
1145 1816 1233 1860 opus
1252 1806 1378 1845 ducem
1399 1815 1509 1859 atque
1529 1804 1716 1862 auspicem
1737 1805 1978 1865 habuiffi’,se

581 1879 702 1909 autem
724 1869 961 1909 nihilominus
983 1879 1166 1924 excerptos
1186 1886 1228 1909 ex
1253 1870 1316 1910 hoc
1337 1880 1441 1924 opere
1460 1871 1550 1911 locos
1574 1887 1656 1911 cum
1671 1871 1846 1926 priorum
1867 1872 1976 1912 libris

580 1936 781 1991 contuliffie.
802 1935 977 1989 Exempli
1005 1935 1098 1975 enim
1113 1936 1262 1989 gratia,
1295 1952 1378 1990 quae
1397 1937 1435 1976 in
1465 1935 1625 1991 Arculfo
1654 1937 1786 1995 desunt
1804 1938 1974 1977 animad-

575 2000 702 2051 vertit,
731 2002 775 2041 ἐϋ
799 1999 1017 2057 praesertim
1038 2001 1075 2040 in
1105 2017 1142 2040 eo
1161 2001 1247 2052 loco,
1282 2017 1349 2055 quo
1369 2002 1411 2041 de
1439 2001 1525 2041 lacu
1557 2001 1769 2052 Bethesda,
1800 2002 1844 2041 de
1863 2001 1975 2056 fonte

574 2063 702 2116 Siloa,
718 2066 760 2105 de
778 2065 927 2121 ecclefia
944 2065 1169 2121 Zionefita
1185 2071 1233 2114 (c.
1252 2066 1340 2115 III)
1357 2067 1401 2106 Εἴ
1417 2067 1460 2107 de
1476 2066 1654 2107 Mortuo
1672 2065 1785 2106 Mari
1810 2064 1972 2118 (c.XII)

574 2131 777 2170 trae‘tavit.

629 2195 806 2250 Quinam
826 2197 918 2250 sunt
935 2211 1020 2250 ergo
1039 2196 1098 2236 illi
1118 2203 1296 2248 amores,
1323 2212 1407 2249 quos
1426 2197 1534 2237 Beda
1553 2197 1591 2236 in
1616 2197 1788 2237 manibus
1806 2196 1974 2237 habuit?

580 2262 625 2301 In
644 2261 778 2315 primis
799 2261 944 2314 quidem
965 2261 1129 2302 Flavius
1152 2261 1334 2318 Iosephus,
1363 2278 1388 2302 a
1407 2277 1475 2315 quo
1500 2262 1620 2302 multa
1646 2263 1688 2302 de
1717 2277 1857 2315 magna
1884 2262 1971 2303 Ior-

573 2327 681 2366 danis
711 2326 818 2367 valle
861 2327 1008 2382 accepit.
1040 2326 1246 2368 Memorat
1262 2327 1370 2368 Beda
1400 2328 1601 2383 secundum
1632 2327 1825 2386 Iosephum
1850 2327 1968 2375 (Bell.

572 2390 681 2443 Iud.,
701 2392 727 2432 l.
751 2391 828 2444 IV,
848 2408 877 2432 c.
905 2392 1028 2444 VIII,
1049 2393 1087 2446 2)
1119 2393 1244 2433 vicum
1272 2392 1531 2435 Ginnabrem
1552 2392 1652 2447 (mſjT
1670 2394 1715 2434 δέ
1735 2393 1789 2434 ed.
1814 2392 1968 2434 Genna-

622 2512 634 2531 1
660 2499 765 2534 Bedae
786 2499 1017 2544 Expofitionem
1034 2502 1074 2534 de
1098 2500 1232 2535 nomini·
1318 2500 1427 2534 nostra
1453 2500 1604 2546 praesenti
1632 2500 1829 2534 collefflone
1845 2501 1967 2534 admit-

569 2555 628 2587 bus
646 2552 777 2586 urbium
808 2553 842 2587 in
866 2554 999 2588 Altibus
1024 2554 1232 2598 apostolorum
1316 2553 1452 2586 tendam
1480 2565 1547 2587 non
1569 2553 1768 2596 censuimus,
1784 2561 1903 2599 utpote
1923 2554 1965 2587 ad

569 2608 690 2650 (Opp.‚
704 2609 742 2647 V,
758 2607 856 2651 666),
874 2606 955 2640 ficut
974 2607 1008 2640 d.
1030 2606 1231 2653 Hieronymi
1316 2606 1524 2651 theologiam
1554 2607 1661 2651 magis
1685 2619 1790 2652 quam
1815 2607 1858 2641 ad
1883 2619 1966 2652 geo-

568 2657 713 2691 libellum
743 2660 795 2692 De
822 2660 923 2693 XLII
948 2659 1165 2703 manfionibus
1196 2659 1229 2693 in
1313 2660 1490 2705 graphiam
1509 2660 1739 2705 pertinentem.
