<?xml version="1.0" encoding="UTF-8"?>
<!DOCTYPE html PUBLIC "-//W3C//DTD XHTML 1.0 Transitional//EN"
    "http://www.w3.org/TR/xhtml1/DTD/xhtml1-transitional.dtd">
<html xmlns="http://www.w3.org/1999/xhtml" xml:lang="en" lang="en">
 <head>
  <title>
</title>
<meta http-equiv="Content-Type" content="text/html;charset=utf-8" />
  <meta name='ocr-system' content='tesseract 3.04.00' />
  <meta name='ocr-capabilities' content='ocr_page ocr_carea ocr_par ocr_line ocrx_word'/>
</head>
<body>
  <div class='ocr_page' id='page_1' title='image "./p1itinerahierosoly1tobl_0136.png"; bbox 0 0 2216 3435; ppageno 0'>
   <div class='ocr_carea' id='block_1_1' title="bbox 356 796 514 867">
    <p class='ocr_par' dir='ltr' id='par_1_1' title="bbox 356 796 514 867">
     <span class='ocr_line' id='line_1_1' title="bbox 356 796 514 825; baseline 0.006 -1"><span class='ocrx_word' id='word_1_1' title='bbox 356 796 514 825; x_wconf 77' lang='lat' dir='ltr'>Desertum</span> 
     </span>
     <span class='ocr_line' id='line_1_2' title="bbox 378 837 497 867; baseline -0.008 0"><span class='ocrx_word' id='word_1_2' title='bbox 378 837 497 867; x_wconf 75' lang='lat' dir='ltr'>Etham.</span> 
     </span>
    </p>
   </div>
   <div class='ocr_carea' id='block_1_2' title="bbox 357 879 530 917">
    <p class='ocr_par' dir='ltr' id='par_1_2' title="bbox 357 879 530 917">
     <span class='ocr_line' id='line_1_3' title="bbox 357 879 530 917; baseline -0.006 -8"><span class='ocrx_word' id='word_1_3' title='bbox 357 880 446 917; x_wconf 84' lang='lat' dir='ltr'>Elim,</span> <span class='ocrx_word' id='word_1_4' title='bbox 469 879 530 909; x_wconf 88' lang='lat' dir='ltr'>Sin.</span> 
     </span>
    </p>
   </div>
   <div class='ocr_carea' id='block_1_3' title="bbox 358 942 453 971">
    <p class='ocr_par' dir='ltr' id='par_1_3' title="bbox 358 942 453 971">
     <span class='ocr_line' id='line_1_4' title="bbox 358 942 453 971; baseline 0 -1"><span class='ocrx_word' id='word_1_5' title='bbox 358 942 453 971; x_wconf 74' lang='lat' dir='ltr'>Mara.</span> 
     </span>
    </p>
   </div>
   <div class='ocr_carea' id='block_1_4' title="bbox 368 1797 460 1829">
    <p class='ocr_par' dir='ltr' id='par_1_4' title="bbox 368 1797 460 1829">
     <span class='ocr_line' id='line_1_5' title="bbox 368 1797 460 1829; baseline -0.022 0"><span class='ocrx_word' id='word_1_6' title='bbox 368 1797 460 1829; x_wconf 76' lang='lat' dir='ltr'>Sinai.</span> 
     </span>
    </p>
   </div>
   <div class='ocr_carea' id='block_1_5' title="bbox 367 1872 542 1913">
    <p class='ocr_par' dir='ltr' id='par_1_5' title="bbox 367 1872 542 1913">
     <span class='ocr_line' id='line_1_6' title="bbox 367 1872 542 1913; baseline -0.006 -10"><span class='ocrx_word' id='word_1_7' title='bbox 367 1872 542 1913; x_wconf 79' lang='lat' dir='ltr'>Raphidim.</span> 
     </span>
    </p>
   </div>
   <div class='ocr_carea' id='block_1_6' title="bbox 367 1915 482 1946">
    <p class='ocr_par' dir='ltr' id='par_1_6' title="bbox 367 1915 482 1946">
     <span class='ocr_line' id='line_1_7' title="bbox 367 1915 482 1946; baseline -0.009 -2"><span class='ocrx_word' id='word_1_8' title='bbox 367 1915 482 1946; x_wconf 84' lang='lat' dir='ltr'>Horeb.</span> 
     </span>
    </p>
   </div>
   <div class='ocr_carea' id='block_1_7' title="bbox 631 123 1490 183">
    <p class='ocr_par' dir='ltr' id='par_1_7' title="bbox 631 123 1490 183">
     <span class='ocr_line' id='line_1_8' title="bbox 631 123 1490 183; baseline -0.003 -14"><span class='ocrx_word' id='word_1_9' title='bbox 631 123 692 183; x_wconf 84' lang='lat'>78</span> <span class='ocrx_word' id='word_1_10' title='bbox 1172 133 1490 168; x_wconf 78' lang='lat' dir='ltr'>THEODOSIUS</span> 
     </span>
    </p>
   </div>
   <div class='ocr_carea' id='block_1_8' title="bbox 631 281 2025 1416">
    <p class='ocr_par' dir='ltr' id='par_1_8' title="bbox 631 281 2018 688">
     <span class='ocr_line' id='line_1_9' title="bbox 632 281 2015 345; baseline 0 -17"><span class='ocrx_word' id='word_1_11' title='bbox 632 282 779 329; x_wconf 87' lang='lat' dir='ltr'>eundo</span> <span class='ocrx_word' id='word_1_12' title='bbox 806 300 1018 342; x_wconf 80' lang='lat' dir='ltr'>montem,</span> <span class='ocrx_word' id='word_1_13' title='bbox 1049 281 1106 328; x_wconf 91' lang='lat' dir='ltr'>ad</span> <span class='ocrx_word' id='word_1_14' title='bbox 1142 282 1258 328; x_wconf 88' lang='lat' dir='ltr'>idem</span> <span class='ocrx_word' id='word_1_15' title='bbox 1287 283 1401 327; x_wconf 86' lang='lat' dir='ltr'>littus</span> <span class='ocrx_word' id='word_1_16' title='bbox 1439 281 1592 345; x_wconf 81' lang='lat' dir='ltr'>Egypti</span> <span class='ocrx_word' id='word_1_17' title='bbox 1621 281 1854 341; x_wconf 78' lang='lat' dir='ltr'>redierunt,</span> <span class='ocrx_word' id='word_1_18' title='bbox 1893 282 2015 344; x_wconf 88' lang='lat' dir='ltr'>quod</span> 
     </span>
     <span class='ocr_line' id='line_1_10' title="bbox 631 352 2017 417; baseline -0.001 -17"><span class='ocrx_word' id='word_1_19' title='bbox 631 354 685 400; x_wconf 89' lang='lat' dir='ltr'>s1c</span> <span class='ocrx_word' id='word_1_20' title='bbox 712 353 899 417; x_wconf 85' lang='lat' dir='ltr'>probant</span> <span class='ocrx_word' id='word_1_21' title='bbox 921 377 929 400; x_wconf 90' lang='lat'><strong>:</strong></span> <span class='ocrx_word' id='word_1_22' title='bbox 956 355 1119 400; x_wconf 84' lang='lat' dir='ltr'>Natura</span> <span class='ocrx_word' id='word_1_23' title='bbox 1144 356 1272 399; x_wconf 87' lang='lat' dir='ltr'>maris</span> <span class='ocrx_word' id='word_1_24' title='bbox 1298 354 1370 411; x_wconf 85' lang='lat' dir='ltr'>est,</span> <span class='ocrx_word' id='word_1_25' title='bbox 1406 370 1466 411; x_wconf 79' lang='lat' dir='ltr'>ut,</span> <span class='ocrx_word' id='word_1_26' title='bbox 1492 352 1614 415; x_wconf 89' lang='lat' dir='ltr'>quod</span> <span class='ocrx_word' id='word_1_27' title='bbox 1646 355 1686 398; x_wconf 90' lang='lat' dir='ltr'>in</span> <span class='ocrx_word' id='word_1_28' title='bbox 1720 371 1773 399; x_wconf 86' lang='lat' dir='ltr'>eo</span> <span class='ocrx_word' id='word_1_29' title='bbox 1806 354 1929 416; x_wconf 84' lang='lat' dir='ltr'>perit,</span> <span class='ocrx_word' id='word_1_30' title='bbox 1960 352 2017 399; x_wconf 90' lang='lat' dir='ltr'>ad</span> 
     </span>
     <span class='ocr_line' id='line_1_11' title="bbox 631 425 2018 489; baseline -0.001 -18"><span class='ocrx_word' id='word_1_31' title='bbox 631 427 883 489; x_wconf 86' lang='lat' dir='ltr'>proximum</span> <span class='ocrx_word' id='word_1_32' title='bbox 925 426 1041 472; x_wconf 86' lang='lat' dir='ltr'>littus</span> <span class='ocrx_word' id='word_1_33' title='bbox 1084 426 1296 488; x_wconf 86' lang='lat' dir='ltr'>proiiciat.</span> <span class='ocrx_word' id='word_1_34' title='bbox 1350 425 1470 471; x_wconf 89' lang='lat' dir='ltr'>Cum</span> <span class='ocrx_word' id='word_1_35' title='bbox 1505 442 1611 489; x_wconf 83' lang='lat' dir='ltr'>ergo</span> <span class='ocrx_word' id='word_1_36' title='bbox 1656 443 1787 470; x_wconf 86' lang='lat' dir='ltr'>mane</span> <span class='ocrx_word' id='word_1_37' title='bbox 1826 425 2018 471; x_wconf 88' lang='lat' dir='ltr'>iacerent</span> 
     </span>
     <span class='ocr_line' id='line_1_12' title="bbox 632 495 2018 561; baseline -0.001 -19"><span class='ocrx_word' id='word_1_38' title='bbox 632 498 798 561; x_wconf 75' lang='lat' dir='ltr'>Egyptij</span> <span class='ocrx_word' id='word_1_39' title='bbox 824 499 867 543; x_wconf 90' lang='lat' dir='ltr'>in</span> <span class='ocrx_word' id='word_1_40' title='bbox 892 498 1036 543; x_wconf 83' lang='lat' dir='ltr'>littore</span> <span class='ocrx_word' id='word_1_41' title='bbox 1061 497 1238 555; x_wconf 71' lang='lat' dir='ltr'>mortui,</span> <span class='ocrx_word' id='word_1_42' title='bbox 1265 512 1398 558; x_wconf 80' lang='lat' dir='ltr'>patet,</span> <span class='ocrx_word' id='word_1_43' title='bbox 1425 495 1547 558; x_wconf 86' lang='lat' dir='ltr'>quod</span> <span class='ocrx_word' id='word_1_44' title='bbox 1572 495 1691 542; x_wconf 87' lang='lat' dir='ltr'>idem</span> <span class='ocrx_word' id='word_1_45' title='bbox 1719 512 1809 541; x_wconf 87' lang='lat' dir='ltr'>erat</span> <span class='ocrx_word' id='word_1_46' title='bbox 1828 496 1944 541; x_wconf 81' lang='lat' dir='ltr'>littus</span> <span class='ocrx_word' id='word_1_47' title='bbox 1966 513 2018 542; x_wconf 84' lang='lat' dir='ltr'>ex</span> 
     </span>
     <span class='ocr_line' id='line_1_13' title="bbox 633 568 2018 632; baseline -0.001 -17"><span class='ocrx_word' id='word_1_48' title='bbox 633 570 764 616; x_wconf 85' lang='lat' dir='ltr'>altera</span> <span class='ocrx_word' id='word_1_49' title='bbox 789 571 953 615; x_wconf 87' lang='lat' dir='ltr'>montis</span> <span class='ocrx_word' id='word_1_50' title='bbox 980 586 1128 632; x_wconf 77' lang='lat' dir='ltr'>parte3</span> <span class='ocrx_word' id='word_1_51' title='bbox 1155 586 1257 614; x_wconf 88' lang='lat' dir='ltr'>nam</span> <span class='ocrx_word' id='word_1_52' title='bbox 1285 569 1402 613; x_wconf 90' lang='lat' dir='ltr'>enim</span> <span class='ocrx_word' id='word_1_53' title='bbox 1420 569 1464 612; x_wconf 89' lang='lat' dir='ltr'>in</span> <span class='ocrx_word' id='word_1_54' title='bbox 1485 568 1622 631; x_wconf 87' lang='lat' dir='ltr'>spatio</span> <span class='ocrx_word' id='word_1_55' title='bbox 1643 569 1783 614; x_wconf 69' lang='lat' dir='ltr'>noffls</span> <span class='ocrx_word' id='word_1_56' title='bbox 1808 569 2018 631; x_wconf 88' lang='lat' dir='ltr'>equinoc-</span> 
     </span>
     <span class='ocr_line' id='line_1_14' title="bbox 634 639 1914 688; baseline -0.001 -1"><span class='ocrx_word' id='word_1_57' title='bbox 634 642 741 687; x_wconf 81' lang='lat' dir='ltr'>tialis</span> <span class='ocrx_word' id='word_1_58' title='bbox 766 642 835 688; x_wconf 91' lang='lat' dir='ltr'>vel</span> <span class='ocrx_word' id='word_1_59' title='bbox 858 642 900 686; x_wconf 88' lang='lat' dir='ltr'>hi</span> <span class='ocrx_word' id='word_1_60' title='bbox 925 642 994 687; x_wconf 89' lang='lat' dir='ltr'>vel</span> <span class='ocrx_word' id='word_1_61' title='bbox 1021 641 1079 686; x_wconf 88' lang='lat' dir='ltr'>illi</span> <span class='ocrx_word' id='word_1_62' title='bbox 1105 639 1160 685; x_wconf 89' lang='lat' dir='ltr'>ad</span> <span class='ocrx_word' id='word_1_63' title='bbox 1187 639 1384 685; x_wconf 90' lang='lat' dir='ltr'>medium</span> <span class='ocrx_word' id='word_1_64' title='bbox 1410 640 1538 685; x_wconf 84' lang='lat' dir='ltr'>maris</span> <span class='ocrx_word' id='word_1_65' title='bbox 1564 639 1914 686; x_wconf 66' lang='lat' dir='ltr'>transcurrissent.</span> 
     </span>
    </p>

    <p class='ocr_par' dir='ltr' id='par_1_9' title="bbox 635 710 2025 1416">
     <span class='ocr_line' id='line_1_15' title="bbox 700 710 2018 776; baseline -0.001 -18"><span class='ocrx_word' id='word_1_66' title='bbox 700 714 790 758; x_wconf 80' lang='lat' dir='ltr'>Post</span> <span class='ocrx_word' id='word_1_67' title='bbox 814 713 894 758; x_wconf 87' lang='lat' dir='ltr'>hec</span> <span class='ocrx_word' id='word_1_68' title='bbox 914 712 1081 776; x_wconf 80' lang='lat' dir='ltr'>ingreffi</span> <span class='ocrx_word' id='word_1_69' title='bbox 1107 712 1203 757; x_wconf 88' lang='lat' dir='ltr'>sunt</span> <span class='ocrx_word' id='word_1_70' title='bbox 1239 712 1279 756; x_wconf 89' lang='lat' dir='ltr'>in</span> <span class='ocrx_word' id='word_1_71' title='bbox 1306 714 1541 774; x_wconf 73' lang='lat' dir='ltr'>desertum.“</span> <span class='ocrx_word' id='word_1_72' title='bbox 1584 710 1781 757; x_wconf 86' lang='lat' dir='ltr'>Hebreus</span> <span class='ocrx_word' id='word_1_73' title='bbox 1813 710 1943 757; x_wconf 84' lang='lat' dir='ltr'>habet</span> <span class='ocrx_word' id='word_1_74' title='bbox 1974 713 2018 757; x_wconf 89' lang='lat' dir='ltr'>in</span> 
     </span>
     <span class='ocr_line' id='line_1_16' title="bbox 635 782 2017 846; baseline -0.002 -15"><span class='ocrx_word' id='word_1_75' title='bbox 635 785 850 831; x_wconf 82' lang='lat' dir='ltr'>desertum</span> <span class='ocrx_word' id='word_1_76' title='bbox 874 789 1031 841; x_wconf 71' lang='lat' dir='ltr'>Etham,</span> <span class='ocrx_word' id='word_1_77' title='bbox 1058 784 1207 846; x_wconf 84' lang='lat' dir='ltr'>postea</span> <span class='ocrx_word' id='word_1_78' title='bbox 1230 785 1338 828; x_wconf 79' lang='lat' dir='ltr'>Elim</span> <span class='ocrx_word' id='word_1_79' title='bbox 1363 785 1408 828; x_wconf 68' lang='grc' dir='ltr'>ὅς</span> <span class='ocrx_word' id='word_1_80' title='bbox 1433 783 1581 846; x_wconf 86' lang='lat' dir='ltr'>postea</span> <span class='ocrx_word' id='word_1_81' title='bbox 1612 784 1656 828; x_wconf 87' lang='lat' dir='ltr'>in</span> <span class='ocrx_word' id='word_1_82' title='bbox 1691 782 1907 829; x_wconf 88' lang='lat' dir='ltr'>desertum</span> <span class='ocrx_word' id='word_1_83' title='bbox 1930 786 2017 829; x_wconf 80' lang='lat' dir='ltr'>sin.</span> 
     </span>
     <span class='ocr_line' id='line_1_17' title="bbox 635 853 2020 917; baseline -0.001 -15"><span class='ocrx_word' id='word_1_84' title='bbox 635 858 678 902; x_wconf 81' lang='lat' dir='ltr'>Et</span> <span class='ocrx_word' id='word_1_85' title='bbox 702 855 1035 902; x_wconf 85' lang='lat' dir='ltr'>ambulaverunt</span> <span class='ocrx_word' id='word_1_86' title='bbox 1062 853 1193 900; x_wconf 84' lang='lat' dir='ltr'>tribus</span> <span class='ocrx_word' id='word_1_87' title='bbox 1219 854 1369 900; x_wconf 84' lang='lat' dir='ltr'>diebus</span> <span class='ocrx_word' id='word_1_88' title='bbox 1394 872 1472 917; x_wconf 90' lang='lat' dir='ltr'>per</span> <span class='ocrx_word' id='word_1_89' title='bbox 1490 854 1771 901; x_wconf 83' lang='lat' dir='ltr'>solitudinem</span> <span class='ocrx_word' id='word_1_90' title='bbox 1791 872 1882 900; x_wconf 91' lang='lat' dir='ltr'>non</span> <span class='ocrx_word' id='word_1_91' title='bbox 1902 856 2020 901; x_wconf 85' lang='lat' dir='ltr'>inve-</span> 
     </span>
     <span class='ocr_line' id='line_1_18' title="bbox 636 925 2019 989; baseline -0.001 -15"><span class='ocrx_word' id='word_1_92' title='bbox 636 930 800 974; x_wconf 87' lang='lat' dir='ltr'>nientes</span> <span class='ocrx_word' id='word_1_93' title='bbox 824 945 1000 989; x_wconf 77' lang='lat' dir='ltr'>aquam,</span> <span class='ocrx_word' id='word_1_94' title='bbox 1029 926 1174 972; x_wconf 89' lang='lat' dir='ltr'>donec</span> <span class='ocrx_word' id='word_1_95' title='bbox 1198 925 1410 972; x_wconf 72' lang='lat' dir='ltr'>venissent</span> <span class='ocrx_word' id='word_1_96' title='bbox 1435 925 1491 972; x_wconf 89' lang='lat' dir='ltr'>ad</span> <span class='ocrx_word' id='word_1_97' title='bbox 1519 926 1701 985; x_wconf 50' lang='lat' dir='ltr'>maras</span> <span class='ocrx_word' id='word_1_98' title='bbox 1733 925 1806 972; x_wconf 88' lang='lat' dir='ltr'>ubi</span> <span class='ocrx_word' id='word_1_99' title='bbox 1837 943 2019 989; x_wconf 86' lang='lat' dir='ltr'>propter</span> 
     </span>
     <span class='ocr_line' id='line_1_19' title="bbox 635 996 2023 1061; baseline -0.003 -14"><span class='ocrx_word' id='word_1_100' title='bbox 635 999 971 1047; x_wconf 81' lang='lat' dir='ltr'>amaritudinem</span> <span class='ocrx_word' id='word_1_101' title='bbox 1013 1017 1125 1061; x_wconf 85' lang='lat' dir='ltr'>aque</span> <span class='ocrx_word' id='word_1_102' title='bbox 1163 999 1332 1059; x_wconf 82' lang='lat' dir='ltr'><strong>Moyses</strong></span> <span class='ocrx_word' id='word_1_103' title='bbox 1374 996 1548 1044; x_wconf 82' lang='lat' dir='ltr'>immisit</span> <span class='ocrx_word' id='word_1_104' title='bbox 1587 998 1772 1061; x_wconf 85' lang='lat' dir='ltr'>lignum.</span> <span class='ocrx_word' id='word_1_105' title='bbox 1823 997 2023 1043; x_wconf 84' lang='lat' dir='ltr'>Tradunt</span> 
     </span>
     <span class='ocr_line' id='line_1_20' title="bbox 636 1068 2023 1133; baseline -0.002 -16"><span class='ocrx_word' id='word_1_106' title='bbox 636 1088 783 1118; x_wconf 90' lang='lat' dir='ltr'>autem</span> <span class='ocrx_word' id='word_1_107' title='bbox 804 1069 981 1129; x_wconf 78' lang='lat' dir='ltr'>Hebrei‚</span> <span class='ocrx_word' id='word_1_108' title='bbox 1009 1068 1130 1132; x_wconf 88' lang='lat' dir='ltr'>quod</span> <span class='ocrx_word' id='word_1_109' title='bbox 1154 1068 1261 1114; x_wconf 87' lang='lat' dir='ltr'>illud</span> <span class='ocrx_word' id='word_1_110' title='bbox 1297 1069 1467 1133; x_wconf 81' lang='lat' dir='ltr'>lignum</span> <span class='ocrx_word' id='word_1_111' title='bbox 1504 1069 1755 1115; x_wconf 79' lang='lat' dir='ltr'>naturaliter</span> <span class='ocrx_word' id='word_1_112' title='bbox 1792 1085 1881 1114; x_wconf 87' lang='lat' dir='ltr'>erat</span> <span class='ocrx_word' id='word_1_113' title='bbox 1905 1086 2023 1114; x_wconf 90' lang='lat' dir='ltr'>ama-</span> 
     </span>
     <span class='ocr_line' id='line_1_21' title="bbox 636 1138 2024 1201; baseline -0.001 -15"><span class='ocrx_word' id='word_1_114' title='bbox 636 1141 856 1200; x_wconf 72' lang='lat' dir='ltr'>riffimum,</span> <span class='ocrx_word' id='word_1_115' title='bbox 883 1143 941 1201; x_wconf 68' lang='grc' dir='ltr'>ὃς,</span> <span class='ocrx_word' id='word_1_116' title='bbox 979 1159 1024 1188; x_wconf 91' lang='lat' dir='ltr'>ut</span> <span class='ocrx_word' id='word_1_117' title='bbox 1062 1140 1298 1186; x_wconf 87' lang='lat' dir='ltr'>mirabilior</span> <span class='ocrx_word' id='word_1_118' title='bbox 1329 1139 1434 1187; x_wconf 72' lang='lat' dir='ltr'>esset</span> <span class='ocrx_word' id='word_1_119' title='bbox 1466 1141 1598 1187; x_wconf 85' lang='lat' dir='ltr'>virtus</span> <span class='ocrx_word' id='word_1_120' title='bbox 1629 1138 1789 1199; x_wconf 76' lang='lat' dir='ltr'>divina,</span> <span class='ocrx_word' id='word_1_121' title='bbox 1826 1157 2024 1186; x_wconf 87' lang='lat' dir='ltr'>amarum</span> 
     </span>
     <span class='ocr_line' id='line_1_22' title="bbox 637 1210 2025 1274; baseline -0.002 -15"><span class='ocrx_word' id='word_1_122' title='bbox 637 1214 757 1259; x_wconf 88' lang='lat' dir='ltr'>alteri</span> <span class='ocrx_word' id='word_1_123' title='bbox 779 1231 929 1260; x_wconf 88' lang='lat' dir='ltr'>amaro</span> <span class='ocrx_word' id='word_1_124' title='bbox 951 1212 1153 1259; x_wconf 87' lang='lat' dir='ltr'>additum</span> <span class='ocrx_word' id='word_1_125' title='bbox 1172 1211 1452 1258; x_wconf 79' lang='lat' dir='ltr'>dulcedinem</span> <span class='ocrx_word' id='word_1_126' title='bbox 1472 1227 1704 1274; x_wconf 88' lang='lat' dir='ltr'>operatum</span> <span class='ocrx_word' id='word_1_127' title='bbox 1723 1212 1792 1258; x_wconf 86' lang='lat' dir='ltr'>est.</span> <span class='ocrx_word' id='word_1_128' title='bbox 1822 1210 2025 1274; x_wconf 84' lang='lat' dir='ltr'>Iosephus</span> 
     </span>
     <span class='ocr_line' id='line_1_23' title="bbox 640 1281 2025 1347; baseline -0.002 -16"><span class='ocrx_word' id='word_1_129' title='bbox 640 1285 758 1345; x_wconf 81' lang='lat' dir='ltr'>dicit,</span> <span class='ocrx_word' id='word_1_130' title='bbox 787 1302 950 1347; x_wconf 87' lang='lat' dir='ltr'>aquam</span> <span class='ocrx_word' id='word_1_131' title='bbox 969 1283 1274 1347; x_wconf 80' lang='lat' dir='ltr'>impotabilem</span> <span class='ocrx_word' id='word_1_132' title='bbox 1299 1281 1435 1342; x_wconf 72' lang='lat' dir='ltr'>fuisse,</span> <span class='ocrx_word' id='word_1_133' title='bbox 1462 1283 1562 1344; x_wconf 87' lang='lat' dir='ltr'>quia</span> <span class='ocrx_word' id='word_1_134' title='bbox 1590 1282 1748 1328; x_wconf 87' lang='lat' dir='ltr'>scativa</span> <span class='ocrx_word' id='word_1_135' title='bbox 1768 1284 1813 1328; x_wconf 72' lang='grc' dir='ltr'>ὃς</span> <span class='ocrx_word' id='word_1_136' title='bbox 1831 1281 2025 1328; x_wconf 89' lang='lat' dir='ltr'>inhausta</span> 
     </span>
     <span class='ocr_line' id='line_1_24' title="bbox 641 1355 1218 1416; baseline -0.003 -13"><span class='ocrx_word' id='word_1_137' title='bbox 641 1358 793 1416; x_wconf 77' lang='lat' dir='ltr'>fuerat,</span> <span class='ocrx_word' id='word_1_138' title='bbox 819 1355 1059 1403; x_wconf 89' lang='lat' dir='ltr'>secundum</span> <span class='ocrx_word' id='word_1_139' title='bbox 1084 1355 1188 1402; x_wconf 89' lang='lat' dir='ltr'>illud</span> <span class='ocrx_word' id='word_1_140' title='bbox 1210 1378 1218 1401; x_wconf 90' lang='lat'>:</span> 
     </span>
    </p>
   </div>
   <div class='ocr_carea' id='block_1_9' title="bbox 883 1466 1780 1526">
    <p class='ocr_par' dir='ltr' id='par_1_10' title="bbox 883 1466 1780 1526">
     <span class='ocr_line' id='line_1_25' title="bbox 883 1466 1780 1526; baseline -0.003 -17"><span class='ocrx_word' id='word_1_141' title='bbox 883 1469 933 1509; x_wconf 81' lang='lat' dir='ltr'>Et</span> <span class='ocrx_word' id='word_1_142' title='bbox 957 1468 1119 1526; x_wconf 80' lang='lat' dir='ltr'>capiunt</span> <span class='ocrx_word' id='word_1_143' title='bbox 1144 1467 1325 1523; x_wconf 53' lang='lat' dir='ltr'>visitans</span> <span class='ocrx_word' id='word_1_144' title='bbox 1348 1466 1390 1508; x_wconf 86' lang='lat' dir='ltr'>ni</span> <span class='ocrx_word' id='word_1_145' title='bbox 1415 1480 1644 1509; x_wconf 75' lang='lat' dir='ltr'>moveantur</span> <span class='ocrx_word' id='word_1_146' title='bbox 1669 1480 1780 1522; x_wconf 80' lang='lat' dir='ltr'>aque.</span> 
     </span>
    </p>
   </div>
   <div class='ocr_carea' id='block_1_10' title="bbox 644 1573 2037 2643">
    <p class='ocr_par' dir='ltr' id='par_1_11' title="bbox 644 1573 2032 1784">
     <span class='ocr_line' id='line_1_26' title="bbox 709 1573 2030 1640; baseline -0.005 -16"><span class='ocrx_word' id='word_1_147' title='bbox 709 1576 840 1626; x_wconf 90' lang='lat' dir='ltr'>Unde</span> <span class='ocrx_word' id='word_1_148' title='bbox 866 1578 1050 1638; x_wconf 76' lang='lat' dir='ltr'>Moyses,</span> <span class='ocrx_word' id='word_1_149' title='bbox 1076 1578 1235 1622; x_wconf 66' lang='lat' dir='ltr'>iniee‘la</span> <span class='ocrx_word' id='word_1_150' title='bbox 1262 1575 1444 1621; x_wconf 88' lang='lat' dir='ltr'>dimidia</span> <span class='ocrx_word' id='word_1_151' title='bbox 1467 1576 1604 1640; x_wconf 77' lang='lat' dir='ltr'>virga,</span> <span class='ocrx_word' id='word_1_152' title='bbox 1631 1576 1732 1622; x_wconf 89' lang='lat' dir='ltr'>fecit</span> <span class='ocrx_word' id='word_1_153' title='bbox 1757 1593 1853 1622; x_wconf 89' lang='lat' dir='ltr'>eam</span> <span class='ocrx_word' id='word_1_154' title='bbox 1873 1573 2030 1620; x_wconf 87' lang='lat' dir='ltr'>exhau-</span> 
     </span>
     <span class='ocr_line' id='line_1_27' title="bbox 644 1644 2032 1712; baseline -0.004 -17"><span class='ocrx_word' id='word_1_155' title='bbox 644 1651 728 1709; x_wconf 74' lang='lat' dir='ltr'>riri,</span> <span class='ocrx_word' id='word_1_156' title='bbox 769 1651 813 1695; x_wconf 87' lang='lat'>&amp;</span> <span class='ocrx_word' id='word_1_157' title='bbox 853 1648 907 1694; x_wconf 81' lang='lat' dir='ltr'>fic</span> <span class='ocrx_word' id='word_1_158' title='bbox 952 1649 1168 1712; x_wconf 86' lang='lat' dir='ltr'>frequenti</span> <span class='ocrx_word' id='word_1_159' title='bbox 1213 1647 1494 1693; x_wconf 89' lang='lat' dir='ltr'>concuffione</span> <span class='ocrx_word' id='word_1_160' title='bbox 1541 1648 1786 1707; x_wconf 69' lang='lat' dir='ltr'>exercitata,</span> <span class='ocrx_word' id='word_1_161' title='bbox 1819 1646 1932 1692; x_wconf 59' lang='lat' dir='ltr'>faesia</span> <span class='ocrx_word' id='word_1_162' title='bbox 1974 1644 2032 1690; x_wconf 89' lang='lat' dir='ltr'>est</span> 
     </span>
     <span class='ocr_line' id='line_1_28' title="bbox 645 1719 861 1784; baseline -0.005 -17"><span class='ocrx_word' id='word_1_163' title='bbox 645 1719 861 1784; x_wconf 86' lang='lat' dir='ltr'>potabilis.</span> 
     </span>
    </p>

    <p class='ocr_par' dir='ltr' id='par_1_12' title="bbox 645 1787 2035 2197">
     <span class='ocr_line' id='line_1_29' title="bbox 709 1787 2033 1838; baseline -0.003 0"><span class='ocrx_word' id='word_1_164' title='bbox 709 1793 770 1838; x_wconf 79' lang='lat' dir='ltr'>Est</span> <span class='ocrx_word' id='word_1_165' title='bbox 803 1809 949 1838; x_wconf 86' lang='lat' dir='ltr'>autem</span> <span class='ocrx_word' id='word_1_166' title='bbox 979 1791 1196 1838; x_wconf 86' lang='lat' dir='ltr'>desertum</span> <span class='ocrx_word' id='word_1_167' title='bbox 1234 1793 1305 1838; x_wconf 88' lang='lat' dir='ltr'>Sin</span> <span class='ocrx_word' id='word_1_168' title='bbox 1331 1793 1442 1838; x_wconf 89' lang='lat' dir='ltr'>inter</span> <span class='ocrx_word' id='word_1_169' title='bbox 1473 1791 1578 1836; x_wconf 81' lang='lat' dir='ltr'>Elim</span> <span class='ocrx_word' id='word_1_170' title='bbox 1607 1792 1652 1836; x_wconf 69' lang='grc' dir='ltr'>ὃς</span> <span class='ocrx_word' id='word_1_171' title='bbox 1683 1793 1812 1836; x_wconf 78' lang='lat' dir='ltr'>Sinai.</span> <span class='ocrx_word' id='word_1_172' title='bbox 1862 1789 1907 1835; x_wconf 79' lang='lat' dir='ltr'>Et</span> <span class='ocrx_word' id='word_1_173' title='bbox 1930 1787 2033 1835; x_wconf 90' lang='lat' dir='ltr'>inde</span> 
     </span>
     <span class='ocr_line' id='line_1_30' title="bbox 645 1860 2032 1928; baseline -0.004 -17"><span class='ocrx_word' id='word_1_174' title='bbox 645 1883 723 1928; x_wconf 90' lang='lat' dir='ltr'>per</span> <span class='ocrx_word' id='word_1_175' title='bbox 738 1863 983 1911; x_wconf 83' lang='lat' dir='ltr'>manfiones</span> <span class='ocrx_word' id='word_1_176' title='bbox 995 1864 1088 1909; x_wconf 87' lang='lat' dir='ltr'>suas</span> <span class='ocrx_word' id='word_1_177' title='bbox 1104 1880 1316 1911; x_wconf 86' lang='lat' dir='ltr'>venerunt</span> <span class='ocrx_word' id='word_1_178' title='bbox 1329 1864 1372 1909; x_wconf 89' lang='lat' dir='ltr'>in</span> <span class='ocrx_word' id='word_1_179' title='bbox 1393 1866 1618 1926; x_wconf 78' lang='lat' dir='ltr'>‘Raphidim</span> <span class='ocrx_word' id='word_1_180' title='bbox 1635 1864 1680 1908; x_wconf 67' lang='grc' dir='ltr'>ὃς</span> <span class='ocrx_word' id='word_1_181' title='bbox 1698 1860 1801 1907; x_wconf 87' lang='lat' dir='ltr'>inde</span> <span class='ocrx_word' id='word_1_182' title='bbox 1819 1862 1864 1906; x_wconf 87' lang='lat' dir='ltr'>in</span> <span class='ocrx_word' id='word_1_183' title='bbox 1881 1864 2032 1919; x_wconf 79' lang='lat' dir='ltr'>Horeb,</span> 
     </span>
     <span class='ocr_line' id='line_1_31' title="bbox 647 1931 2034 2000; baseline -0.003 -18"><span class='ocrx_word' id='word_1_184' title='bbox 647 1939 722 2000; x_wconf 88' lang='lat' dir='ltr'>qui</span> <span class='ocrx_word' id='word_1_185' title='bbox 757 1937 816 1982; x_wconf 89' lang='lat' dir='ltr'>est</span> <span class='ocrx_word' id='word_1_186' title='bbox 845 1953 944 2000; x_wconf 84' lang='lat' dir='ltr'>pars</span> <span class='ocrx_word' id='word_1_187' title='bbox 978 1937 1141 1982; x_wconf 89' lang='lat' dir='ltr'>montis</span> <span class='ocrx_word' id='word_1_188' title='bbox 1173 1937 1304 1995; x_wconf 74' lang='lat' dir='ltr'>Sinai,</span> <span class='ocrx_word' id='word_1_189' title='bbox 1342 1934 1415 1982; x_wconf 88' lang='lat' dir='ltr'>ubi</span> <span class='ocrx_word' id='word_1_190' title='bbox 1448 1935 1633 1996; x_wconf 82' lang='lat' dir='ltr'>Moyses,</span> <span class='ocrx_word' id='word_1_191' title='bbox 1665 1931 1862 1997; x_wconf 84' lang='lat' dir='ltr'>percussa</span> <span class='ocrx_word' id='word_1_192' title='bbox 1897 1948 2034 1995; x_wconf 83' lang='lat' dir='ltr'>petra,</span> 
     </span>
     <span class='ocr_line' id='line_1_32' title="bbox 647 2003 2035 2070; baseline -0.004 -16"><span class='ocrx_word' id='word_1_193' title='bbox 647 2007 795 2054; x_wconf 84' lang='lat' dir='ltr'>eduxit</span> <span class='ocrx_word' id='word_1_194' title='bbox 819 2024 1008 2069; x_wconf 86' lang='lat' dir='ltr'>aquam:</span> <span class='ocrx_word' id='word_1_195' title='bbox 1035 2024 1120 2069; x_wconf 87' lang='lat' dir='ltr'>que</span> <span class='ocrx_word' id='word_1_196' title='bbox 1152 2006 1309 2052; x_wconf 88' lang='lat' dir='ltr'>dicitur</span> <span class='ocrx_word' id='word_1_197' title='bbox 1340 2022 1464 2070; x_wconf 89' lang='lat' dir='ltr'>petra</span> <span class='ocrx_word' id='word_1_198' title='bbox 1494 2004 1661 2051; x_wconf 86' lang='lat' dir='ltr'>Horeb.</span> <span class='ocrx_word' id='word_1_199' title='bbox 1699 2004 1744 2050; x_wconf 83' lang='lat' dir='ltr'>Et</span> <span class='ocrx_word' id='word_1_200' title='bbox 1774 2021 1923 2050; x_wconf 88' lang='lat' dir='ltr'>tamen</span> <span class='ocrx_word' id='word_1_201' title='bbox 1952 2003 2035 2048; x_wconf 87' lang='lat' dir='ltr'>alia</span> 
     </span>
     <span class='ocr_line' id='line_1_33' title="bbox 647 2073 2033 2142; baseline -0.004 -17"><span class='ocrx_word' id='word_1_202' title='bbox 647 2096 769 2142; x_wconf 85' lang='lat' dir='ltr'>petra</span> <span class='ocrx_word' id='word_1_203' title='bbox 805 2078 959 2125; x_wconf 83' lang='lat' dir='ltr'>Horeb</span> <span class='ocrx_word' id='word_1_204' title='bbox 994 2078 1110 2125; x_wconf 60' lang='lat' dir='ltr'>diela</span> <span class='ocrx_word' id='word_1_205' title='bbox 1152 2076 1222 2137; x_wconf 77' lang='lat' dir='ltr'>fic,</span> <span class='ocrx_word' id='word_1_206' title='bbox 1259 2078 1361 2141; x_wconf 90' lang='lat' dir='ltr'>quia</span> <span class='ocrx_word' id='word_1_207' title='bbox 1408 2077 1573 2122; x_wconf 88' lang='lat' dir='ltr'>occisus</span> <span class='ocrx_word' id='word_1_208' title='bbox 1616 2076 1675 2122; x_wconf 90' lang='lat' dir='ltr'>est</span> <span class='ocrx_word' id='word_1_209' title='bbox 1717 2077 1762 2121; x_wconf 90' lang='lat' dir='ltr'>in</span> <span class='ocrx_word' id='word_1_210' title='bbox 1802 2093 1853 2121; x_wconf 88' lang='lat' dir='ltr'>ea</span> <span class='ocrx_word' id='word_1_211' title='bbox 1881 2073 2033 2121; x_wconf 89' lang='lat' dir='ltr'>Horeb</span> 
     </span>
     <span class='ocr_line' id='line_1_34' title="bbox 646 2151 896 2197; baseline 0 0"><span class='ocrx_word' id='word_1_212' title='bbox 646 2151 896 2197; x_wconf 84' lang='lat' dir='ltr'>Madianita.</span> 
     </span>
    </p>

    <p class='ocr_par' dir='ltr' id='par_1_13' title="bbox 647 2217 2037 2643">
     <span class='ocr_line' id='line_1_35' title="bbox 712 2217 2034 2286; baseline -0.004 -18"><span class='ocrx_word' id='word_1_213' title='bbox 712 2223 858 2269; x_wconf 87' lang='lat' dir='ltr'>Mense</span> <span class='ocrx_word' id='word_1_214' title='bbox 887 2223 1014 2286; x_wconf 82' lang='lat' dir='ltr'>igitur</span> <span class='ocrx_word' id='word_1_215' title='bbox 1039 2223 1166 2268; x_wconf 89' lang='lat' dir='ltr'>tertio</span> <span class='ocrx_word' id='word_1_216' title='bbox 1189 2220 1436 2286; x_wconf 75' lang='lat' dir='ltr'>egressionis</span> <span class='ocrx_word' id='word_1_217' title='bbox 1456 2219 1511 2266; x_wconf 89' lang='lat' dir='ltr'>de</span> <span class='ocrx_word' id='word_1_218' title='bbox 1530 2219 1714 2284; x_wconf 76' lang='lat' dir='ltr'>Egypm,</span> <span class='ocrx_word' id='word_1_219' title='bbox 1733 2217 1779 2263; x_wconf 86' lang='lat' dir='ltr'>id</span> <span class='ocrx_word' id='word_1_220' title='bbox 1800 2218 1872 2278; x_wconf 71' lang='lat' dir='ltr'>est,</span> <span class='ocrx_word' id='word_1_221' title='bbox 1896 2218 2034 2277; x_wconf 80' lang='lat' dir='ltr'>iunio,</span> 
     </span>
     <span class='ocr_line' id='line_1_36' title="bbox 647 2290 2034 2353; baseline -0.004 -13"><span class='ocrx_word' id='word_1_222' title='bbox 647 2294 734 2340; x_wconf 88' lang='lat' dir='ltr'>hoc</span> <span class='ocrx_word' id='word_1_223' title='bbox 759 2294 832 2353; x_wconf 73' lang='lat' dir='ltr'>est,</span> <span class='ocrx_word' id='word_1_224' title='bbox 863 2292 1058 2340; x_wconf 85' lang='lat' dir='ltr'>kalendis</span> <span class='ocrx_word' id='word_1_225' title='bbox 1098 2295 1219 2353; x_wconf 72' lang='lat' dir='ltr'>iunij‚</span> <span class='ocrx_word' id='word_1_226' title='bbox 1254 2308 1466 2340; x_wconf 89' lang='lat' dir='ltr'>venerunt</span> <span class='ocrx_word' id='word_1_227' title='bbox 1502 2291 1558 2338; x_wconf 92' lang='lat' dir='ltr'>ad</span> <span class='ocrx_word' id='word_1_228' title='bbox 1593 2307 1795 2336; x_wconf 91' lang='lat' dir='ltr'>montem</span> <span class='ocrx_word' id='word_1_229' title='bbox 1821 2292 1953 2347; x_wconf 78' lang='lat' dir='ltr'>Sinai,</span> <span class='ocrx_word' id='word_1_230' title='bbox 1990 2290 2034 2334; x_wconf 87' lang='lat' dir='ltr'>in</span> 
     </span>
     <span class='ocr_line' id='line_1_37' title="bbox 649 2362 2036 2428; baseline -0.004 -16"><span class='ocrx_word' id='word_1_231' title='bbox 649 2383 738 2427; x_wconf 83' lang='lat' dir='ltr'>quo</span> <span class='ocrx_word' id='word_1_232' title='bbox 762 2366 830 2412; x_wconf 84' lang='lat' dir='ltr'>lex</span> <span class='ocrx_word' id='word_1_233' title='bbox 855 2365 956 2411; x_wconf 88' lang='lat' dir='ltr'>data</span> <span class='ocrx_word' id='word_1_234' title='bbox 980 2366 1038 2411; x_wconf 88' lang='lat' dir='ltr'>est</span> <span class='ocrx_word' id='word_1_235' title='bbox 1064 2367 1110 2411; x_wconf 86' lang='lat'>&amp;</span> <span class='ocrx_word' id='word_1_236' title='bbox 1134 2382 1233 2411; x_wconf 89' lang='lat' dir='ltr'>arca</span> <span class='ocrx_word' id='word_1_237' title='bbox 1258 2363 1313 2410; x_wconf 87' lang='lat' dir='ltr'>de</span> <span class='ocrx_word' id='word_1_238' title='bbox 1340 2364 1468 2428; x_wconf 84' lang='lat' dir='ltr'>lignis</span> <span class='ocrx_word' id='word_1_239' title='bbox 1495 2364 1619 2409; x_wconf 88' lang='lat' dir='ltr'>setim</span> <span class='ocrx_word' id='word_1_240' title='bbox 1652 2363 1776 2409; x_wconf 55' lang='lat' dir='ltr'>faela.</span> <span class='ocrx_word' id='word_1_241' title='bbox 1820 2362 2036 2408; x_wconf 89' lang='lat' dir='ltr'>Dicuntur</span> 
     </span>
     <span class='ocr_line' id='line_1_38' title="bbox 648 2432 2037 2501; baseline -0.004 -18"><span class='ocrx_word' id='word_1_242' title='bbox 648 2453 795 2483; x_wconf 89' lang='lat' dir='ltr'>autem</span> <span class='ocrx_word' id='word_1_243' title='bbox 818 2437 940 2501; x_wconf 80' lang='lat' dir='ltr'>ligna</span> <span class='ocrx_word' id='word_1_244' title='bbox 963 2437 1036 2483; x_wconf 88' lang='lat' dir='ltr'>illa</span> <span class='ocrx_word' id='word_1_245' title='bbox 1062 2436 1118 2483; x_wconf 89' lang='lat' dir='ltr'>ab</span> <span class='ocrx_word' id='word_1_246' title='bbox 1154 2435 1338 2483; x_wconf 88' lang='lat' dir='ltr'>Hebreis</span> <span class='ocrx_word' id='word_1_247' title='bbox 1372 2434 1590 2482; x_wconf 82' lang='lat' dir='ltr'>hornon.d</span> <span class='ocrx_word' id='word_1_248' title='bbox 1613 2438 1657 2480; x_wconf 89' lang='lat' dir='ltr'>In</span> <span class='ocrx_word' id='word_1_249' title='bbox 1692 2452 1793 2480; x_wconf 90' lang='lat' dir='ltr'>arca</span> <span class='ocrx_word' id='word_1_250' title='bbox 1816 2432 1955 2497; x_wconf 78' lang='lat' dir='ltr'>posita</span> <span class='ocrx_word' id='word_1_251' title='bbox 1979 2432 2037 2478; x_wconf 93' lang='lat' dir='ltr'>est</span> 
     </span>
     <span class='ocr_line' id='line_1_39' title="bbox 651 2505 2035 2569; baseline -0.003 -15"><span class='ocrx_word' id='word_1_252' title='bbox 651 2508 906 2567; x_wconf 83' lang='lat' dir='ltr'>testificatio,</span> <span class='ocrx_word' id='word_1_253' title='bbox 935 2508 980 2554; x_wconf 87' lang='lat' dir='ltr'>id</span> <span class='ocrx_word' id='word_1_254' title='bbox 1005 2509 1077 2568; x_wconf 80' lang='lat' dir='ltr'>est,</span> <span class='ocrx_word' id='word_1_255' title='bbox 1104 2507 1263 2568; x_wconf 77' lang='lat' dir='ltr'>tabule,</span> <span class='ocrx_word' id='word_1_256' title='bbox 1288 2509 1331 2554; x_wconf 91' lang='lat' dir='ltr'>in</span> <span class='ocrx_word' id='word_1_257' title='bbox 1369 2506 1521 2569; x_wconf 88' lang='lat' dir='ltr'>quibus</span> <span class='ocrx_word' id='word_1_258' title='bbox 1550 2507 1758 2569; x_wconf 88' lang='lat' dir='ltr'>scriptum</span> <span class='ocrx_word' id='word_1_259' title='bbox 1796 2521 1886 2551; x_wconf 91' lang='lat' dir='ltr'>erat</span> <span class='ocrx_word' id='word_1_260' title='bbox 1914 2505 2035 2551; x_wconf 88' lang='lat' dir='ltr'>testa-</span> 
     </span>
     <span class='ocr_line' id='line_1_40' title="bbox 650 2576 2034 2643; baseline -0.003 -17"><span class='ocrx_word' id='word_1_261' title='bbox 650 2597 861 2626; x_wconf 89' lang='lat' dir='ltr'>mentum.</span> <span class='ocrx_word' id='word_1_262' title='bbox 949 2598 1180 2643; x_wconf 87' lang='lat' dir='ltr'>uecunque</span> <span class='ocrx_word' id='word_1_263' title='bbox 1208 2580 1325 2625; x_wconf 92' lang='lat' dir='ltr'>enim</span> <span class='ocrx_word' id='word_1_264' title='bbox 1353 2577 1408 2624; x_wconf 75' lang='lat' dir='ltr'>sic</span> <span class='ocrx_word' id='word_1_265' title='bbox 1432 2576 1617 2641; x_wconf 74' lang='lat' dir='ltr'>reposita</span> <span class='ocrx_word' id='word_1_266' title='bbox 1647 2578 1744 2623; x_wconf 84' lang='lat' dir='ltr'>sunt</span> <span class='ocrx_word' id='word_1_267' title='bbox 1775 2576 2034 2635; x_wconf 82' lang='lat' dir='ltr'>testimonia,</span> 
     </span>
    </p>
   </div>
   <div class='ocr_carea' id='block_1_11' title="bbox 653 2689 2032 2781">
    <p class='ocr_par' dir='ltr' id='par_1_14' title="bbox 653 2689 2032 2781">
     <span class='ocr_line' id='line_1_41' title="bbox 698 2689 2032 2734; baseline -0.003 -8"><span class='ocrx_word' id='word_1_268' title='bbox 698 2706 730 2726; x_wconf 87' lang='lat' dir='ltr'>a.</span> <span class='ocrx_word' id='word_1_269' title='bbox 759 2694 792 2726; x_wconf 93' lang='lat' dir='ltr'>L.</span> <span class='ocrx_word' id='word_1_270' title='bbox 821 2694 891 2726; x_wconf 90' lang='lat' dir='ltr'>Sur.</span> <span class='ocrx_word' id='word_1_271' title='bbox 925 2712 969 2718; x_wconf 89' lang='lat'><strong>—</strong></span> <span class='ocrx_word' id='word_1_272' title='bbox 1004 2694 1037 2727; x_wconf 91' lang='lat' dir='ltr'>b.</span> <span class='ocrx_word' id='word_1_273' title='bbox 1067 2694 1100 2727; x_wconf 91' lang='lat' dir='ltr'>L.</span> <span class='ocrx_word' id='word_1_274' title='bbox 1137 2693 1300 2734; x_wconf 83' lang='lat' dir='ltr'>Marach,</span> <span class='ocrx_word' id='word_1_275' title='bbox 1433 2702 1461 2724; x_wconf 92' lang='lat' dir='ltr'>c.</span> <span class='ocrx_word' id='word_1_276' title='bbox 1484 2691 1533 2731; x_wconf 79' lang='lat' dir='ltr'>L.;</span> <span class='ocrx_word' id='word_1_277' title='bbox 1557 2691 1637 2724; x_wconf 81' lang='lat' dir='ltr'>Lov.</span> <span class='ocrx_word' id='word_1_278' title='bbox 1657 2690 1785 2724; x_wconf 87' lang='lat' dir='ltr'>vinum.</span> <span class='ocrx_word' id='word_1_279' title='bbox 1807 2709 1848 2714; x_wconf 98' lang='lat'><strong>—</strong></span> <span class='ocrx_word' id='word_1_280' title='bbox 1875 2689 1907 2721; x_wconf 93' lang='lat' dir='ltr'>d.</span> <span class='ocrx_word' id='word_1_281' title='bbox 1935 2689 2032 2729; x_wconf 82' lang='lat' dir='ltr'>Lov.;</span> 
     </span>
     <span class='ocr_line' id='line_1_42' title="bbox 653 2745 1583 2781; baseline -0.001 -1"><span class='ocrx_word' id='word_1_282' title='bbox 653 2747 907 2781; x_wconf 77' lang='lat' dir='ltr'>Lov.Marat}1.</span> <span class='ocrx_word' id='word_1_283' title='bbox 1388 2745 1412 2780; x_wconf 94' lang='lat' dir='ltr'><em>L</em></span> <span class='ocrx_word' id='word_1_284' title='bbox 1452 2746 1583 2779; x_wconf 63' lang='lat' dir='ltr'>Orrionv</span> 
     </span>
    </p>
   </div>
  </div>
 </body>
</html>
