2216 3435
590 194 654 226 DE
680 194 860 226 TERRA
885 195 1104 227 SANCTA.
1472 183 1528 245 ὣς

165 342 305 387 noster
326 339 430 384 Iesus
453 338 644 383 Christus
665 355 765 383 cum
786 338 990 399 apostolis
1011 338 1220 385 fundavit.
1244 340 1333 401 Ipsa
1354 340 1433 386 fuit
1455 339 1534 384 clo-

163 429 257 457 mus
278 411 407 455 sancsti
427 409 560 454 Marci
579 408 852 471 Evangeliste.
873 409 1113 467 Columna,
1129 426 1215 471 que
1236 410 1317 455 fuit
1333 410 1377 454 in
1396 409 1534 455 domo

163 482 348 543 Caiphe,
374 481 432 526 est
456 479 593 525 modo
619 482 661 525 in
687 481 832 525 sanc‘ta
856 481 987 540 Sion3
1026 478 1133 525 iussu
1167 481 1350 526 Domini
1378 481 1470 544 ipsa
1492 483 1536 527 in

164 554 354 598 sancstam
370 553 474 598 Sion
496 552 635 597 secuta
654 552 722 596 est.
750 553 868 597 Dum
888 569 992 598 vero
1011 550 1297 615 flagellaretur
1318 552 1537 599 Dominus

158 625 203 668 ὃ(
227 624 481 668 columnam
506 622 836 685 amplexaretur,
868 620 971 668 sicut
1002 623 1046 667 in
1071 639 1168 668 cera
1198 623 1322 668 molli
1348 621 1536 682 brachia,

158 712 310 740 manus
334 696 378 739 ὃς
404 692 528 756 digiti
552 695 597 738 in
616 710 667 738 ea
685 693 898 753 heserunt,
923 695 969 739 &
988 692 1129 740 adhuc
1151 694 1327 758 vestigia
1345 693 1539 757 expressa

155 781 415 828 comparent
437 765 481 810 in
507 765 632 823 facie,
658 781 825 822 mentO,
851 766 957 811 naso
983 767 1027 810 ὅ(
1063 766 1105 810 in
1135 765 1283 811 oculis.
1317 766 1363 812 Et
1395 767 1454 812 est
1480 765 1539 812 ibi

157 838 199 881 in
226 835 371 881 media
416 833 586 880 bafilica
625 852 792 880 corona
828 835 992 898 spinea,
1028 835 1143 881 unde
1184 851 1419 882 coronatus
1461 836 1540 882 fuit

157 909 375 953 Dominus
399 905 518 968 apud
543 905 710 966 ludeos,
736 908 781 952 ὅ(
806 906 917 952 milit
943 925 1123 953 manum
1152 908 1277 970 super
1309 924 1537 954 coronam.

158 978 258 1023 Inde
283 979 400 1024 venis
427 976 481 1023 acl
509 978 750 1023 sacrarium.
779 978 822 1023 Et
849 977 907 1023 ibi
932 979 990 1024 est
1013 979 1176 1024 lancea.
1216 979 1260 1023 Et
1277 977 1337 1023 ibi
1356 979 1413 1024 est
1429 980 1539 1042 lapis

157 1050 240 1108 ille,
268 1049 382 1094 unde
414 1047 627 1111 lapidatus
663 1049 720 1094 est
758 1050 925 1095 sancius
961 1050 1217 1111 Stephanus.
1257 1048 1314 1094 lbi
1350 1049 1540 1096 docebat

160 1122 379 1166 Dominus
403 1118 635 1181 dilcipulos
662 1120 775 1179 suos,
803 1138 938 1181 quum
964 1123 1134 1167 cenavit
1161 1138 1261 1166 cum
1286 1124 1356 1167 eiS.

226 1193 293 1236 De
313 1191 458 1236 sanfia
477 1192 578 1235 Sion
601 1188 656 1234 ad
673 1194 827 1235 domum
846 1194 1016 1252 Caiphe,
1044 1210 1128 1253 que
1147 1192 1204 1237 est
1228 1191 1366 1238 modo
1383 1195 1539 1256 ecclefia

147 1265 285 1324 sancii
313 1267 442 1319 Petri,
471 1263 565 1307 sunt
589 1263 685 1324 plus
711 1264 850 1308 minus
877 1262 1020 1325 paffus
1046 1281 1228 1309 numero
1258 1265 1283 1309 I.

223 1335 308 1379 VII.
335 1336 402 1380 De
422 1333 560 1378 domo
580 1334 750 1397 Caiphe
770 1335 901 1396 usque
922 1333 977 1379 ad
995 1340 1217 1397 prezorium
1240 1338 1372 1380 Pilati
1398 1334 1539 1398 paffus

157 1423 341 1451 numero
356 1423 390 1451 c.
415 1403 473 1450 Ibi
489 1405 546 1450 est
568 1408 869 1469 ecclefiasancsie
885 1409 1078 1468 Soplzie.0
1114 1410 1230 1453 IuXta
1245 1407 1370 1453 camb
1394 1406 1540 1453 missus

162 1479 220 1524 est
245 1479 412 1523 sandstus
439 1477 633 1521 Ieremias
658 1478 701 1522 in
726 1478 882 1523 lacum.
901 1488 913 1505 ⁶

221 1550 325 1594 VIII.
366 1549 530 1609 Piscina
550 1548 667 1592 Siloa
692 1564 717 1592 a
736 1547 848 1607 lacu,
870 1547 943 1594 ubi
969 1548 1116 1595 miffus
1139 1550 1196 1595 est
1222 1550 1416 1596 Ieremias
1440 1567 1541 1614 pro-

158 1620 303 1683 pheta,
326 1616 457 1664 habet
475 1616 619 1681 paffus
643 1635 827 1664 numero
853 1636 892 1679 c,
917 1637 1003 1682 que
1026 1621 1189 1683 piscina
1212 1620 1352 1668 intrad
1371 1637 1543 1667 murum

160 1692 229 1738 est.
255 1693 296 1736 A
309 1689 448 1736 domo
463 1689 578 1736 Pilati
592 1689 725 1752 usque
738 1689 796 1736 ad
799 1694 1001 1753 piscinam
1007 1695 1261 1754 probaticam
1282 1693 1380 1756 plus
1400 1693 1542 1739 minus

159 1761 303 1828 paffus
344 1777 529 1807 numero
571 1777 607 1807 c.
656 1759 715 1806 Ibi
756 1763 976 1809 Dominus
1019 1763 1213 1809 Christus
1254 1764 1542 1827 paralyticum

163 1834 339 1892 curavit,
380 1834 495 1878 cuius
534 1831 736 1896 grabatus
769 1832 911 1879 adhuc
945 1833 1004 1879 ibi
1041 1834 1130 1880 stat.
1176 1838 1293 1881 quta
1330 1836 1541 1899 piscinam

162 1904 451 1968 probaticam,
489 1901 559 1948 ubi
594 1903 633 1948 se
671 1903 876 1949 lavabant
908 1904 1065 1950 infirmi
1098 1908 1142 1950 ὅ(
1176 1905 1449 1966 sanabantur,
1484 1908 1542 1953 est

162 1976 319 2037 ecclesia
344 1977 454 2019 beate
480 1979 669 2035 virginis.

228 2047 292 2091 IX.
331 2046 375 2090 Et
393 2048 512 2092 venis
528 2046 582 2092 ad
602 2047 719 2092 illam
731 2052 896 2109 pinnam
920 2051 1070 2110 templi,
1092 2047 1163 2094 ubi
1178 2051 1359 2095 tentavit
1374 2051 1539 2096 satanas

161 2119 406 2163 Dominum
434 2118 628 2163 nostrum
656 2119 790 2164 Iesum
816 2119 1050 2179 Christum,
1076 2123 1120 2165 ὅ(
1145 2121 1202 2165 est
1227 2120 1286 2166 ibi
1306 2120 1475 2167 bafihca
1496 2123 1538 2167 in

159 2206 284 2236 cruce
305 2187 454 2251 pofita.
483 2193 600 2235 quta
616 2191 836 2236 civitatem
850 2192 907 2237 est
921 2193 1056 2251 Iocus,
1078 2194 1151 2254 qui
1171 2209 1352 2238 vocatur
1371 2194 1540 2239 santstus

161 2258 301 2320 Iacob,
327 2261 428 2321 quia
447 2260 531 2305 illic
552 2259 701 2307 beatus
725 2261 918 2319 Iacobus,
937 2263 1162 2309 ordinatus
1176 2262 1231 2308 ab
1253 2264 1345 2326 ipso
1367 2264 1539 2309 Christo

158 2331 578 2391 Hierosolymitanus
613 2332 860 2395 episcopus,
900 2335 995 2397 post
1033 2333 1329 2380 ascensionem
1358 2336 1542 2382 Domini

161 2402 357 2467 (excusso
383 2402 583 2467 cerebro)
622 2404 676 2449 de
713 2406 847 2467 pinna
873 2406 1024 2468 templi
1065 2407 1346 2468 precipitatus
1387 2407 1458 2463 est,
1497 2410 1542 2452 ὃ(

154 2475 259 2521 nihil
283 2476 320 2520 ei
344 2476 508 2532 nocuit,
536 2475 608 2521 sed
636 2475 741 2521 fullo
769 2494 869 2521 eum
897 2475 951 2523 cle
985 2480 1122 2535 veclo,
1150 2494 1283 2538 quem
1314 2495 1540 2541 reportare

152 2546 449 2605 consueverat,
475 2546 649 2605 occidit,
676 2549 721 2592 ὃς
745 2546 904 2610 positus
930 2549 986 2593 est
1011 2550 1053 2594 in
1081 2565 1232 2595 monte
1260 2549 1437 2595 Olivcti.

200 2681 228 2700 a.
248 2669 401 2701 Tantum
427 2670 508 2701 lav.
526 2669 546 2701 s*
564 2669 729 2701 Iohannis.
753 2689 793 2694 «ψ
884 2671 992 2702 lacum
1025 2671 1178 2703 columne
1215 2671 1270 2715 qui
1299 2672 1343 2703 fui
1371 2671 1401 2703 in
1437 2671 1539 2703 domo

156 2723 185 2753 b.
220 2723 269 2762 L,
297 2724 379 2755 Lov.
401 2735 416 2754 e
439 2722 554 2754 vicino,
573 2741 613 2746 ——
637 2734 662 2754 c.
696 2723 792 2754 Tan·
885 2723 1034 2766 Cayphe.
1060 2743 1099 2747 —
1128 2724 1158 2755 d.
1188 2725 1278 2757 Forte
1297 2724 1396 2756 infra.

156 2783 224 2806 tuin
262 2776 293 2807 L.
319 2775 350 2807 in
374 2776 480 2807 lacum
509 2775 660 2817 leonum,
696 2776 730 2807 V.
760 2775 789 2807 in

1361 2878 1377 2907 9

1567 1214 1684 1243 Domus
1695 1213 1816 1254 Caiphae

1602 1256 1620 1284 s.
1637 1256 1757 1285 ecclesia
1776 1255 1797 1284 s.

1656 1297 1746 1327 Petri.

1589 1356 1777 1386 Praetorium.

1601 1423 1728 1453 Ecclesia
1751 1424 1771 1453 s.

1623 1465 1752 1504 Sophiae.

1582 1709 1695 1741 Piscina
1711 1720 1779 1750 pro-

1624 1752 1728 1783 batica.

1584 1992 1708 2021 Ecclesia
1727 1993 1759 2020 13.
1780 1992 1820 2018 V.

1582 2067 1759 2105 Templum.
