2216 3435
694 131 778 188 178
1251 144 1509 178 ARCULFUS

681 296 862 342 fundata
884 297 1002 356 loco,
1022 295 1094 343 ubi
1113 298 1349 343 Dominica
1368 298 1620 344 vestimenta
1639 299 1744 345 hora
1764 300 1833 346 illa
1858 300 2070 347 custodita

682 369 792 428 sunt,
819 386 905 432 qua
928 368 1171 433 baptizatus
1197 370 1253 415 est
1279 371 1508 417 Dominus.
1536 372 1645 430 Haec,
1672 389 1862 434 quatuor
1885 373 2067 436 lapideis

680 439 850 486 suffulta
875 444 1069 501 cameris,
1105 443 1181 487 stat
1223 442 1345 504 super
1372 460 1505 505 aquas
1536 442 1839 503 inhabitabilis,
1866 446 1968 506 quia
1994 444 2069 490 sub

680 511 820 574 ipsam
849 514 949 559 hinc
974 516 1018 559 ὃς
1045 513 1146 559 inde
1171 512 1414 561 subintrant
1439 532 1562 577 aque.
1592 517 1688 562 Hec
1720 517 1902 579 desuper
1925 516 2069 562 coelili

685 586 928 648 protegitur
954 602 1086 645 creta,
1113 585 1284 631 inferius
1309 604 1428 646 vero,
1454 604 1499 632 ut
1524 586 1689 633 diclum
1715 589 1786 645 est,
1819 589 1999 633 cameris
2024 589 2068 632 ὃς

684 654 867 701 arcubus
894 657 1131 702 sustentata.
1162 658 1259 702 Hec
1285 658 1378 703 talis
1399 657 1573 705 ecclesia
1598 661 1641 704 in
1658 660 1764 705 locis
1789 658 2066 705 inferioribus

680 726 789 772 illius
821 728 941 774 vallis
967 730 1112 788 exstat,
1139 746 1215 792 per
1246 747 1378 791 quam
1410 729 1549 776 influit
1583 730 1774 777 iordanis
1809 730 1983 790 fluvius3
2022 732 2066 776 in

680 798 968 861 superioribus
993 817 1097 847 vero
1122 801 1230 846 locis
1256 800 1485 863 quoddam
1511 803 1615 848 inest
1639 802 1806 866 grande
1826 804 2068 849 monacho-

679 888 775 916 rum
823 877 1116 932 monasterium,
1168 872 1289 935 quod
1342 873 1467 936 supra
1523 873 1734 937 descripte
1782 875 2069 937 supereminet

679 942 854 989 ecclesie
882 944 927 988 in
960 944 1186 1006 supercilio
1221 945 1449 990 monticuli
1482 963 1504 990 e
1546 947 1726 1009 regione
1758 946 2065 1004 consti-unum,

678 1013 932 1078 ibidemque
956 1014 1146 1075 ecclefia,
1174 1016 1217 1060 in
1243 1016 1413 1060 honore
1439 1015 1572 1061 sancii
1603 1015 1883 1079 baptizatoris
1913 1017 2066 1063 lohan-

679 1087 742 1131 nis
770 1086 966 1146 fundata,
999 1086 1158 1133 eodem
1193 1087 1439 1146 monasterij
1466 1087 1759 1134 circumdatur
1790 1106 1932 1148 mum,
1958 1106 2062 1151 qua—

681 1158 811 1204 dratis
837 1159 1084 1205 construelo
1110 1158 1337 1222 lapidibus.

836 1326 930 1372 XV.
970 1330 1036 1372 ‘De
1060 1329 1193 1372 colore
1217 1330 1404 1373 Iordanis
1433 1328 1473 1372 ὃ»
1498 1330 1545 1373 de
1573 1331 1677 1373 mari
1703 1329 1900 1373 mortuo.

743 1437 935 1484 Iordanis
962 1439 1084 1484 color
1109 1438 1312 1498 fluminis,
1339 1437 1443 1485 sicut
1467 1438 1594 1486 nobis
1613 1439 1813 1484 Arculfus
1832 1440 2063 1497 intimavit,

677 1509 846 1556 albidus
874 1512 917 1556 in
940 1510 1177 1574 superficie,
1205 1510 1319 1574 quasi
1343 1511 1424 1570 lac,
1456 1511 1640 1571 videtur,
1673 1513 1791 1557 cuius
1825 1511 1918 1557 talis
1943 1511 2067 1557 color

677 1600 795 1628 mare
820 1583 1061 1629 Salinarum
1086 1584 1295 1642 intrantis,
1332 1583 1472 1647 longo
1492 1583 1621 1629 maris
1644 1584 1828 1643 tramite,
1870 1601 1895 1628 a
1915 1583 2064 1629 colore

677 1655 805 1699 maris
830 1655 990 1701 Mortui
1015 1673 1091 1718 per
1117 1655 1290 1702 alveum
1315 1655 1403 1700 eius
1430 1655 1555 1700 facile
1582 1654 1764 1701 discerni
1788 1655 1939 1717 potest.

743 1725 882 1788 Quod
918 1725 1119 1772 videlicet
1156 1729 1380 1772 fflortuum
1414 1745 1521 1772 mare
1557 1727 1600 1771 in
1634 1727 1805 1790 magnis
1835 1726 2064 1789 tempesta-

678 1795 818 1843 tibus⁰
843 1797 1063 1843 collisione
1099 1797 1309 1843 fluc'tuum
1345 1797 1401 1843 ad
1428 1814 1557 1843 terras
1584 1798 1642 1843 sal
1666 1796 1824 1856 eiicit,b
1846 1815 1923 1860 per
1955 1798 2065 1843 illius

676 1869 806 1914 maris
819 1870 1047 1915 circuitum
1065 1868 1336 1916 abundanter
1354 1867 1501 1915 haberi
1519 1870 1658 1928 soletf
1678 1868 1800 1932 quod
1819 1886 1910 1915 non
1923 1870 2064 1915 solum

677 1940 871 2002 undique
896 1942 1061 2001 vicinis,
1086 1941 1158 1987 sed
1186 1941 1317 1986 etiam
1343 1941 1478 2005 longe
1498 1939 1642 2004 positis
1663 1939 1915 1987 nationibus
1936 1940 2064 1988 valde

676 2029 891 2075 magnum
912 2013 1161 2076 profec‘lum
1188 2011 1354 2075 prebet,
1381 2013 1477 2057 solis
1506 2012 1651 2058 calore
1676 2013 1772 2058 satis
1802 2011 2062 2059 sufficienter

676 2082 893 2130 siccatum.
916 2084 1051 2130 Aliter
1075 2101 1179 2131 vero
1201 2084 1260 2129 sal
1284 2084 1327 2129 in
1355 2083 1550 2145 quodam
1574 2084 1718 2130 Siculo
1737 2101 1890 2130 monte
1914 2083 2064 2131 haberi

677 2155 811 2215 solet3
836 2173 940 2201 nam
964 2156 1073 2201 illius
1098 2155 1259 2201 montis
1283 2154 1465 2218 lapides,
1501 2153 1555 2200 de
1588 2171 1697 2200 terra
1730 2154 1874 2214 evulfi,
1912 2173 2063 2202 verum

678 2227 927 2274 naturaliter
951 2227 1212 2273 salsissimum
1242 2227 1301 2273 sal
1325 2225 1409 2272 effe
1438 2227 1562 2291 gustu
1588 2225 1917 2289 comprobatur,
1942 2226 2065 2290 quod

680 2300 856 2361 proprie
880 2300 1133 2345 nominatur
1158 2299 1216 2345 sal
1240 2316 1358 2345 terre.
1398 2298 1532 2344 Aliter
1556 2315 1660 2344 vero
1686 2299 1744 2344 sal
1780 2300 1910 2344 maris
1934 2315 2065 2362 atque

679 2370 800 2416 aliter
835 2371 894 2416 sal
919 2387 1027 2417 terre
1066 2372 1215 2418 vocari
1240 2370 1358 2416 solet.
1385 2369 1515 2417 Unde
1544 2371 1589 2415 ὃς
1610 2371 1829 2416 Dominus
1861 2371 1906 2417 in
1929 2370 2063 2418 Evan-

679 2442 797 2505 gelio
834 2460 911 2505 per
943 2441 1266 2489 similitudinem
1306 2441 1362 2487 ad
1400 2442 1623 2504 apostolos
1668 2440 1816 2488 dixisse
1857 2441 2061 2489 creditur:

689 2517 767 2559 Vos
791 2518 881 2574 estis
896 2516 968 2576 sal
994 2532 1109 2571 terre,
1139 2516 1183 2560 ἃ
1208 2530 1360 2560 cetera.
1388 2514 1456 2559 De
1483 2513 1569 2558 hoc
1601 2514 1747 2575 itaque
1774 2513 1857 2559 sale
1882 2530 1991 2559 terre
2015 2513 2060 2559 in

724 2642 751 2662 a.
779 2632 917 2664 *Tantum
938 2632 974 2664 L.
1001 2631 1324 2676 tempestacionibus.
1412 2643 1441 2665 c.
1460 2634 1553 2665 Addo
1574 2632 1662 2665 solet.

678 2703 720 2708 —
749 2685 778 2717 b.
810 2685 858 2717 Sic
890 2685 1033 2729 [ον’-τέω,-
1066 2685 1111 2717 al.
1142 2684 1250 2718 efficit.
1284 2704 1325 2708 —
