2216 3435
562 213 587 245 2
600 212 656 263 54
767 212 1206 245 SANCTIMONIALIS
1244 211 1727 244 HEYDENHEIMENSIS

559 374 655 402 cetu
677 356 754 401 tuti
779 357 860 401 toti
879 355 1065 401 tumidas
1083 355 1272 401 militum
1290 356 1514 402 evaserunt
1534 357 1749 415 versutias,
1770 356 1941 402 illustria

560 427 782 490 extemplo
807 427 1006 474 adierunt
1029 429 1173 472 limina
1199 428 1463 490 egregiaque
1484 432 1615 484 Petri,
1643 427 1945 490 apostolorum

560 500 782 562 principis,
807 500 1023 561 petierunt
1048 496 1229 561 presidia
1267 499 1582 561 immensasque
1608 497 1772 544 ibidem
1804 500 1945 544 omni-

560 572 732 634 potenti
757 573 855 616 Deo
883 587 934 616 ac
958 587 1101 633 gratas
1131 568 1377 615 referebant
1407 572 1579 633 gratias,
1608 569 1744 633 quod,
1771 571 1940 633 magnis

560 643 825 688 transmeatis
841 643 966 687 maris
986 639 1301 686 discriminibus
1318 652 1335 669 ‘²
1352 642 1560 704 variisque
1581 642 1942 704 peregrinationis

561 730 837 759 externorum
861 713 1129 776 ignominiis,
1148 730 1225 776 per
1250 714 1400 759 omnia
1426 714 1621 776 prosperi
1645 713 1944 758 scholasticam

562 784 768 830 scandere
803 800 1052 830 meruerunt
1086 784 1244 829 scalam
1276 786 1321 829 ὅ(
1354 785 1595 847 preclaram
1627 784 1744 830 adire
1768 783 1947 831 ‘’Sanffl

555 857 670 902 ‘Petri
693 855 924 903 basilicam.

936 1017 1005 1063 1X.
1035 1020 1165 1079 Roma
1181 1037 1197 1070 ,·
1209 1020 1328 1077 febri
1353 1018 1552 1063 laborant.
1577 1027 1591 1045 ἒ

628 1142 754 1187 Tunc
771 1142 831 1187 illi
855 1141 944 1187 duo
971 1142 1184 1205 germani,
1211 1139 1270 1186 ibi
1289 1156 1514 1186 manentes
1533 1159 1557 1186 a
1576 1141 1798 1187 nativitate
1816 1140 1949 1186 sanffl

564 1214 737 1259 Martini
767 1215 900 1275 usque
932 1213 988 1259 ad
1013 1212 1130 1259 aliud
1147 1212 1167 1240 ‘f
1193 1212 1475 1258 solemnitatis
1499 1212 1658 1275 pascha
1692 1215 1737 1259 ὃς
1774 1213 1947 1258 interim

564 1283 672 1330 dum
702 1285 773 1330 illa
812 1284 956 1348 gelida
998 1284 1258 1348 frugalisque
1294 1285 1431 1329 hiems
1471 1282 1719 1329 transiendo
1760 1284 1949 1346 preteriit

563 1356 826 1418 vernaleque
841 1367 853 1384 ι’
876 1357 965 1401 iam
983 1354 1284 1401 incumbendo
1303 1356 1474 1401 instaret
1486 1373 1667 1418 germen
1685 1357 1730 1400 ὃς
1746 1355 1946 1418 paschale

562 1446 645 1491 per
670 1444 814 1473 totum
840 1427 1059 1473 mundum
1086 1426 1296 1490 fulgendo
1317 1425 1538 1472 irradiaret
1563 1443 1749 1490 tempus,
1775 1427 1835 1472 illi
1860 1425 1950 1473 duo

565 1500 764 1564 germani
789 1499 959 1545 felicem
986 1499 1295 1544 monasterialis
1328 1497 1554 1561 discipline
1579 1499 1713 1545 vitam
1738 1497 1814 1544 sub
1838 1498 1955 1544 sacre

565 1572 673 1636 legis
699 1570 1000 1617 moderamine
1027 1569 1256 1616 ducebant.
1283 1571 1399 1615 Tum
1420 1571 1551 1616 etiam
1571 1569 1844 1616 decrescente
1865 1569 1954 1616 die-

564 1661 660 1688 rum
683 1643 851 1688 calculo
871 1643 1144 1688 &crescente
1169 1642 1306 1687 estatis
1331 1657 1545 1700 caumate,
1572 1659 1657 1703 que
1683 1642 1864 1705 presaga
1884 1642 1948 1687 fu-

566 1732 659 1760 ture
685 1715 791 1760 solet
816 1712 900 1759 effe
929 1713 1071 1772 febris,
1107 1731 1272 1777 magna
1302 1714 1499 1776 corporis
1523 1713 1641 1758 illico
1679 1714 1839 1776 arrepti
1856 1713 1954 1759 sunt

566 1786 775 1845 molestia,
800 1787 858 1831 ita
878 1802 924 1831 ut
944 1786 1097 1831 acriter
1122 1784 1388 1843 anhelando,
1411 1783 1715 1843 febricitand0‚
1741 1785 1867 1830 toties
1892 1785 1951 1831 al-

567 1856 711 1923 gores
727 1860 772 1903 ὃς
794 1858 918 1902 toties
938 1857 1082 1902 calore
1095 1857 1275 1916 estuans,
1289 1872 1412 1901 atrox
1428 1873 1504 1918 per
1518 1873 1631 1901 artus
1647 1854 1799 1902 diffusa
1818 1854 1946 1903 effetg

566 1931 709 1994 pestis,
738 1931 783 1974 ὅ(
801 1927 855 1974 fic
879 1930 1026 1974 irretiti
1049 1930 1094 1974 ὃς
1113 1930 1284 1985 retenti,
1312 1946 1477 1992 magno
1497 1929 1649 1973 mortis
1669 1929 1800 1974 exitio
1826 1930 1952 1975 cons-

568 2004 694 2060 tristi‚
722 2000 842 2047 febre
862 2001 1031 2064 fatigati
1057 2016 1194 2060 erant,
1220 2018 1264 2046 ut
1292 2002 1362 2047 vix
1386 2002 1474 2045 iam
1497 2000 1543 2045 in
1567 2000 1646 2045 illis
1674 2001 1761 2047 vite
1784 1999 1954 2047 habitus

570 2091 647 2136 per
659 2070 785 2118 lassos
797 2073 1030 2118 luentiumh
1042 2088 1154 2117 artus
1174 2071 1401 2119 volitando
1411 2073 1658 2119 versaretur.
1680 2072 1691 2100 ¹⁶
1712 2071 1794 2117 Sed
1807 2089 1953 2119 tamen

570 2143 781 2190 inclefeffa
795 2161 973 2207 paterne
987 2145 1157 2207 pietatis
1176 2143 1452 2207 providentia
1473 2144 1552 2188 suis
1570 2143 1792 2189 consulere
1807 2142 1953 2189 suffra-

569 2218 749 2280 garique
779 2213 1008 2279 dignatus-f
1031 2215 1104 2274 est,
1129 2216 1187 2260 ita
1212 2232 1257 2260 ut
1282 2233 1390 2261 unus
1415 2214 1470 2260 de
1496 2213 1668 2260 duobus
1694 2232 1829 2260 unam
1847 2214 1953 2261 heb-

570 2286 812 2333 domadam
853 2289 898 2332 &
928 2287 1033 2333 alter
1070 2305 1204 2332 unam
1222 2289 1236 2315 k
1261 2288 1305 2332 in
1331 2285 1566 2333 subsidium
1599 2285 1870 2332 ministrandi
1894 2287 1955 2333 illi

571 2359 766 2421 requiem
807 2357 1023 2405 haberet.l
1051 2359 1095 2404 Et
1130 2376 1291 2418 tamen,
1329 2375 1460 2421 prout
1499 2359 1696 2420 corporis
1730 2357 1956 2406 infirmitas

623 2532 650 2552 a.
674 2522 733 2552 Hic
751 2520 862 2564 incipit
875 2521 948 2553 Mb.
968 2541 1012 2544 —
1027 2521 1057 2552 b.
1076 2520 1150 2552 Mb.
1167 2531 1222 2563 pe-
1306 2518 1376 2551 fuit.
1398 2537 1438 2541 —
1456 2518 1486 2549 h.
1504 2518 1575 2550 Mb.
1587 2515 1779 2549 lucentium.
1794 2534 1840 2538 -—
1854 2513 1873 2546 i.
1883 2515 1955 2548 Mb.

577 2575 702 2617 tivere;
723 2575 755 2607 C.
776 2581 899 2617 petere.
919 2594 964 2597 —
990 2585 1018 2605 c.
1043 2572 1169 2605 ‘Titulus
1188 2574 1221 2604 d.
1307 2573 1490 2616 vergebat5
1523 2572 1556 2604 C.
1588 2570 1750 2603 versabat.
1776 2588 1822 2592 —
1849 2568 1875 2610 j.
1904 2566 1953 2600 Al.

578 2627 610 2660 in
629 2628 676 2668 C.‚
696 2628 780 2668 Mb„
801 2628 832 2660 P.
853 2648 898 2651 -—
918 2628 949 2659 d.
978 2626 1023 2659 al.
1044 2626 1153 2658 aliam.
1178 2646 1223 2649 -—
1308 2625 1456 2670 dignata.
1470 2625 1559 2658 —k.
1576 2627 1608 2659 C.
1622 2624 1773 2657 alterum.
1788 2620 1865 2654 ——l.
1880 2621 1952 2654 Mb.

580 2694 610 2714 e.
634 2682 705 2714 Mb.
725 2680 990 2725 hibernalioque5
1016 2681 1049 2713 C.
1071 2679 1226 2712 hiberna-
1309 2680 1465 2713 habebat.

580 2737 687 2784 leque.
707 2756 749 2762 —
771 2736 791 2769 f.
814 2737 882 2769 Mb.
899 2736 1139 2780 friganS.—g.
1152 2735 1224 2768 Mb.
