2216 3435
558 197 648 260 246
764 207 1199 241 SANCTIMONIALIS
1238 203 1719 238 HEYDENHEIMENSIS

553 354 837 400 ficiscentium
871 350 1035 413 aliquid
1071 350 1283 395 memoria
1319 348 1505 412 dignum
1540 348 1711 393 leeloris
1758 346 1936 410 legendi

552 424 751 471 manibus
775 426 1003 486 imponere
1024 441 1093 467 me
1116 420 1232 467 libet.
1260 421 1466 484 Qorum
1487 420 1593 465 alter
1616 420 1782 464 summa
1804 420 1936 464 sacer-

553 498 711 544 dotalis
735 496 868 542 infule
889 494 1193 558 pastoralisque
1218 510 1317 538 cure
1337 493 1615 555 prerogativa
1641 490 1842 554 prelatuS,
1870 492 1934 536 in—

553 571 675 615 clitus
701 567 931 624 crucicola,
964 575 1180 628 magnusa
1205 565 1404 627 magister
1428 561 1719 621 WillibalduS,
1744 564 1789 607 ὃ(
1813 563 1931 622 alter,

555 645 668 687 recle
705 638 927 685 soliditatis
959 639 1035 682 iter
1063 637 1283 698 arripiens,
1320 652 1453 698 prava
1484 633 1688 698 dirigenS,
1723 632 1933 681 indire<f³ta

554 714 791 776 asperaque
812 710 972 755 ferocia
991 708 1128 770 polite
1147 707 1377 769 planitans,
1402 704 1544 769 spissas
1564 722 1798 768 pravorum
1824 723 1931 768 gen-

553 785 691 830 tilium
722 781 1029 845 protervasque
1071 795 1354 842 peccatorum
1388 778 1605 841 spurcitias
1643 794 1734 822 non
1772 776 1930 835 defide,

554 854 697 917 tepide
713 853 913 900 titubanti
928 868 1087 909 mente,
1102 850 1174 896 sed
1195 849 1335 896 felicih
1360 850 1608 895 temeritatis
1629 848 1812 894 audacia
1832 866 1934 911 pro-

553 927 712 971 caciter
742 926 922 987 superne
952 924 1193 986 sagacitatis
1227 921 1322 967 zelo
1360 922 1437 966 rite
1468 918 1712 979 roboratus,
1752 921 1935 968 instante

552 996 703 1042 labore
723 997 873 1041 omnia
891 995 1135 1041 exinanivit.
1164 994 1256 1057 Qi
1275 991 1529 1038 sacerdotali
1551 1008 1730 1053 quoque
1749 992 1935 1054 prelatus

554 1068 689 1114 infula
716 1067 1004 1130 pastoralique
1041 1081 1320 1127 computatus
1352 1064 1522 1109 honore
1550 1061 1682 1108 abbas
1714 1080 1804 1109 erat
1837 1082 1933 1127 pre—

554 1140 776 1201 clarusque
817 1138 1056 1184 christicola
1079 1135 1404 1183 wunebaldus.
1444 1137 1516 1181 lsta
1540 1136 1691 1181 omnia
1714 1152 1791 1198 per
1815 1133 1932 1180 albas

554 1228 816 1273 camporum
865 1210 1079 1273 planities,
1128 1208 1290 1254 sulcato
1338 1208 1525 1266 tramite,
1565 1209 1692 1271 nigra
1738 1222 1936 1269 perarata

554 1300 701 1346 penna
719 1283 895 1346 vestigia
914 1282 1082 1343 scripta,
1107 1281 1243 1327 vestra
1267 1298 1365 1326 cara
1390 1297 1544 1325 eorum
1566 1279 1742 1325 scientia
1765 1278 1936 1340 presen-

555 1371 656 1413 tata,
677 1370 830 1399 contra
848 1370 1002 1398 omnes
1024 1351 1298 1398 emulorums
1320 1352 1676 1414 vituperationes,
1697 1350 1781 1395 Dei
1802 1350 1939 1413 gratia

553 1428 777 1488 vestraque
802 1443 879 1488 per
902 1425 1053 1470 omnia
1073 1424 1356 1486 proted’tionis
1386 1440 1554 1486 parma,
1588 1424 1633 1467 ὅ(
1658 1421 1939 1468 nihilominus

555 1497 756 1562 placide‘l
777 1498 910 1544 vestre
939 1493 1305 1541 commendamus
1334 1495 1620 1557 perceptioni,
1649 1510 1696 1539 ut
1722 1494 1766 1538 in
1797 1494 1938 1538 omni-

553 1570 631 1617 bus
657 1571 729 1615 leti
752 1567 980 1614 laudemus
1006 1584 1087 1612 nos
1110 1565 1382 1626 liberantem,
1413 1564 1533 1611 dona
1558 1564 1820 1611 tribuentem
1843 1566 1936 1610 Do-

556 1643 738 1688 minum.

800 1752 827 1794 I.
869 1750 1080 1810 Qomodo
1099 1751 1222 1793 vitam
1236 1747 1415 1808 scribere
1439 1747 1678 1790 decernitur.
1697 1754 1710 1772 ‘³

616 1857 802 1901 Primum
842 1855 972 1917 igitur
1009 1852 1260 1900 venerabilis
1300 1852 1544 1914 summique
1580 1851 1664 1898 Dei
1701 1850 1932 1898 sacerdotis

552 1945 682 1989 atque
708 1926 926 1990 pontificis
951 1924 1242 1988 primordium
1263 1926 1440 1985 viteque
1464 1923 1573 1968 illius
1599 1922 1835 1969 venerandi
1857 1924 1936 1970 viri

534 1997 795 2067 ‘Willibaldi
814 1996 1134 2055 sublimitatem,
1163 1997 1237 2058 qui
1260 1995 1451 2041 sollerter
1476 1993 1549 2040 sub
1576 1994 1690 2040 sacre
1708 1994 1819 2058 legis
1838 2013 1935 2040 mo-

553 2070 775 2116 deramine
809 2069 923 2115 alma
943 2070 1141 2131 priorum
1176 2067 1376 2129 exempla
1412 2066 1660 2111 sanetorum
1685 2066 1930 2123 militando,

551 2141 792 2200 serviendo,
823 2157 969 2186 mente
1003 2142 1048 2185 ὃς
1078 2138 1272 2185 moribus
1301 2137 1506 2184 seclando
1536 2135 1774 2197 inherebat,
1810 2138 1932 2184 huius

550 2215 693 2275 itaque
717 2215 802 2259 vite
827 2211 1054 2258 exordium
1073 2212 1282 2256 &inante
1306 2210 1537 2257 iuventutis
1565 2207 1846 2255 medietatem
1878 2209 1934 2256 ad

549 2286 658 2330 illius
696 2286 828 2347 usque
867 2285 1131 2330 senestutem
1168 2280 1414 2345 processum
1437 2280 1518 2326 f&
1551 2281 1758 2327 haeftenus
1798 2282 1931 2344 usque

550 2357 846 2419 decrepitamg
871 2373 1030 2401 etatem
1054 2353 1316 2412 intimando,
1348 2353 1557 2417 gracilem
1585 2353 1785 2417 opusculi
1811 2353 1935 2399 huius

552 2429 850 2474 coniecsturam
875 2425 1167 2491 glomerando
1191 2425 1323 2471 ordiri
1357 2424 1637 2471 decreveram
1663 2423 1932 2471 ordinando-

556 2517 641 2562 que
666 2515 818 2545 texere.

603 2630 635 2651 a.
660 2619 695 2651 C.
709 2617 889 2650 multorum
903 2628 1038 2661 magno.
1063 2617 1200 2649 -b.C.
1286 2616 1319 2648 in
1345 2617 1380 2649 C.
1408 2635 1450 2640 —
1482 2615 1505 2648 f.
1531 2616 1568 2648 C.
1597 2614 1782 2660 proceffum
1810 2615 1865 2650 est,
1895 2638 1929 2642 —

557 2671 710 2704 felicitus.
731 2691 775 2695 —
796 2682 825 2704 e.
848 2672 883 2704 C.
905 2671 1140 2704 emulatorum.
1159 2688 1202 2694 —-
1287 2681 1321 2714 g.
1342 2671 1378 2704 C.
1401 2669 1611 2715 decrepitati.

558 2725 589 2759 d.
610 2727 646 2759 C.
664 2724 840 2770 placidata.
861 2745 904 2749 -—
924 2737 950 2759 e.
980 2724 1105 2759 Titulus
1125 2723 1209 2770 deest
