2216 3435
409 184 478 216 DE
515 183 653 215 LOCIS
691 182 1083 215 TRANSMARINIS
1121 183 1303 216 SACRIS.
1462 184 1541 236 131

162 329 200 367 in
223 327 502 377 amaritudine,
523 340 544 365 a
564 325 724 365 malicia
746 326 1058 365 inhabitantium
1081 326 1120 365 in
1143 340 1199 365 ea.
1224 326 1279 366 Et
1296 327 1350 366 ibi
1367 328 1545 368 vidimus

161 387 347 425 homines
370 385 474 425 rasos
496 385 693 438 fugientes
715 399 809 424 cum
831 384 1007 424 camelis.
1025 385 1137 424 Nam
1154 385 1192 425 &
1210 386 1249 425 in
1269 386 1543 427 Hierosolima

162 445 337 484 vidimus
368 444 554 483 homines
583 458 631 482 ex
652 443 859 496 Ethiopia,
886 444 1079 485 habentes
1100 444 1200 487 fissas
1221 460 1335 486 nares
1358 446 1395 485 &
1419 459 1544 485 aures.

166 503 386 545 Calliculas
399 502 602 552 calciatos,
613 503 650 542 δε
663 503 891 557 perdigitos
906 504 943 542 in
959 505 1079 557 pedes
1092 506 1234 545 anulos
1248 503 1393 545 miffos.
1414 503 1543 543 Inter-

162 563 393 617 rogavimus
424 575 546 615 quare
566 560 627 600 fic.
651 560 704 601 Et
725 563 930 602 dixerunt:
957 563 1072 618 Quia
1087 564 1296 605 Troianus
1317 565 1539 617 imperator

162 621 316 675 slgnum
337 621 415 660 hoc
438 620 601 673 reliquit
622 621 750 660 nobis.
774 621 1045 662 Ambulantes
1063 638 1134 675 per
1150 624 1346 663 herenum
1378 624 1463 662 dies
1484 623 1537 679 vj,

160 680 324 721 camelis
349 679 465 719 nobis
483 693 626 732 aquam
647 680 914 733 portantibus,
935 680 1124 722 sextarius
1142 697 1274 733 mane,
1295 682 1332 722 &
1354 682 1543 723 sextarius

161 739 322 792 vespere
351 738 500 777 cotidie
527 737 696 777 dabatur
722 753 792 791 per
817 738 1039 779 hominem.
1062 741 1350 781 Amarescente
1374 755 1478 794 aqua
1503 741 1542 780 in

160 808 267 837 utres
293 798 332 836 in
354 798 524 836 modum
547 797 650 837 fellis
673 798 932 838 mittebamus
954 799 992 838 in
1013 813 1058 838 ea
1078 799 1271 839 harenam
1298 801 1335 840 δε
1360 800 1544 840 indulca-

159 856 286 895 batur.
304 856 475 896 Familia
491 867 625 896 autem
639 856 951 896 Sarracenorum
968 857 1033 897 vel
1050 872 1195 899 uxores
1215 873 1358 898 eorum
1378 860 1543 899 venien-

159 926 217 956 tes
247 917 296 955 de
325 916 503 966 heremo,
534 930 628 955 curn
667 916 964 956 lamentacione
999 918 1038 956 in
1073 918 1138 956 via
1168 918 1361 968 sedentes,
1395 918 1544 958 sarcina

159 975 348 1027 deposita,
374 975 565 1027 petebant
591 989 737 1027 panem
764 989 786 1014 a
814 974 1120 1016 transeuntibus.
1148 976 1201 1016 Et
1227 977 1443 1016 veniebant
1466 979 1539 1018 viri

158 1033 328 1087 ipsarum
360 1034 408 1072 de
430 1034 620 1073 interiore
639 1044 747 1086 parte
764 1035 930 1085 heremi,
961 1036 1298 1090 adducebantque
1324 1048 1429 1076 utres
1446 1051 1540 1075 cum

158 1109 262 1148 aqua
273 1094 427 1147 frigida,
440 1094 477 1134 &
487 1092 817 1146 accipiebantfibi
829 1108 963 1146 panes.
981 1094 1035 1134 Et
1047 1096 1302 1136 adducebant
1315 1096 1434 1136 restes
1447 1110 1540 1135 cum

158 1153 373 1202 radicibus,
390 1167 559 1205 quarum
577 1154 679 1192 odor
696 1153 939 1194 suaviffimus
956 1153 1072 1207 super
1089 1166 1286 1205 aromata,
1303 1156 1436 1195 &dies
1451 1154 1540 1195 suos

157 1212 275 1252 festos
296 1211 563 1251 celebrabant.
580 1211 759 1264 Populus
769 1223 903 1252 autem
917 1215 985 1266 qui
1000 1214 1201 1267 peripsam
1216 1215 1411 1254 maiorem
1422 1215 1539 1254 here-

157 1286 269 1311 mum
288 1271 587 1324 ingrediebatur
603 1272 651 1310 ad
670 1271 962 1325 explorandum
980 1287 1150 1312 numero
1168 1274 1221 1327 xij
1243 1274 1354 1313 milia
1376 1274 1436 1313 dc.
1449 1271 1538 1328 Qui

158 1330 481 1384 perambulantes
502 1332 713 1371 heremum
736 1331 880 1371 ocstava
897 1331 960 1370 die
981 1332 1164 1373 venimus
1184 1334 1231 1371 ad
1255 1344 1438 1372 montem
1454 1332 1535 1372 Dei

157 1390 333 1430 Choreb.
348 1389 402 1429 Et
414 1391 506 1430 inde
523 1401 734 1430 moventes
748 1401 790 1430 ut
801 1390 1104 1431 ascenderemus
1117 1403 1299 1432 montem
1314 1393 1430 1446 Syna,
1443 1407 1538 1432 ecce

155 1449 374 1489 multitudo
394 1450 688 1489 monachorum
705 1450 995 1489 heremitarum
1007 1465 1100 1489 cum
1119 1451 1304 1491 crucibus
1325 1450 1536 1504 psallentes

155 1509 424 1548 obviaverunt
438 1524 524 1549 nos.
542 1508 670 1549 Simili
689 1510 813 1548 modo
831 1509 869 1549 ἃ
890 1524 964 1549 nos
986 1510 1199 1560 facientes,
1225 1510 1536 1549 lacrimavimus.

154 1568 281 1608 Tunc
310 1569 622 1608 introduxerunt
645 1583 720 1609 nos
756 1569 795 1607 in
830 1568 979 1607 vallem
1015 1569 1117 1608 inter
1147 1569 1314 1610 Choreb
1350 1570 1388 1609 δε
1420 1569 1536 1623 Syna.

155 1628 221 1667 Ad
243 1628 357 1667 cuius
380 1628 526 1680 pedem
553 1628 703 1668 montis
733 1627 788 1666 est
817 1628 906 1668 sons
933 1627 999 1667 ille
1031 1628 1097 1668 ubi
1122 1628 1288 1682 Moyses
1311 1629 1537 1682 adaquabat

155 1701 263 1737 oves,
293 1688 455 1740 quando
486 1688 586 1726 vidit
616 1688 824 1726 ardentem
860 1687 1019 1726 rubum.
1055 1687 1109 1727 Et
1143 1689 1233 1728 fons
1273 1688 1447 1728 inclusus
1482 1687 1538 1728 est

156 1746 259 1785 intra
275 1746 573 1785 monasterium.
586 1745 632 1785 In
651 1761 732 1799 quo
746 1746 986 1785 monasterio
1000 1746 1089 1787 sunt
1101 1759 1179 1788 tres
1193 1748 1356 1788 abbates
1370 1747 1537 1787 scientes

155 1804 322 1858 linguas,
350 1805 430 1844 hoc
461 1805 516 1844 est
545 1805 724 1856 latinam,
759 1820 932 1858 grecam,
962 1806 1101 1859 syram,
1131 1807 1169 1847 &
1199 1809 1466 1862 egyptiacam,
1499 1807 1536 1847 δε

154 1862 312 1904 bessam.
351 1862 451 1904 Inde
491 1865 676 1904 venimus
713 1866 759 1903 ad
800 1864 1030 1917 speluncam
1066 1867 1132 1906 ubi
1170 1866 1427 1906 absconditus
1462 1867 1537 1906 fuit

156 1923 306 1976 Helyas
338 1924 534 1976 propheta
563 1925 726 1977 quando
757 1924 858 1976 fugit
887 1922 1049 1964 Iezabel
1085 1925 1296 1965 mulierem
1329 1924 1535 1979 perfidam.

155 1983 265 2021 Ante
286 1981 409 2035 ipsam
430 1982 661 2035 speluncam
683 1982 802 2036 surgit
823 1984 912 2023 fons
935 1984 1003 2037 qui
1027 1985 1163 2037 irrigat
1186 1984 1314 2037 ipsum
1337 1994 1535 2024 montem.

206 2039 306 2080 Inde
337 2040 587 2081 ascendimus
619 2042 657 2080 in
680 2041 835 2081 summo
867 2043 1079 2082 cacumine
1112 2043 1263 2083 montis
1295 2044 1333 2082 in
1367 2058 1449 2096 quo
1481 2042 1537 2082 est

153 2101 374 2140 oratorium
392 2101 600 2140 modicum
618 2101 769 2140 habens
791 2102 830 2140 in
850 2101 1104 2155 longitudine
1123 2103 1245 2155 pedes
1276 2102 1328 2156 vj,
1355 2099 1536 2141 similiter

152 2160 190 2200 &
212 2162 251 2198 in
273 2159 495 2199 latitudine.
518 2157 564 2198 In
587 2175 669 2213 quo
691 2159 826 2200 nullus
849 2175 1009 2200 manere
1033 2160 1235 2214 presumit,
1266 2160 1320 2200 set
1341 2172 1429 2200 orto
1457 2161 1534 2200 iam

153 2219 216 2258 die
237 2218 455 2258 ascendunt
476 2219 664 2258 monachi
685 2219 733 2258 de
756 2219 984 2272 supraditfi‘to
1008 2220 1249 2259 monasterio
1273 2219 1311 2259 &
1329 2219 1536 2260 celebrant

153 2276 222 2330 ipsl
253 2277 442 2317 officium.
473 2276 518 2317 In
551 2293 632 2331 quo
664 2278 756 2318 loco
790 2278 905 2318 multi
941 2293 1014 2332 pro
1037 2280 1255 2319 devotione
1278 2280 1449 2318 tondent
1469 2294 1535 2318 ca-

153 2337 271 2390 pillos
293 2337 380 2376 suos
402 2337 439 2376 ἃ
460 2337 611 2378 barbas.
645 2338 754 2377 Nam
777 2337 814 2377 ἃ*
836 2353 911 2392 ego
935 2338 987 2377 ibi
1021 2339 1179 2378 totundi
1202 2339 1367 2378 barbam
1389 2353 1533 2378 meam.

152 2396 280 2437 Mons
298 2409 390 2434 vero
409 2395 512 2449 Syna
530 2395 709 2449 petrosus
737 2396 804 2446 est,
821 2411 911 2436 raro
930 2397 1049 2437 habet
1067 2409 1229 2448 terram,
1251 2397 1288 2437 δι
1306 2399 1343 2437 in
1362 2397 1531 2437 circuitu

151 2456 235 2495 eius
263 2454 410 2494 cellule
442 2454 568 2494 multe
600 2454 804 2494 servorum
828 2454 923 2506 Dei,
945 2453 1125 2495 similiter
1147 2456 1185 2496 δε
1207 2457 1245 2496 in
1269 2456 1449 2497 Choreb.
1480 2454 1533 2494 Et

151 2513 189 2552 in
209 2526 321 2566 parte
340 2514 458 2567 ipsius
476 2516 626 2555 montis
643 2515 793 2555 habent
810 2514 1016 2555 Sarraceni
1035 2515 1203 2568 ydolum
1226 2516 1337 2555 suum
1361 2515 1531 2569 positum

151 2587 435 2624 marmoreum,
464 2575 682 2613 candidum
719 2585 925 2628 tamquam
960 2575 1039 2613 nix.
1071 2573 1129 2615 lbi
1169 2576 1289 2615 etiam
1327 2586 1534 2628 permanet

150 2630 332 2673 sacerdos
355 2632 528 2685 ipsorum
552 2634 715 2674 indutus
747 2633 1004 2672 dalmaticam
1034 2633 1070 2672 ἃ
1095 2633 1262 2686 pallium
1285 2634 1447 2673 lineum.
1480 2631 1533 2671 Et

150 2693 312 2743 quando
345 2693 454 2732 venit
486 2703 644 2745 tempus
678 2692 899 2732 festivitatis
931 2691 1109 2743 illorum,
1141 2704 1400 2746 precurrente
1426 2691 1532 2742 luna,

151 2762 366 2804 antequam
403 2753 629 2806 egrediatur
664 2767 686 2792 a
720 2753 783 2792 die
821 2751 918 2792 festo
955 2751 1147 2806 ipsorum,
1183 2753 1324 2806 incipit
1359 2765 1533 2791 marmor
