2216 3435
655 288 721 321 DE
755 287 891 321 LOCIS
925 287 1144 321 SANCTIS.
1491 290 1581 341 209

215 442 356 476 zatoris.
374 440 470 474 Vidit
488 440 592 473 etiam
612 440 729 474 lacum
755 440 992 474 Sodomorum
1014 440 1046 473 δε
1061 441 1250 482 Gomorre‚
1269 439 1330 485 qui
1349 439 1461 473 stadiis
1481 443 1583 488 quin-

213 494 326 540 gentis
353 493 534 538 ofitoginta
562 492 597 525 in
627 493 886 537 longitudinem
907 493 1080 537 dirigitur,
1107 492 1292 527 latitudine
1310 493 1342 527 cl
1359 494 1482 528 stadiis.
1502 497 1583 530 Per-

218 547 313 581 venit
325 547 431 581 etiam
452 547 628 581 Arculfus
650 547 761 580 noster
778 547 821 580 ad
840 547 958 580 locum
980 547 1014 580 in
1029 546 1209 591 provincia
1222 546 1372 589 Fenicis,
1391 548 1451 581 ubi
1466 550 1584 583 Iorda-

214 600 266 633 nis
292 601 335 634 ad
369 600 502 634 radices
527 600 655 634 Libani
686 600 728 633 de
756 600 894 633 duobus
918 599 1075 632 fontibus
1104 599 1276 643 exsurgit,
1307 612 1460 645 quorum
1492 615 1583 636 unus

212 653 356 687 nomine
369 655 428 687 Ior
442 655 474 687 δι
486 654 573 687 alter
586 654 668 686 Dan
679 652 865 687 vocitatur.
882 652 953 691 Qui
968 652 1066 685 fimul
1080 651 1192 694 mixti,
1206 653 1438 698 compositum
1451 666 1582 690 nomen

211 707 369 740 Iordanis
383 707 529 740 faciunt.
546 707 610 740 Sed
630 706 824 740 notandum
845 706 929 751 quia
947 718 1018 739 non
1035 705 1070 738 in
1089 705 1201 739 Panio
1220 706 1377 740 Iordanis
1399 709 1581 743 exordium

213 761 310 804 facit,
326 761 381 794 sed
395 761 429 794 in
449 760 694 803 Traconifide,
713 772 779 794 cxx
796 760 982 794 interiefitis
994 759 1106 793 stadiis
1119 760 1228 805 usque
1242 760 1285 794 ad
1305 762 1487 796 Cesaream
1503 764 1585 798 Phi-

212 814 309 860 lippi,
328 826 397 859 que
416 825 511 847 nunc
531 813 681 847 Pannias
701 826 719 846 a
742 813 854 846 Panio
876 825 1002 846 nomen
1023 813 1168 858 accepit.
1190 813 1262 852 Qui
1285 815 1442 849 Iordanis
1461 817 1585 851 exinde

211 868 313 901 suum
331 867 484 912 dirigens
501 867 639 900 cursum
660 878 724 900 cxx
743 865 848 899 stadia
868 866 934 899 fine
953 866 1025 899 ulla
1039 866 1264 900 interfusione
1277 869 1385 913 usque
1403 870 1447 903 ad
1460 871 1582 905 urbem

215 933 283 966 que
298 928 444 954 vocatur
464 919 665 954 Tiberiadis
679 919 909 964 progreditur.
924 919 1061 953 Deinde
1077 920 1186 965 usque
1198 921 1241 953 ad
1258 921 1378 955 locum
1392 923 1453 968 qui
1469 925 1586 958 Gene-

213 975 263 1007 sar
281 973 409 1007 dicitur
428 973 630 1019 preterfluit.
651 975 767 1006 Lacus
785 985 866 1006 vero
890 973 1028 1006 Galilee
1047 985 1088 1006 ex
1113 974 1237 1007 eodem
1257 975 1407 1010 Iordane
1427 977 1586 1021 efficitur,

211 1028 307 1072 quod
328 1039 421 1060 mare
440 1038 533 1060 nunc
559 1026 747 1067 Cenereth‚
772 1038 866 1059 nunc
892 1038 985 1059 mare
1004 1026 1206 1060 Tiberiadis
1224 1028 1438 1073 nominatur,
1458 1045 1585 1077 magne

214 1081 380 1114 adherent
391 1080 478 1114 filve.
494 1079 715 1113 Diffunditur
728 1088 844 1113 autem
858 1079 892 1112 in
908 1079 1131 1124 longitudine
1150 1080 1205 1113 cxl
1215 1079 1330 1124 stadia,
1344 1084 1376 1116 δε
1390 1086 1588 1121 extenditur

211 1133 246 1166 in
271 1133 493 1167 latitudinem
515 1133 626 1166 stadiis
656 1133 701 1167 xl.
724 1134 762 1166 A
787 1133 867 1166 loco
891 1144 972 1166 vero
999 1132 1059 1166 ubi
1079 1133 1121 1166 de
1140 1133 1304 1167 faucibus
1323 1136 1426 1170 maris
1447 1140 1586 1176 Galilee

210 1187 369 1221 Iordanis
387 1187 563 1232 egreditur
581 1187 689 1232 usque
706 1187 748 1220 ad
767 1199 847 1220 eum
864 1187 983 1220 locum
1005 1186 1065 1219 ubi
1091 1187 1126 1220 in
1147 1199 1241 1221 mare
1259 1189 1448 1226 Mortuum
1467 1193 1586 1240 intrat,

213 1241 291 1273 οὸὶο
310 1241 446 1274 dierum
467 1241 529 1274 iter
548 1240 704 1273 habetur.
724 1240 815 1272 Nam
831 1239 922 1273 idem
944 1251 1038 1272 mare
1056 1239 1264 1274 salfissimum
1279 1242 1336 1284 est,
1354 1244 1386 1276 δι
1404 1244 1446 1278 de
1465 1256 1586 1281 monte

211 1293 341 1326 Oliveti
368 1294 478 1339 sepius
503 1293 618 1326 vidisse
646 1293 676 1326 se
705 1300 819 1325 narrat
844 1293 976 1326 sanetus
1005 1293 1192 1326 Arculfus.
1215 1294 1307 1328 Nam
1333 1295 1425 1330 idem
1451 1299 1585 1336 sanetus

211 1348 379 1389 sacerdos,
416 1347 597 1391 regionem
621 1347 773 1379 Samarie
807 1358 1011 1391 peragranS,
1046 1347 1089 1380 ad
1124 1347 1299 1381 civitatem
1331 1352 1487 1395 pervenit
1517 1368 1586 1400 que

212 1401 372 1434 hebraice
403 1400 532 1434 dicitur
561 1400 713 1442 Sichem,
745 1412 849 1444 greca
874 1412 955 1433 vero
989 1401 1020 1433 δε
1048 1401 1154 1435 latina
1180 1403 1430 1438 consuetudine
1455 1406 1586 1442 Sicima

211 1454 425 1496 nominatur,
453 1455 485 1487 δε
512 1453 630 1487 vitiose
649 1453 769 1487 Sichar
796 1454 943 1487 vocitari
972 1454 1067 1488 solet.
1096 1456 1198 1489 quta
1231 1457 1376 1491 eandem
1408 1459 1585 1495 civitatem

210 1507 295 1541 vidit
323 1507 496 1541 ecclefiam
535 1507 568 1539 in
592 1507 738 1540 modum
769 1507 882 1541 crucis
900 1507 1109 1551 formatam,
1127 1508 1162 1542 in
1181 1509 1282 1543 cuius
1301 1511 1488 1547 medietate
1507 1515 1587 1549 fons

210 1562 319 1594 Iacob
350 1561 411 1606 qui
440 1561 471 1593 &
489 1567 615 1605 puteus
634 1568 781 1593 vocatur
800 1561 964 1603 habetur;
997 1561 1094 1606 super
1111 1574 1217 1607 quem
1236 1563 1414 1598 Dominus
1433 1567 1588 1602 Salvator

210 1614 342 1648 itineris
376 1614 494 1647 labore
527 1613 695 1657 fatigatus
732 1613 855 1647 resedit
889 1614 1007 1648 ficiens
1040 1616 1143 1650 fidem
1175 1617 1330 1652 mulieris
1361 1621 1587 1656 samaritane.

210 1668 342 1701 Eadem
376 1667 496 1700 civitas
528 1667 673 1700 habetur
693 1667 726 1700 in
746 1667 839 1700 tribu
862 1668 1019 1702 Manaffe
1038 1671 1070 1703 δέ
1098 1679 1218 1704 monte
1234 1673 1416 1717 Ephraim,
1441 1675 1501 1708 ubi
1520 1676 1589 1710 offa

212 1721 335 1766 Ioseph
355 1721 431 1754 sunt
450 1720 592 1765 sepulta.
608 1720 789 1765 Prospexit
807 1721 912 1754 etiam
933 1722 966 1755 in
988 1723 1119 1757 deserto
1139 1725 1214 1770 sepe
1238 1726 1440 1760 nominatus
1456 1729 1589 1763 Arcul-

212 1773 267 1806 fus
297 1773 511 1807 fonticulum
543 1773 728 1814 lucidum,
754 1774 845 1807 unde
875 1773 958 1807 ficut
989 1775 1054 1808 fert
1083 1776 1216 1810 sanetus
1244 1777 1387 1813 bibebat
1414 1782 1589 1816 Iohannes

214 1827 376 1872 Baptista.
409 1828 464 1859 De
497 1826 601 1860 melle
624 1839 703 1860 vero
732 1826 872 1860 filvestre
892 1829 935 1860 ab
955 1829 1111 1862 Arculfo
1131 1831 1379 1875 experientiam
1400 1834 1588 1870 didicimus

212 1880 278 1914 ita:
305 1881 346 1913 In
375 1880 506 1913 deserto
537 1879 623 1912 vidit
642 1880 807 1924 quasdam
841 1882 992 1923 arbores,
1020 1895 1169 1927 quarum
1191 1884 1276 1917 folia
1300 1885 1369 1920 lata
1387 1888 1419 1920 δι
1437 1889 1588 1922 rotunda

212 1936 300 1976 sunt,
319 1933 418 1968 laetei
440 1932 580 1975 coloris,
600 1933 728 1978 saporis
750 1933 872 1967 mellis.
895 1935 965 1973 Qui
986 1947 1065 1969 vero
1085 1937 1118 1969 in
1139 1938 1250 1970 eseam
1275 1938 1406 1973 sumere
1426 1941 1588 1986 cupiunt,

211 1988 365 2034 primum
399 1986 560 2019 manibus
597 1986 844 2031 confringunt,
876 1988 1000 2023 deinde
1030 1992 1233 2026 comedunt.
1260 1994 1353 2027 Tale
1377 1994 1422 2028 est
1446 1995 1515 2028 mel
1538 1994 1588 2028 fil-

212 2041 327 2074 vestre.
352 2039 512 2073 Pervenit
533 2039 638 2072 etiam
654 2040 697 2072 ad
714 2040 832 2074 locum
850 2042 909 2074 ubi
925 2042 1102 2077 Dominus
1118 2045 1275 2091 quinque
1291 2047 1387 2081 milia
1400 2047 1587 2082 hominum

215 2094 256 2127 de
277 2093 434 2138 quinque
454 2092 602 2137 panibus
629 2094 660 2126 &
682 2093 822 2127 duobus
841 2094 991 2139 piscibus
1024 2098 1203 2141 saturavit3
1231 2099 1292 2144 qui
1311 2101 1450 2134 erbosus
1465 2102 1496 2135 δε
1516 2102 1589 2146 pla-

214 2159 276 2180 nus
292 2158 438 2191 campus
457 2146 512 2188 est,
526 2146 586 2190 qui
607 2158 802 2191 numquam
820 2149 863 2181 ab
882 2161 923 2182 eo
938 2149 993 2183 die
1012 2158 1127 2184 aratus
1143 2151 1198 2194 est,
1213 2164 1276 2186 nec
1291 2153 1386 2187 nulla
1402 2162 1590 2190 cernuntur

214 2199 387 2242 hedificia,
412 2199 565 2244 exceptis
595 2207 748 2244 quatuor
767 2201 969 2246 columpnis
990 2216 1057 2248 que
1079 2205 1178 2249 super
1197 2206 1388 2250 marginem
1410 2207 1588 2242 cuiusdam

213 2253 377 2287 fonticuli
396 2253 504 2286 ereSte
531 2252 708 2296 videntur;
730 2254 771 2287 de
790 2266 862 2299 quo
885 2255 1049 2290 biberunt
1067 2258 1176 2291 satiati
1204 2272 1223 2291 a
1238 2260 1407 2293 Domino.
1428 2261 1590 2296 Pervenit

214 2307 318 2340 etiam
352 2307 460 2351 usque
491 2306 533 2339 ad
550 2306 722 2339 Nazareth
750 2306 942 2351 civitatem,
962 2309 1020 2342 ubi
1048 2310 1133 2343 duas
1164 2311 1354 2356 hospitatus
1380 2312 1424 2346 est
1456 2315 1590 2356 nofile83

214 2372 281 2405 que
301 2361 398 2404 supra
418 2367 576 2392 montem
596 2359 746 2404 expofita
766 2373 947 2395 murorum
966 2363 1135 2397 ambitum
1169 2376 1238 2397 non
1268 2365 1409 2409 habens,
1439 2367 1499 2401 ubi
1522 2369 1589 2402 due

213 2414 385 2446 habentur
402 2412 553 2454 ecclesie,
575 2424 643 2445 una
659 2413 694 2446 in
713 2413 827 2447 media
843 2415 982 2449 civitate
1001 2416 1034 2449 in
1055 2417 1135 2450 loco
1152 2418 1212 2451 ubi
1228 2418 1404 2452 Dominus
1420 2420 1465 2454 est
1483 2421 1591 2455 nutri-

212 2475 286 2507 tus3
307 2466 373 2499 alia
391 2478 471 2499 vero
490 2465 534 2498 est
555 2465 588 2498 in
605 2466 684 2499 loco
706 2466 765 2500 ubi
785 2468 928 2502 Gabriel
958 2470 1190 2514 archangelus
1211 2471 1252 2503 ad
1271 2472 1408 2505 beatam
1436 2473 1588 2507 Mariam

212 2519 353 2552 locutus
385 2519 440 2552 est.
470 2520 563 2552 Inter
591 2520 726 2552 eosdem
754 2522 909 2555 tumulos
928 2523 1076 2555 duarum
1101 2523 1318 2557 ecclesiarum
1342 2525 1589 2560 lucidiffimum

215 2572 318 2605 habet
340 2571 488 2613 fontem,
508 2583 610 2616 quem
629 2580 726 2606 totus
746 2573 873 2607 civium
891 2575 1091 2620 frequentat
1110 2576 1273 2620 populus,
1289 2577 1331 2610 de
1350 2577 1410 2611 illo
1426 2578 1589 2612 hauriens

215 2637 355 2669 aquam.
386 2627 463 2658 Hec
495 2625 536 2657 de
565 2626 734 2659 Nazareth
767 2626 886 2660 dixisse
911 2627 1063 2661 sufficiat.
1093 2628 1229 2662 Retulit
1246 2629 1349 2662 etiam
1369 2632 1465 2675 quod
1488 2643 1590 2665 mons

218 2677 342 2710 Tabor
361 2677 444 2711 sitin
462 2679 612 2721 Galilea‚
630 2680 740 2713 tribus
760 2681 900 2714 milibus
919 2693 936 2713 a
956 2681 1033 2714 lacu
1053 2682 1238 2723 Ceneressr,
1260 2682 1346 2715 mira
1365 2684 1591 2726 rotunditate,

218 2741 258 2762 ex
285 2730 384 2763 omni
414 2732 581 2766 collee‘tus
612 2741 720 2778 parte,
748 2733 930 2779 respiciens
960 2734 1193 2778 supradi&um
1222 2734 1393 2779 stagnum.
1420 2738 1459 2769 In
1490 2737 1590 2771 cuius

220 2782 416 2816 summitate
436 2786 551 2830 ampla
571 2785 737 2830 planicies
756 2787 831 2820 silva
858 2786 1041 2831 pergrandi
1072 2787 1182 2820 cineta
1206 2788 1362 2821 habetur.
1391 2790 1479 2822 Nam
1499 2790 1590 2823 illius

1417 2889 1459 2917 ²7
