<?xml version="1.0" encoding="UTF-8"?>
<!DOCTYPE html PUBLIC "-//W3C//DTD XHTML 1.0 Transitional//EN"
    "http://www.w3.org/TR/xhtml1/DTD/xhtml1-transitional.dtd">
<html xmlns="http://www.w3.org/1999/xhtml" xml:lang="en" lang="en">
 <head>
  <title>
</title>
<meta http-equiv="Content-Type" content="text/html;charset=utf-8" />
  <meta name='ocr-system' content='tesseract 3.04.00' />
  <meta name='ocr-capabilities' content='ocr_page ocr_carea ocr_par ocr_line ocrx_word'/>
</head>
<body>
  <div class='ocr_page' id='page_1' title='image "./p1itinerahierosoly1tobl_0683.png"; bbox 0 0 2216 3435; ppageno 0'>
   <div class='ocr_carea' id='block_1_1' title="bbox 494 273 1593 330">
    <p class='ocr_par' dir='ltr' id='par_1_1' title="bbox 494 273 1593 330">
     <span class='ocr_line' id='line_1_1' title="bbox 494 273 1593 330; baseline 0.006 -24"><span class='ocrx_word' id='word_1_1' title='bbox 494 273 560 306; x_wconf 91' lang='lat' dir='ltr'>DE</span> <span class='ocrx_word' id='word_1_2' title='bbox 588 275 821 308; x_wconf 89' lang='lat' dir='ltr'>IOHANNE</span> <span class='ocrx_word' id='word_1_3' title='bbox 846 276 980 309; x_wconf 90' lang='lat' dir='ltr'>REGE</span> <span class='ocrx_word' id='word_1_4' title='bbox 1002 277 1302 311; x_wconf 88' lang='lat' dir='ltr'><strong>IERUSALEM.</strong></span> <span class='ocrx_word' id='word_1_5' title='bbox 1507 278 1593 330; x_wconf 78' lang='lat'>137</span> 
     </span>
    </p>
   </div>
   <div class='ocr_carea' id='block_1_2' title="bbox 80 420 1755 2682">
    <p class='ocr_par' dir='ltr' id='par_1_2' title="bbox 80 420 1755 2682">
     <span class='ocr_line' id='line_1_2' title="bbox 221 420 1692 483; baseline -0.001 -18"><span class='ocrx_word' id='word_1_6' title='bbox 221 438 336 466; x_wconf 82' lang='lat' dir='ltr'>natus</span> <span class='ocrx_word' id='word_1_7' title='bbox 353 422 443 478; x_wconf 83' lang='lat' dir='ltr'>fui,</span> <span class='ocrx_word' id='word_1_8' title='bbox 482 421 569 463; x_wconf 81' lang='lat' dir='ltr'>dies</span> <span class='ocrx_word' id='word_1_9' title='bbox 605 421 683 464; x_wconf 80' lang='lat' dir='ltr'>illa</span> <span class='ocrx_word' id='word_1_10' title='bbox 715 420 754 464; x_wconf 56' lang='grc' dir='ltr'>δ’</span> <span class='ocrx_word' id='word_1_11' title='bbox 791 426 861 482; x_wconf 71' lang='lat' dir='ltr'>ista</span> <span class='ocrx_word' id='word_1_12' title='bbox 893 440 968 467; x_wconf 84' lang='lat' dir='ltr'>non</span> <span class='ocrx_word' id='word_1_13' title='bbox 995 439 1237 483; x_wconf 82' lang='lat' dir='ltr'>computetur</span> <span class='ocrx_word' id='word_1_14' title='bbox 1273 428 1313 467; x_wconf 85' lang='lat' dir='ltr'>in</span> <span class='ocrx_word' id='word_1_15' title='bbox 1338 426 1475 468; x_wconf 81' lang='lat' dir='ltr'>diebus</span> <span class='ocrx_word' id='word_1_16' title='bbox 1500 428 1594 469; x_wconf 77' lang='lat' dir='ltr'>anni</span> <span class='ocrx_word' id='word_1_17' title='bbox 1616 445 1692 474; x_wconf 88' lang='lat'>1219</span> 
     </span>
     <span class='ocr_line' id='line_1_3' title="bbox 223 490 1595 556; baseline 0.001 -19"><span class='ocrx_word' id='word_1_18' title='bbox 223 490 336 549; x_wconf 74' lang='lat' dir='ltr'>(Iob,</span> <span class='ocrx_word' id='word_1_19' title='bbox 364 503 434 548; x_wconf 79' lang='grc' dir='ltr'>ΙΙΙ,</span> <span class='ocrx_word' id='word_1_20' title='bbox 465 491 579 553; x_wconf 67' lang='grc'><strong><em>3-6),</em></strong></span> <span class='ocrx_word' id='word_1_21' title='bbox 605 496 699 550; x_wconf 80' lang='lat' dir='ltr'>quia</span> <span class='ocrx_word' id='word_1_22' title='bbox 725 511 909 554; x_wconf 75' lang='lat' dir='ltr'>magnam</span> <span class='ocrx_word' id='word_1_23' title='bbox 936 496 1211 554; x_wconf 78' lang='lat' dir='ltr'><em>obscuritatem</em></span> <span class='ocrx_word' id='word_1_24' title='bbox 1238 496 1382 539; x_wconf 78' lang='lat' dir='ltr'>obtulit</span> <span class='ocrx_word' id='word_1_25' title='bbox 1409 499 1595 556; x_wconf 79' lang='lat' dir='ltr'>Paganis</span> 
     </span>
     <span class='ocr_line' id='line_1_4' title="bbox 223 562 1595 627; baseline 0.002 -19"><span class='ocrx_word' id='word_1_26' title='bbox 223 565 262 608; x_wconf 64' lang='lat'>62</span> <span class='ocrx_word' id='word_1_27' title='bbox 273 566 496 624; x_wconf 80' lang='lat' dir='ltr'>sanguinis</span> <span class='ocrx_word' id='word_1_28' title='bbox 526 564 776 623; x_wconf 81' lang='lat' dir='ltr'>effufionem!</span> <span class='ocrx_word' id='word_1_29' title='bbox 808 564 961 609; x_wconf 88' lang='lat' dir='ltr'>Nullus</span> <span class='ocrx_word' id='word_1_30' title='bbox 991 562 1180 609; x_wconf 82' lang='lat' dir='ltr'>audebat</span> <span class='ocrx_word' id='word_1_31' title='bbox 1213 582 1314 609; x_wconf 88' lang='lat' dir='ltr'>eum</span> <span class='ocrx_word' id='word_1_32' title='bbox 1337 565 1516 627; x_wconf 66' lang='lat' dir='ltr'>alloqui,</span> <span class='ocrx_word' id='word_1_33' title='bbox 1550 568 1595 612; x_wconf 67' lang='grc' dir='ltr'>ὃς</span> 
     </span>
     <span class='ocr_line' id='line_1_5' title="bbox 221 632 1594 694; baseline 0.001 -14"><span class='ocrx_word' id='word_1_34' title='bbox 221 649 430 680; x_wconf 89' lang='lat' dir='ltr'>venerunt</span> <span class='ocrx_word' id='word_1_35' title='bbox 449 632 598 678; x_wconf 87' lang='lat' dir='ltr'>fratres</span> <span class='ocrx_word' id='word_1_36' title='bbox 617 633 799 694; x_wconf 80' lang='lat' dir='ltr'>soldani,</span> <span class='ocrx_word' id='word_1_37' title='bbox 819 635 1067 681; x_wconf 88' lang='lat' dir='ltr'>Coradinus</span> <span class='ocrx_word' id='word_1_38' title='bbox 1084 636 1128 680; x_wconf 73' lang='grc' dir='ltr'>ἅ</span> <span class='ocrx_word' id='word_1_39' title='bbox 1147 635 1310 691; x_wconf 74' lang='lat' dir='ltr'>Phares,</span> <span class='ocrx_word' id='word_1_40' title='bbox 1334 652 1432 680; x_wconf 89' lang='lat' dir='ltr'>cum</span> <span class='ocrx_word' id='word_1_41' title='bbox 1452 638 1594 682; x_wconf 90' lang='lat' dir='ltr'>multis</span> 
     </span>
     <span class='ocr_line' id='line_1_6' title="bbox 220 704 1596 768; baseline 0.002 -19"><span class='ocrx_word' id='word_1_42' title='bbox 220 705 472 750; x_wconf 86' lang='lat' dir='ltr'>ammirariis</span> <span class='ocrx_word' id='word_1_43' title='bbox 496 707 541 750; x_wconf 71' lang='grc' dir='ltr'>ὃς</span> <span class='ocrx_word' id='word_1_44' title='bbox 566 704 764 751; x_wconf 84' lang='lat' dir='ltr'>dixerunt</span> <span class='ocrx_word' id='word_1_45' title='bbox 795 708 854 753; x_wconf 90' lang='lat' dir='ltr'>ei:</span> <span class='ocrx_word' id='word_1_46' title='bbox 896 711 1085 763; x_wconf 81' lang='lat' dir='ltr'><em>Domine,</em></span> <span class='ocrx_word' id='word_1_47' title='bbox 1127 711 1321 752; x_wconf 74' lang='lat' dir='ltr'>‘Damiaza</span> <span class='ocrx_word' id='word_1_48' title='bbox 1347 709 1520 753; x_wconf 72' lang='lat' dir='ltr'>allevata</span> <span class='ocrx_word' id='word_1_49' title='bbox 1547 714 1596 768; x_wconf 82' lang='lat' dir='ltr'>est</span> 
     </span>
     <span class='ocr_line' id='line_1_7' title="bbox 219 779 1595 840; baseline 0.002 -19"><span class='ocrx_word' id='word_1_50' title='bbox 219 797 241 822; x_wconf 85' lang='grc' dir='ltr'><em>α</em></span> <span class='ocrx_word' id='word_1_51' title='bbox 266 780 392 833; x_wconf 79' lang='lat' dir='ltr'>nobis,</span> <span class='ocrx_word' id='word_1_52' title='bbox 420 779 460 822; x_wconf 63' lang='grc' dir='ltr'>ὃ*</span> <span class='ocrx_word' id='word_1_53' title='bbox 473 781 669 840; x_wconf 79' lang='lat' dir='ltr'>superbia</span> <span class='ocrx_word' id='word_1_54' title='bbox 696 784 823 838; x_wconf 78' lang='lat' dir='ltr'>nostra</span> <span class='ocrx_word' id='word_1_55' title='bbox 844 798 919 824; x_wconf 82' lang='lat' dir='ltr'>non</span> <span class='ocrx_word' id='word_1_56' title='bbox 939 783 1066 840; x_wconf 60' lang='lat' dir='ltr'>potest</span> <span class='ocrx_word' id='word_1_57' title='bbox 1076 780 1175 839; x_wconf 81' lang='lat' dir='ltr'>plus</span> <span class='ocrx_word' id='word_1_58' title='bbox 1198 798 1367 840; x_wconf 77' lang='lat' dir='ltr'>regnare</span> <span class='ocrx_word' id='word_1_59' title='bbox 1384 783 1595 840; x_wconf 70' lang='lat' dir='ltr'>nobiscum,</span> 
     </span>
     <span class='ocr_line' id='line_1_8' title="bbox 217 849 1594 910; baseline 0.002 -19"><span class='ocrx_word' id='word_1_60' title='bbox 217 849 362 893; x_wconf 83' lang='lat' dir='ltr'>melius</span> <span class='ocrx_word' id='word_1_61' title='bbox 385 853 436 907; x_wconf 77' lang='lat' dir='ltr'>est</span> <span class='ocrx_word' id='word_1_62' title='bbox 459 852 586 905; x_wconf 78' lang='lat' dir='ltr'>nobis,</span> <span class='ocrx_word' id='word_1_63' title='bbox 613 855 766 894; x_wconf 80' lang='lat' dir='ltr'>munire</span> <span class='ocrx_word' id='word_1_64' title='bbox 786 852 1083 895; x_wconf 67' lang='lat' dir='ltr'>&lt;Alexandriam</span> <span class='ocrx_word' id='word_1_65' title='bbox 1108 850 1147 894; x_wconf 63' lang='grc' dir='ltr'><em>ὃ</em></span> <span class='ocrx_word' id='word_1_66' title='bbox 1178 852 1452 906; x_wconf 72' lang='grc' dir='ltr'><em>Ἐαὺίἰοηίαιη,</em></span> <span class='ocrx_word' id='word_1_67' title='bbox 1480 870 1594 910; x_wconf 81' lang='lat' dir='ltr'>quam</span> 
     </span>
     <span class='ocr_line' id='line_1_9' title="bbox 205 921 1597 982; baseline 0.001 -18"><span class='ocrx_word' id='word_1_68' title='bbox 205 923 315 978; x_wconf 81' lang='lat' dir='ltr'>stare</span> <span class='ocrx_word' id='word_1_69' title='bbox 352 923 419 965; x_wconf 79' lang='lat' dir='ltr'>hic</span> <span class='ocrx_word' id='word_1_70' title='bbox 455 921 495 965; x_wconf 55' lang='grc' dir='ltr'>ὅ*</span> <span class='ocrx_word' id='word_1_71' title='bbox 532 923 666 966; x_wconf 81' lang='lat' dir='ltr'>videre</span> <span class='ocrx_word' id='word_1_72' title='bbox 699 924 953 977; x_wconf 79' lang='lat' dir='ltr'>Damiaram,</span> <span class='ocrx_word' id='word_1_73' title='bbox 996 923 1284 982; x_wconf 76' lang='lat' dir='ltr'>desolacionem</span> <span class='ocrx_word' id='word_1_74' title='bbox 1321 926 1516 982; x_wconf 79' lang='lat' dir='ltr'>nostram!</span> <span class='ocrx_word' id='word_1_75' title='bbox 1552 922 1597 966; x_wconf 76' lang='lat' dir='ltr'>Et</span> 
     </span>
     <span class='ocr_line' id='line_1_10' title="bbox 215 988 1595 1054; baseline 0.003 -20"><span class='ocrx_word' id='word_1_76' title='bbox 215 988 290 1051; x_wconf 83' lang='lat' dir='ltr'>ipsi</span> <span class='ocrx_word' id='word_1_77' title='bbox 318 1006 399 1036; x_wconf 89' lang='lat' dir='ltr'>tres</span> <span class='ocrx_word' id='word_1_78' title='bbox 422 1007 688 1037; x_wconf 86' lang='lat' dir='ltr'>reverterunt</span> <span class='ocrx_word' id='word_1_79' title='bbox 711 990 766 1036; x_wconf 88' lang='lat' dir='ltr'>ad</span> <span class='ocrx_word' id='word_1_80' title='bbox 793 991 986 1053; x_wconf 85' lang='lat' dir='ltr'>hospicia</span> <span class='ocrx_word' id='word_1_81' title='bbox 1010 992 1055 1036; x_wconf 67' lang='grc' dir='ltr'>ὃς</span> <span class='ocrx_word' id='word_1_82' title='bbox 1082 1009 1131 1036; x_wconf 88' lang='lat' dir='ltr'>ea</span> <span class='ocrx_word' id='word_1_83' title='bbox 1156 1008 1347 1037; x_wconf 88' lang='lat' dir='ltr'>cremare</span> <span class='ocrx_word' id='word_1_84' title='bbox 1374 1009 1595 1054; x_wconf 77' lang='lat' dir='ltr'>ceperunt,</span> 
     </span>
     <span class='ocr_line' id='line_1_11' title="bbox 216 1062 1594 1126; baseline 0.002 -20"><span class='ocrx_word' id='word_1_85' title='bbox 216 1063 261 1106; x_wconf 74' lang='grc' dir='ltr'>ὅ(</span> <span class='ocrx_word' id='word_1_86' title='bbox 285 1078 440 1107; x_wconf 89' lang='lat' dir='ltr'>omnes</span> <span class='ocrx_word' id='word_1_87' title='bbox 470 1062 641 1121; x_wconf 77' lang='lat' dir='ltr'>casales,</span> <span class='ocrx_word' id='word_1_88' title='bbox 677 1063 750 1123; x_wconf 86' lang='lat' dir='ltr'>qui</span> <span class='ocrx_word' id='word_1_89' title='bbox 774 1078 893 1107; x_wconf 82' lang='lat' dir='ltr'>erant</span> <span class='ocrx_word' id='word_1_90' title='bbox 920 1079 1058 1125; x_wconf 80' lang='lat' dir='ltr'>prope</span> <span class='ocrx_word' id='word_1_91' title='bbox 1089 1063 1355 1121; x_wconf 81' lang='lat' dir='ltr'>Damiatam,</span> <span class='ocrx_word' id='word_1_92' title='bbox 1386 1064 1594 1126; x_wconf 81' lang='lat' dir='ltr'>exspolia-</span> 
     </span>
     <span class='ocr_line' id='line_1_12' title="bbox 216 1132 1755 1198; baseline -0.002 -19"><span class='ocrx_word' id='word_1_93' title='bbox 216 1150 383 1192; x_wconf 78' lang='lat' dir='ltr'>verunt,</span> <span class='ocrx_word' id='word_1_94' title='bbox 407 1135 452 1179; x_wconf 69' lang='grc' dir='ltr'>ὃς</span> <span class='ocrx_word' id='word_1_95' title='bbox 475 1134 519 1178; x_wconf 82' lang='lat' dir='ltr'>in</span> <span class='ocrx_word' id='word_1_96' title='bbox 545 1134 695 1194; x_wconf 84' lang='lat' dir='ltr'>quinta</span> <span class='ocrx_word' id='word_1_97' title='bbox 716 1132 784 1178; x_wconf 92' lang='lat' dir='ltr'>die</span> <span class='ocrx_word' id='word_1_98' title='bbox 807 1133 904 1196; x_wconf 91' lang='lat' dir='ltr'>post</span> <span class='ocrx_word' id='word_1_99' title='bbox 927 1134 1188 1195; x_wconf 87' lang='lat' dir='ltr'>capcionem</span> <span class='ocrx_word' id='word_1_100' title='bbox 1212 1134 1415 1179; x_wconf 87' lang='lat' dir='ltr'>Damiate</span> <span class='ocrx_word' id='word_1_101' title='bbox 1439 1135 1596 1198; x_wconf 82' lang='lat' dir='ltr'>Pagani</span> <span class='ocrx_word' id='word_1_102' title='bbox 1615 1149 1692 1177; x_wconf 78' lang='lat' dir='ltr'>Nov.</span> <span class='ocrx_word' id='word_1_103' title='bbox 1712 1158 1755 1177; x_wconf 69' lang='grc' dir='ltr'>ιο.</span> 
     </span>
     <span class='ocr_line' id='line_1_13' title="bbox 217 1205 1594 1268; baseline 0.001 -18"><span class='ocrx_word' id='word_1_104' title='bbox 217 1205 423 1268; x_wconf 89' lang='lat' dir='ltr'>fugerunt</span> <span class='ocrx_word' id='word_1_105' title='bbox 445 1221 545 1249; x_wconf 90' lang='lat' dir='ltr'>cum</span> <span class='ocrx_word' id='word_1_106' title='bbox 568 1205 629 1250; x_wconf 90' lang='lat' dir='ltr'>ira</span> <span class='ocrx_word' id='word_1_107' title='bbox 653 1205 735 1250; x_wconf 88' lang='lat' dir='ltr'>Dei</span> <span class='ocrx_word' id='word_1_108' title='bbox 760 1206 805 1249; x_wconf 92' lang='lat'>&amp;</span> <span class='ocrx_word' id='word_1_109' title='bbox 820 1205 1110 1266; x_wconf 84' lang='lat' dir='ltr'>exsperserunt</span> <span class='ocrx_word' id='word_1_110' title='bbox 1130 1205 1172 1250; x_wconf 87' lang='lat' dir='ltr'>se</span> <span class='ocrx_word' id='word_1_111' title='bbox 1196 1221 1294 1250; x_wconf 89' lang='lat' dir='ltr'>ante</span> <span class='ocrx_word' id='word_1_112' title='bbox 1314 1205 1594 1265; x_wconf 73' lang='lat' dir='ltr'>Christianos,</span> 
     </span>
     <span class='ocr_line' id='line_1_14' title="bbox 215 1275 1594 1338; baseline 0.001 -17"><span class='ocrx_word' id='word_1_113' title='bbox 215 1278 260 1322; x_wconf 71' lang='grc' dir='ltr'>ὃ(</span> <span class='ocrx_word' id='word_1_114' title='bbox 284 1276 415 1321; x_wconf 76' lang='lat' dir='ltr'>nostri</span> <span class='ocrx_word' id='word_1_115' title='bbox 435 1293 538 1321; x_wconf 89' lang='lat' dir='ltr'>cum</span> <span class='ocrx_word' id='word_1_116' title='bbox 561 1275 784 1338; x_wconf 88' lang='lat' dir='ltr'>triumpho</span> <span class='ocrx_word' id='word_1_117' title='bbox 809 1276 1103 1321; x_wconf 88' lang='lat' dir='ltr'>remanserunt</span> <span class='ocrx_word' id='word_1_118' title='bbox 1126 1276 1171 1320; x_wconf 87' lang='lat' dir='ltr'>in</span> <span class='ocrx_word' id='word_1_119' title='bbox 1196 1276 1388 1334; x_wconf 82' lang='lat' dir='ltr'>civitate,</span> <span class='ocrx_word' id='word_1_120' title='bbox 1427 1294 1594 1336; x_wconf 80' lang='lat' dir='ltr'>aurum,</span> 
     </span>
     <span class='ocr_line' id='line_1_15' title="bbox 218 1346 1595 1410; baseline 0 -17"><span class='ocrx_word' id='word_1_121' title='bbox 218 1364 448 1410; x_wconf 85' lang='lat' dir='ltr'>argentum</span> <span class='ocrx_word' id='word_1_122' title='bbox 477 1348 522 1392; x_wconf 73' lang='grc' dir='ltr'>ἃ</span> <span class='ocrx_word' id='word_1_123' title='bbox 552 1363 812 1394; x_wconf 90' lang='lat' dir='ltr'>ornamenta</span> <span class='ocrx_word' id='word_1_124' title='bbox 841 1349 886 1393; x_wconf 76' lang='grc' dir='ltr'>ὃ(</span> <span class='ocrx_word' id='word_1_125' title='bbox 917 1348 1183 1394; x_wconf 91' lang='lat' dir='ltr'>frumentum</span> <span class='ocrx_word' id='word_1_126' title='bbox 1214 1346 1300 1393; x_wconf 86' lang='lat' dir='ltr'>fine</span> <span class='ocrx_word' id='word_1_127' title='bbox 1322 1347 1409 1394; x_wconf 88' lang='lat' dir='ltr'>fine</span> <span class='ocrx_word' id='word_1_128' title='bbox 1438 1353 1482 1395; x_wconf 75' lang='grc' dir='ltr'>ἅ</span> <span class='ocrx_word' id='word_1_129' title='bbox 1518 1367 1595 1394; x_wconf 89' lang='lat' dir='ltr'>nu-</span> 
     </span>
     <span class='ocr_line' id='line_1_16' title="bbox 218 1419 1597 1483; baseline 0.001 -20"><span class='ocrx_word' id='word_1_130' title='bbox 218 1435 340 1463; x_wconf 90' lang='lat' dir='ltr'>mero</span> <span class='ocrx_word' id='word_1_131' title='bbox 364 1419 636 1476; x_wconf 81' lang='lat' dir='ltr'>invenerunt,</span> <span class='ocrx_word' id='word_1_132' title='bbox 675 1421 719 1465; x_wconf 72' lang='grc' dir='ltr'>δε</span> <span class='ocrx_word' id='word_1_133' title='bbox 747 1435 888 1465; x_wconf 87' lang='lat' dir='ltr'>totum</span> <span class='ocrx_word' id='word_1_134' title='bbox 915 1420 993 1464; x_wconf 86' lang='lat' dir='ltr'>fuit</span> <span class='ocrx_word' id='word_1_135' title='bbox 1017 1419 1072 1465; x_wconf 92' lang='lat' dir='ltr'>de</span> <span class='ocrx_word' id='word_1_136' title='bbox 1096 1436 1348 1477; x_wconf 86' lang='lat' dir='ltr'>commune,</span> <span class='ocrx_word' id='word_1_137' title='bbox 1386 1422 1430 1465; x_wconf 68' lang='grc' dir='ltr'>ὃς</span> <span class='ocrx_word' id='word_1_138' title='bbox 1455 1420 1597 1483; x_wconf 83' lang='lat' dir='ltr'>platee</span> 
     </span>
     <span class='ocr_line' id='line_1_17' title="bbox 217 1489 1598 1552; baseline 0.001 -18"><span class='ocrx_word' id='word_1_139' title='bbox 217 1504 308 1534; x_wconf 90' lang='lat' dir='ltr'>tote</span> <span class='ocrx_word' id='word_1_140' title='bbox 331 1491 376 1535; x_wconf 87' lang='lat'>&amp;</span> <span class='ocrx_word' id='word_1_141' title='bbox 397 1489 555 1535; x_wconf 84' lang='lat' dir='ltr'>domus</span> <span class='ocrx_word' id='word_1_142' title='bbox 581 1507 702 1536; x_wconf 89' lang='lat' dir='ltr'>erant</span> <span class='ocrx_word' id='word_1_143' title='bbox 724 1490 853 1552; x_wconf 88' lang='lat' dir='ltr'>plene</span> <span class='ocrx_word' id='word_1_144' title='bbox 878 1490 932 1536; x_wconf 91' lang='lat' dir='ltr'>de</span> <span class='ocrx_word' id='word_1_145' title='bbox 951 1489 1247 1548; x_wconf 80' lang='lat' dir='ltr'>cadaveribus,</span> <span class='ocrx_word' id='word_1_146' title='bbox 1273 1492 1374 1552; x_wconf 86' lang='lat' dir='ltr'>quia</span> <span class='ocrx_word' id='word_1_147' title='bbox 1398 1490 1457 1536; x_wconf 88' lang='lat' dir='ltr'>ibi</span> <span class='ocrx_word' id='word_1_148' title='bbox 1477 1509 1598 1537; x_wconf 89' lang='lat' dir='ltr'>erant</span> 
     </span>
     <span class='ocr_line' id='line_1_18' title="bbox 217 1560 1596 1624; baseline 0.001 -19"><span class='ocrx_word' id='word_1_149' title='bbox 217 1562 444 1624; x_wconf 65' lang='lat' dir='ltr'>oc&#39;toginta</span> <span class='ocrx_word' id='word_1_150' title='bbox 474 1561 593 1606; x_wconf 90' lang='lat' dir='ltr'>milia</span> <span class='ocrx_word' id='word_1_151' title='bbox 624 1560 678 1607; x_wconf 90' lang='lat' dir='ltr'>de</span> <span class='ocrx_word' id='word_1_152' title='bbox 707 1562 944 1607; x_wconf 88' lang='lat' dir='ltr'>Sarracenis</span> <span class='ocrx_word' id='word_1_153' title='bbox 984 1563 1179 1618; x_wconf 80' lang='lat' dir='ltr'>mortuis,</span> <span class='ocrx_word' id='word_1_154' title='bbox 1219 1564 1264 1607; x_wconf 66' lang='grc' dir='ltr'>ὃς</span> <span class='ocrx_word' id='word_1_155' title='bbox 1295 1561 1349 1608; x_wconf 90' lang='lat' dir='ltr'>de</span> <span class='ocrx_word' id='word_1_156' title='bbox 1375 1563 1480 1608; x_wconf 87' lang='lat' dir='ltr'>vivis</span> <span class='ocrx_word' id='word_1_157' title='bbox 1504 1579 1596 1607; x_wconf 84' lang='lat' dir='ltr'>non</span> 
     </span>
     <span class='ocr_line' id='line_1_19' title="bbox 217 1630 1597 1689; baseline 0.002 -13"><span class='ocrx_word' id='word_1_158' title='bbox 217 1648 336 1677; x_wconf 87' lang='lat' dir='ltr'>erant</span> <span class='ocrx_word' id='word_1_159' title='bbox 368 1630 443 1678; x_wconf 83' lang='lat' dir='ltr'>nifi</span> <span class='ocrx_word' id='word_1_160' title='bbox 485 1631 638 1678; x_wconf 89' lang='lat' dir='ltr'>decem</span> <span class='ocrx_word' id='word_1_161' title='bbox 673 1632 803 1689; x_wconf 78' lang='lat' dir='ltr'>milia,</span> <span class='ocrx_word' id='word_1_162' title='bbox 834 1635 879 1678; x_wconf 68' lang='grc' dir='ltr'>ὃς</span> <span class='ocrx_word' id='word_1_163' title='bbox 912 1632 966 1678; x_wconf 92' lang='lat' dir='ltr'>de</span> <span class='ocrx_word' id='word_1_164' title='bbox 986 1633 1094 1678; x_wconf 88' lang='lat' dir='ltr'>sanis</span> <span class='ocrx_word' id='word_1_165' title='bbox 1128 1650 1220 1677; x_wconf 92' lang='lat' dir='ltr'>non</span> <span class='ocrx_word' id='word_1_166' title='bbox 1252 1650 1373 1679; x_wconf 87' lang='lat' dir='ltr'>erant</span> <span class='ocrx_word' id='word_1_167' title='bbox 1407 1632 1481 1678; x_wconf 85' lang='lat' dir='ltr'>nisi</span> <span class='ocrx_word' id='word_1_168' title='bbox 1520 1635 1597 1680; x_wconf 88' lang='lat' dir='ltr'>tria</span> 
     </span>
     <span class='ocr_line' id='line_1_20' title="bbox 217 1702 1597 1766; baseline 0.002 -19"><span class='ocrx_word' id='word_1_169' title='bbox 217 1702 348 1762; x_wconf 73' lang='lat' dir='ltr'>milia,</span> <span class='ocrx_word' id='word_1_170' title='bbox 372 1705 417 1748; x_wconf 69' lang='grc' dir='ltr'>ὃς</span> <span class='ocrx_word' id='word_1_171' title='bbox 436 1721 544 1749; x_wconf 85' lang='lat' dir='ltr'>unus</span> <span class='ocrx_word' id='word_1_172' title='bbox 570 1703 702 1748; x_wconf 89' lang='lat' dir='ltr'>alium</span> <span class='ocrx_word' id='word_1_173' title='bbox 728 1704 904 1766; x_wconf 88' lang='lat' dir='ltr'>sepelire</span> <span class='ocrx_word' id='word_1_174' title='bbox 930 1721 1021 1748; x_wconf 88' lang='lat' dir='ltr'>non</span> <span class='ocrx_word' id='word_1_175' title='bbox 1046 1702 1231 1762; x_wconf 76' lang='lat' dir='ltr'>valebat,</span> <span class='ocrx_word' id='word_1_176' title='bbox 1266 1706 1310 1749; x_wconf 69' lang='grc' dir='ltr'>ὅς</span> <span class='ocrx_word' id='word_1_177' title='bbox 1336 1720 1402 1749; x_wconf 87' lang='lat' dir='ltr'>tot</span> <span class='ocrx_word' id='word_1_178' title='bbox 1426 1705 1597 1751; x_wconf 84' lang='lat' dir='ltr'>fuerunt</span> 
     </span>
     <span class='ocr_line' id='line_1_21' title="bbox 218 1773 1596 1837; baseline 0.002 -19"><span class='ocrx_word' id='word_1_179' title='bbox 218 1773 447 1831; x_wconf 83' lang='lat' dir='ltr'>cadavera,</span> <span class='ocrx_word' id='word_1_180' title='bbox 478 1773 601 1836; x_wconf 88' lang='lat' dir='ltr'>quod</span> <span class='ocrx_word' id='word_1_181' title='bbox 628 1774 767 1819; x_wconf 85' lang='lat' dir='ltr'>nullus</span> <span class='ocrx_word' id='word_1_182' title='bbox 790 1791 963 1837; x_wconf 90' lang='lat' dir='ltr'>poterat</span> <span class='ocrx_word' id='word_1_183' title='bbox 986 1773 1179 1820; x_wconf 84' lang='lat' dir='ltr'>sufficere</span> <span class='ocrx_word' id='word_1_184' title='bbox 1197 1774 1253 1820; x_wconf 92' lang='lat' dir='ltr'>ad</span> <span class='ocrx_word' id='word_1_185' title='bbox 1274 1775 1596 1836; x_wconf 87' lang='lat' dir='ltr'>proiiciendum</span> 
     </span>
     <span class='ocr_line' id='line_1_22' title="bbox 217 1843 1596 1908; baseline 0.002 -19"><span class='ocrx_word' id='word_1_186' title='bbox 217 1845 260 1889; x_wconf 88' lang='lat' dir='ltr'>in</span> <span class='ocrx_word' id='word_1_187' title='bbox 286 1843 465 1904; x_wconf 77' lang='lat' dir='ltr'>flumen,</span> <span class='ocrx_word' id='word_1_188' title='bbox 498 1847 543 1890; x_wconf 67' lang='grc' dir='ltr'>ὃς</span> <span class='ocrx_word' id='word_1_189' title='bbox 573 1846 840 1908; x_wconf 87' lang='lat' dir='ltr'>quicumque</span> <span class='ocrx_word' id='word_1_190' title='bbox 871 1844 1046 1891; x_wconf 84' lang='lat' dir='ltr'>volebat</span> <span class='ocrx_word' id='word_1_191' title='bbox 1071 1847 1149 1891; x_wconf 91' lang='lat' dir='ltr'>tria</span> <span class='ocrx_word' id='word_1_192' title='bbox 1174 1862 1361 1908; x_wconf 84' lang='lat' dir='ltr'>corpora</span> <span class='ocrx_word' id='word_1_193' title='bbox 1386 1848 1596 1908; x_wconf 86' lang='lat' dir='ltr'>proiicere</span> 
     </span>
     <span class='ocr_line' id='line_1_23' title="bbox 217 1914 1597 1977; baseline 0.002 -17"><span class='ocrx_word' id='word_1_194' title='bbox 217 1916 261 1960; x_wconf 85' lang='lat' dir='ltr'>in</span> <span class='ocrx_word' id='word_1_195' title='bbox 287 1914 450 1962; x_wconf 89' lang='lat' dir='ltr'>flumen</span> <span class='ocrx_word' id='word_1_196' title='bbox 475 1932 592 1962; x_wconf 82' lang='lat' dir='ltr'>extra</span> <span class='ocrx_word' id='word_1_197' title='bbox 616 1917 851 1976; x_wconf 78' lang='lat' dir='ltr'>civitatem,</span> <span class='ocrx_word' id='word_1_198' title='bbox 887 1915 1069 1962; x_wconf 88' lang='lat' dir='ltr'>dabatur</span> <span class='ocrx_word' id='word_1_199' title='bbox 1104 1919 1142 1963; x_wconf 91' lang='lat' dir='ltr'>ei</span> <span class='ocrx_word' id='word_1_200' title='bbox 1176 1915 1420 1975; x_wconf 81' lang='lat' dir='ltr'>bysantium</span> <span class='ocrx_word' id='word_1_201' title='bbox 1446 1936 1597 1977; x_wconf 72' lang='lat' dir='ltr'>unum,</span> 
     </span>
     <span class='ocr_line' id='line_1_24' title="bbox 217 1986 1596 2050; baseline 0.002 -19"><span class='ocrx_word' id='word_1_202' title='bbox 217 1988 263 2031; x_wconf 70' lang='grc' dir='ltr'>δε</span> <span class='ocrx_word' id='word_1_203' title='bbox 286 2005 311 2032; x_wconf 89' lang='lat' dir='ltr'>a</span> <span class='ocrx_word' id='word_1_204' title='bbox 335 1986 404 2032; x_wconf 87' lang='lat' dir='ltr'>die</span> <span class='ocrx_word' id='word_1_205' title='bbox 430 1988 574 2033; x_wconf 62' lang='lat' dir='ltr'>Sancii</span> <span class='ocrx_word' id='word_1_206' title='bbox 613 1987 830 2045; x_wconf 85' lang='lat' dir='ltr'>Iohannis,</span> <span class='ocrx_word' id='word_1_207' title='bbox 870 2005 971 2032; x_wconf 91' lang='lat' dir='ltr'>cum</span> <span class='ocrx_word' id='word_1_208' title='bbox 994 1989 1112 2033; x_wconf 88' lang='lat' dir='ltr'>Deus</span> <span class='ocrx_word' id='word_1_209' title='bbox 1138 1987 1328 2033; x_wconf 87' lang='lat' dir='ltr'>nostram</span> <span class='ocrx_word' id='word_1_210' title='bbox 1352 1988 1596 2050; x_wconf 85' lang='lat' dir='ltr'>superbiam</span> 
     </span>
     <span class='ocr_line' id='line_1_25' title="bbox 218 2056 1595 2122; baseline 0.001 -19"><span class='ocrx_word' id='word_1_211' title='bbox 218 2057 453 2120; x_wconf 78' lang='lat' dir='ltr'>castigavit,</span> <span class='ocrx_word' id='word_1_212' title='bbox 489 2056 544 2103; x_wconf 87' lang='lat' dir='ltr'>ab</span> <span class='ocrx_word' id='word_1_213' title='bbox 569 2057 639 2102; x_wconf 86' lang='lat' dir='ltr'>illa</span> <span class='ocrx_word' id='word_1_214' title='bbox 675 2057 744 2102; x_wconf 87' lang='lat' dir='ltr'>die</span> <span class='ocrx_word' id='word_1_215' title='bbox 766 2074 975 2120; x_wconf 90' lang='lat' dir='ltr'>ceperunt</span> <span class='ocrx_word' id='word_1_216' title='bbox 999 2059 1126 2116; x_wconf 85' lang='lat' dir='ltr'>mori,</span> <span class='ocrx_word' id='word_1_217' title='bbox 1159 2057 1260 2103; x_wconf 89' lang='lat' dir='ltr'>ideo</span> <span class='ocrx_word' id='word_1_218' title='bbox 1298 2059 1396 2119; x_wconf 88' lang='lat' dir='ltr'>quia</span> <span class='ocrx_word' id='word_1_219' title='bbox 1429 2058 1595 2122; x_wconf 85' lang='lat' dir='ltr'>signum</span> 
     </span>
     <span class='ocr_line' id='line_1_26' title="bbox 218 2127 1596 2191; baseline 0.002 -18"><span class='ocrx_word' id='word_1_220' title='bbox 218 2129 372 2174; x_wconf 62' lang='lat' dir='ltr'>Saneie</span> <span class='ocrx_word' id='word_1_221' title='bbox 397 2129 550 2174; x_wconf 84' lang='lat' dir='ltr'>Crucis</span> <span class='ocrx_word' id='word_1_222' title='bbox 583 2144 683 2174; x_wconf 86' lang='lat' dir='ltr'>anre</span> <span class='ocrx_word' id='word_1_223' title='bbox 710 2146 789 2173; x_wconf 91' lang='lat' dir='ltr'>nos</span> <span class='ocrx_word' id='word_1_224' title='bbox 817 2127 1050 2188; x_wconf 77' lang='lat' dir='ltr'>faciebant,</span> <span class='ocrx_word' id='word_1_225' title='bbox 1089 2131 1134 2174; x_wconf 71' lang='grc' dir='ltr'>ὅ(</span> <span class='ocrx_word' id='word_1_226' title='bbox 1157 2127 1412 2191; x_wconf 83' lang='lat' dir='ltr'>lapidabant</span> <span class='ocrx_word' id='word_1_227' title='bbox 1436 2132 1480 2175; x_wconf 68' lang='grc' dir='ltr'>ὃς</span> <span class='ocrx_word' id='word_1_228' title='bbox 1505 2149 1596 2176; x_wconf 88' lang='lat' dir='ltr'>ver-</span> 
     </span>
     <span class='ocr_line' id='line_1_27' title="bbox 216 2197 1597 2265; baseline 0.002 -20"><span class='ocrx_word' id='word_1_229' title='bbox 216 2197 427 2245; x_wconf 88' lang='lat' dir='ltr'>berabant</span> <span class='ocrx_word' id='word_1_230' title='bbox 444 2201 489 2244; x_wconf 91' lang='lat'>&amp;</span> <span class='ocrx_word' id='word_1_231' title='bbox 516 2200 619 2262; x_wconf 82' lang='lat' dir='ltr'>igne</span> <span class='ocrx_word' id='word_1_232' title='bbox 637 2198 902 2246; x_wconf 86' lang='lat' dir='ltr'>cremabant.</span> <span class='ocrx_word' id='word_1_233' title='bbox 930 2199 1059 2263; x_wconf 87' lang='lat' dir='ltr'>Unde</span> <span class='ocrx_word' id='word_1_234' title='bbox 1084 2199 1276 2245; x_wconf 86' lang='lat' dir='ltr'>Christus</span> <span class='ocrx_word' id='word_1_235' title='bbox 1295 2199 1406 2246; x_wconf 87' lang='lat' dir='ltr'>bene</span> <span class='ocrx_word' id='word_1_236' title='bbox 1429 2203 1597 2265; x_wconf 87' lang='lat' dir='ltr'>accepit</span> 
     </span>
     <span class='ocr_line' id='line_1_28' title="bbox 217 2269 1595 2334; baseline 0.002 -19"><span class='ocrx_word' id='word_1_237' title='bbox 217 2269 457 2316; x_wconf 56' lang='lat' dir='ltr'>vindicfkam</span> <span class='ocrx_word' id='word_1_238' title='bbox 493 2269 547 2315; x_wconf 91' lang='lat' dir='ltr'>de</span> <span class='ocrx_word' id='word_1_239' title='bbox 582 2270 658 2316; x_wconf 90' lang='lat' dir='ltr'>suo</span> <span class='ocrx_word' id='word_1_240' title='bbox 687 2271 836 2316; x_wconf 62' lang='lat' dir='ltr'>saneio</span> <span class='ocrx_word' id='word_1_241' title='bbox 870 2270 1008 2334; x_wconf 78' lang='lat' dir='ltr'>fign0‚</span> <span class='ocrx_word' id='word_1_242' title='bbox 1043 2270 1165 2332; x_wconf 89' lang='lat' dir='ltr'>quod</span> <span class='ocrx_word' id='word_1_243' title='bbox 1200 2271 1340 2316; x_wconf 89' lang='lat' dir='ltr'>nullus</span> <span class='ocrx_word' id='word_1_244' title='bbox 1376 2289 1426 2316; x_wconf 84' lang='lat' dir='ltr'>ex</span> <span class='ocrx_word' id='word_1_245' title='bbox 1460 2272 1538 2318; x_wconf 90' lang='lat' dir='ltr'>illis</span> <span class='ocrx_word' id='word_1_246' title='bbox 1572 2291 1595 2319; x_wconf 92' lang='lat' dir='ltr'>a</span> 
     </span>
     <span class='ocr_line' id='line_1_29' title="bbox 219 2341 1595 2404; baseline 0.001 -18"><span class='ocrx_word' id='word_1_247' title='bbox 219 2342 374 2387; x_wconf 89' lang='lat' dir='ltr'>canina</span> <span class='ocrx_word' id='word_1_248' title='bbox 396 2357 537 2386; x_wconf 87' lang='lat' dir='ltr'>morte</span> <span class='ocrx_word' id='word_1_249' title='bbox 564 2342 711 2388; x_wconf 86' lang='lat' dir='ltr'>evasus</span> <span class='ocrx_word' id='word_1_250' title='bbox 736 2343 807 2388; x_wconf 89' lang='lat' dir='ltr'>est.</span> <span class='ocrx_word' id='word_1_251' title='bbox 843 2341 971 2389; x_wconf 90' lang='lat' dir='ltr'>Unde</span> <span class='ocrx_word' id='word_1_252' title='bbox 991 2359 1070 2388; x_wconf 85' lang='lat' dir='ltr'>vos</span> <span class='ocrx_word' id='word_1_253' title='bbox 1096 2341 1342 2401; x_wconf 80' lang='lat' dir='ltr'>Christiani,</span> <span class='ocrx_word' id='word_1_254' title='bbox 1368 2344 1442 2404; x_wconf 88' lang='lat' dir='ltr'>qui</span> <span class='ocrx_word' id='word_1_255' title='bbox 1468 2343 1595 2388; x_wconf 82' lang='lat' dir='ltr'>histo-</span> 
     </span>
     <span class='ocr_line' id='line_1_30' title="bbox 80 2410 1596 2475; baseline 0.003 -19"><span class='ocrx_word' id='word_1_256' title='bbox 80 2428 100 2457; x_wconf 84' lang='lat' dir='ltr'>f.</span> <span class='ocrx_word' id='word_1_257' title='bbox 118 2428 154 2466; x_wconf 79' lang='lat'>36</span> <span class='ocrx_word' id='word_1_258' title='bbox 171 2427 199 2456; x_wconf 86' lang='lat' dir='ltr'>b.</span> <span class='ocrx_word' id='word_1_259' title='bbox 219 2414 326 2458; x_wconf 89' lang='lat' dir='ltr'>riam</span> <span class='ocrx_word' id='word_1_260' title='bbox 350 2410 504 2457; x_wconf 86' lang='lat' dir='ltr'>auditis</span> <span class='ocrx_word' id='word_1_261' title='bbox 524 2413 740 2471; x_wconf 79' lang='lat' dir='ltr'>Damiate,</span> <span class='ocrx_word' id='word_1_262' title='bbox 761 2412 978 2458; x_wconf 86' lang='lat' dir='ltr'>Christum</span> <span class='ocrx_word' id='word_1_263' title='bbox 1000 2411 1117 2458; x_wconf 85' lang='lat' dir='ltr'>flexis</span> <span class='ocrx_word' id='word_1_264' title='bbox 1136 2411 1318 2475; x_wconf 81' lang='lat' dir='ltr'>genibus</span> <span class='ocrx_word' id='word_1_265' title='bbox 1338 2412 1532 2471; x_wconf 82' lang='lat' dir='ltr'>adorate,</span> <span class='ocrx_word' id='word_1_266' title='bbox 1551 2416 1596 2460; x_wconf 67' lang='grc' dir='ltr'>δε</span> 
     </span>
     <span class='ocr_line' id='line_1_31' title="bbox 218 2481 1594 2546; baseline 0.001 -19"><span class='ocrx_word' id='word_1_267' title='bbox 218 2481 385 2528; x_wconf 86' lang='lat' dir='ltr'>bonam</span> <span class='ocrx_word' id='word_1_268' title='bbox 409 2481 543 2528; x_wconf 90' lang='lat' dir='ltr'>fidem</span> <span class='ocrx_word' id='word_1_269' title='bbox 566 2499 696 2544; x_wconf 87' lang='lat' dir='ltr'>atque</span> <span class='ocrx_word' id='word_1_270' title='bbox 721 2501 875 2546; x_wconf 89' lang='lat' dir='ltr'>puram</span> <span class='ocrx_word' id='word_1_271' title='bbox 900 2485 942 2528; x_wconf 93' lang='lat' dir='ltr'>in</span> <span class='ocrx_word' id='word_1_272' title='bbox 969 2483 1109 2544; x_wconf 76' lang='lat' dir='ltr'>ipsum</span> <span class='ocrx_word' id='word_1_273' title='bbox 1136 2481 1304 2541; x_wconf 81' lang='lat' dir='ltr'>habete,</span> <span class='ocrx_word' id='word_1_274' title='bbox 1332 2484 1404 2544; x_wconf 89' lang='lat' dir='ltr'>qui</span> <span class='ocrx_word' id='word_1_275' title='bbox 1430 2501 1594 2529; x_wconf 82' lang='lat' dir='ltr'>tantam</span> 
     </span>
     <span class='ocr_line' id='line_1_32' title="bbox 218 2552 1594 2616; baseline 0.001 -17"><span class='ocrx_word' id='word_1_276' title='bbox 218 2554 447 2599; x_wconf 62' lang='lat' dir='ltr'>vifioriam</span> <span class='ocrx_word' id='word_1_277' title='bbox 472 2552 591 2599; x_wconf 86' lang='lat' dir='ltr'>dedit</span> <span class='ocrx_word' id='word_1_278' title='bbox 611 2553 863 2600; x_wconf 86' lang='lat' dir='ltr'>Christianis</span> <span class='ocrx_word' id='word_1_279' title='bbox 885 2555 927 2598; x_wconf 90' lang='lat' dir='ltr'>in</span> <span class='ocrx_word' id='word_1_280' title='bbox 954 2553 1030 2599; x_wconf 82' lang='lat' dir='ltr'>hiis</span> <span class='ocrx_word' id='word_1_281' title='bbox 1050 2552 1335 2616; x_wconf 77' lang='lat' dir='ltr'>temporibus,</span> <span class='ocrx_word' id='word_1_282' title='bbox 1360 2554 1480 2615; x_wconf 84' lang='lat' dir='ltr'>quod</span> <span class='ocrx_word' id='word_1_283' title='bbox 1507 2557 1594 2600; x_wconf 86' lang='lat' dir='ltr'>Da-</span> 
     </span>
     <span class='ocr_line' id='line_1_33' title="bbox 219 2623 1594 2682; baseline 0.001 -14"><span class='ocrx_word' id='word_1_284' title='bbox 219 2625 365 2681; x_wconf 79' lang='lat' dir='ltr'>miata‚</span> <span class='ocrx_word' id='word_1_285' title='bbox 393 2641 493 2669; x_wconf 87' lang='lat' dir='ltr'>cum</span> <span class='ocrx_word' id='word_1_286' title='bbox 513 2625 639 2670; x_wconf 85' lang='lat' dir='ltr'>fuerit</span> <span class='ocrx_word' id='word_1_287' title='bbox 657 2623 823 2670; x_wconf 81' lang='lat' dir='ltr'>obsessa</span> <span class='ocrx_word' id='word_1_288' title='bbox 844 2643 868 2670; x_wconf 91' lang='lat' dir='ltr'>a</span> <span class='ocrx_word' id='word_1_289' title='bbox 886 2624 1151 2682; x_wconf 75' lang='lat' dir='ltr'>Christianis,</span> <span class='ocrx_word' id='word_1_290' title='bbox 1177 2626 1221 2669; x_wconf 66' lang='grc' dir='ltr'>ὅς</span> <span class='ocrx_word' id='word_1_291' title='bbox 1246 2624 1350 2670; x_wconf 89' lang='lat' dir='ltr'>nihil</span> <span class='ocrx_word' id='word_1_292' title='bbox 1368 2626 1406 2670; x_wconf 87' lang='lat' dir='ltr'>ei</span> <span class='ocrx_word' id='word_1_293' title='bbox 1431 2643 1594 2671; x_wconf 81' lang='lat' dir='ltr'>nocue-</span> 
     </span>
    </p>
   </div>
   <div class='ocr_carea' id='block_1_3' title="bbox 218 2693 1593 2800">
    <p class='ocr_par' dir='ltr' id='par_1_3' title="bbox 218 2693 1593 2800">
     <span class='ocr_line' id='line_1_34' title="bbox 218 2693 1593 2760; baseline 0.001 -21"><span class='ocrx_word' id='word_1_294' title='bbox 218 2711 330 2754; x_wconf 79' lang='lat' dir='ltr'>runt,</span> <span class='ocrx_word' id='word_1_295' title='bbox 356 2694 427 2740; x_wconf 87' lang='lat' dir='ltr'>sed</span> <span class='ocrx_word' id='word_1_296' title='bbox 448 2694 587 2740; x_wconf 88' lang='lat' dir='ltr'>modo</span> <span class='ocrx_word' id='word_1_297' title='bbox 616 2696 699 2741; x_wconf 80' lang='lat' dir='ltr'>Dei</span> <span class='ocrx_word' id='word_1_298' title='bbox 719 2697 864 2758; x_wconf 84' lang='lat' dir='ltr'>gracia</span> <span class='ocrx_word' id='word_1_299' title='bbox 894 2693 977 2740; x_wconf 80' lang='lat' dir='ltr'>sine</span> <span class='ocrx_word' id='word_1_300' title='bbox 998 2695 1212 2759; x_wconf 84' lang='lat' dir='ltr'>sanguinis</span> <span class='ocrx_word' id='word_1_301' title='bbox 1237 2693 1443 2741; x_wconf 71' lang='lat' dir='ltr'>effusione</span> <span class='ocrx_word' id='word_1_302' title='bbox 1468 2714 1593 2760; x_wconf 83' lang='lat' dir='ltr'>capta</span> 
     </span>
     <span class='ocr_line' id='line_1_35' title="bbox 1391 2771 1429 2800; baseline 0.053 -2"><span class='ocrx_word' id='word_1_303' title='bbox 1391 2771 1429 2800; x_wconf 87' lang='lat'>18</span> 
     </span>
    </p>
   </div>
  </div>
 </body>
</html>
