2216 3435
737 271 853 304 FILII
888 271 1047 304 AGAP.
1499 273 1525 306 2
1538 279 1552 307 I
1566 272 1588 325 ς

217 429 469 476 apparente,
495 412 782 459 minorabitur
798 415 843 459 ἃ
862 411 1153 458 debilitabitur
1176 430 1361 476 regnum
1381 415 1594 478 Calipho-

217 501 338 543 rum3
372 484 445 547 (3)
486 484 713 547 surgetque
751 484 953 529 vexillum
978 483 1167 528 hominis
1191 482 1381 539 Arabici,
1424 489 1468 531 ὃς
1497 488 1594 550 post

216 554 340 599 illum
363 555 507 601 veniet
533 555 671 600 homo
697 554 868 613 nobilis,
904 554 1191 618 regnabitque
1220 557 1344 618 super
1368 573 1526 602 terram
1549 559 1594 602 ὃς

217 626 342 687 super
387 641 619 683 montana,
679 625 938 687 durabitque
986 644 1169 690 regnum
1214 627 1323 672 illius
1369 628 1593 689 aliquanto

218 711 418 757 tempore
437 694 598 757 absque
617 694 745 742 bello,
773 695 845 758 (4)
871 697 961 741 Post
979 697 1100 742 illum
1124 715 1226 743 vero
1247 699 1422 744 venient
1445 715 1595 761 gentes

217 767 262 811 ὅς
295 764 567 812 vocabuntur
602 767 747 825 Tui-ci,
790 769 834 812 ὃς
868 769 910 812 in
946 769 1159 830 principio
1198 769 1405 831 temporis
1443 787 1595 814 eorum

218 836 461 899 egredietur
487 855 559 883 rex
581 836 842 896 incredulus,
879 857 929 884 ex
959 837 1159 901 gentibus
1194 840 1350 885 scilicet
1386 858 1471 902 que
1504 857 1595 885 non

218 906 414 964 credunt,
442 907 667 970 diruetque
693 909 913 954 civitatem
938 908 1118 968 Balbeis,
1160 909 1473 972 damnabitque
1498 929 1596 956 eam

218 977 378 1040 absque
414 979 502 1024 ullo
539 980 718 1025 crimine
743 982 788 1025 ὃς
813 980 954 1042 culpa,
997 980 1244 1043 vendetque
1267 981 1378 1027 filios
1412 984 1456 1027 ὅ(
1490 981 1596 1026 filias

217 1051 262 1094 ὃς
281 1049 480 1094 homines
496 1059 506 1078 ¹
537 1067 691 1095 eorum
710 1067 790 1112 pro
810 1051 881 1096 vili
900 1053 1041 1113 pretio
1062 1054 1106 1096 ὃς
1125 1051 1319 1097 modico.
1345 1057 1419 1115 (ς)
1440 1052 1485 1097 Et
1502 1053 1597 1114 post

218 1121 359 1182 ipsum
383 1119 582 1184 regnabit
604 1120 758 1177 homo,
797 1123 916 1166 cuius
939 1123 1144 1167 vexillum
1174 1124 1252 1168 erit
1282 1140 1487 1168 croceum
1513 1123 1595 1186 [&]

219 1190 336 1236 oculi
359 1192 488 1255 nigri:
524 1191 777 1250 misericors,
809 1193 1031 1238 veredicus
1060 1195 1104 1238 in
1131 1194 1330 1239 sermone
1355 1195 1447 1253 suo,
1473 1194 1598 1257 super

217 1262 420 1307 inimicos
455 1262 553 1307 suos
585 1263 897 1326 triumphator3
940 1265 1081 1326 capiet
1116 1266 1396 1324 Damascum,
1432 1266 1597 1327 suisque

218 1331 369 1378 diebus
394 1333 581 1395 plurima
610 1335 753 1396 capita
784 1333 1175 1394 detruncabuntur3
1213 1335 1500 1398 prestabitque
1524 1335 1598 1383 fibi

219 1405 426 1449 auxilium
450 1404 587 1448 homo
613 1421 664 1450 ex
687 1422 846 1467 genere
870 1405 946 1450 suo
964 1414 982 1434 2
999 1443 1010 1462 ,
1039 1423 1248 1467 eruntque
1273 1405 1363 1452 dies
1388 1407 1489 1452 mali
1511 1407 1599 1452 loci

217 1475 342 1533 illius,
389 1474 637 1536 vendetque
670 1475 870 1521 homines
893 1476 1003 1521 illius
1044 1494 1124 1538 pro
1166 1494 1305 1539 parvo
1329 1479 1483 1539 pretio.
1524 1477 1598 1538 (ὁ)

218 1545 264 1591 O
303 1545 586 1592 Carnathim!
627 1546 672 1591 O
710 1546 840 1593 Can!
877 1547 921 1592 O
958 1547 1084 1594 Can!
1124 1548 1192 1593 Ve
1220 1546 1321 1595 tibi!
1358 1547 1459 1594 flere
1492 1549 1597 1595 volo

270 1652 282 1671 1
304 1638 426 1682 Forsan
443 1639 629 1683 vendetque
647 1639 800 1673 homines
819 1642 849 1673 &
868 1640 954 1674 filios
974 1642 1003 1674 δι
1019 1641 1102 1673 filias
1117 1653 1249 1685 earum;
1268 1645 1309 1686 cf
1330 1642 1599 1687 vetstonemgal-

218 1691 324 1726 licam.
340 1713 381 1717 —
399 1706 417 1726 2
434 1694 546 1726 Verba
559 1694 708 1737 quaedam
722 1693 821 1737 omistt
837 1694 1037 1738 amanuenfis
1047 1694 1133 1738 ficut
1143 1707 1186 1728 ex
1193 1695 1322 1739 gallica
1334 1702 1427 1740 patet
1440 1697 1598 1740 vetfione.

221 1837 384 1863 comme
418 1836 492 1862 uns
523 1821 633 1862 escus
668 1837 799 1873 reons‚
834 1823 872 1863 ὅτ
902 1838 949 1863 en
987 1824 1078 1863 chel
1113 1835 1199 1865 tans
1229 1828 1545 1867 commenchera
1578 1843 1600 1868 a

222 1879 460 1921 amenuisier
478 1880 516 1920 &
534 1895 555 1920 a
570 1881 651 1920 aler
666 1896 688 1921 a
701 1882 814 1921 nient
830 1882 855 1921 li
873 1896 1014 1936 regnes
1031 1883 1099 1923 des
1116 1883 1320 1925 Sarrafins.
1340 1887 1392 1939 (3)
1410 1886 1463 1925 Et
1478 1901 1601 1926 venra

221 1951 341 1980 avant
375 1954 453 1979 une
484 1939 668 1994 enseigne
703 1940 796 1980 d’un
834 1943 999 1980 homme
1030 1942 1230 1982 d'Arrabe
1253 1943 1306 1988 (δε
1326 1953 1528 1998 regnera);
1562 1946 1600 1986 δι

223 2000 338 2052 apres
359 1999 492 2038 chelui
515 2013 683 2052 regnera
703 2013 776 2039 uns
805 1999 947 2041 nobles
978 2001 1080 2041 hons
1102 2000 1163 2040 sur
1193 2001 1249 2042 les
1280 2014 1383 2043 teres
1404 2003 1443 2043 &
1464 2004 1524 2044 sur
1543 2005 1600 2046 les

223 2058 492 2111 montaignes,
513 2057 551 2098 δι
572 2058 718 2097 duerra
738 2058 795 2098 ses
815 2059 940 2112 signes
962 2059 1000 2099 &
1023 2061 1078 2100 ses
1098 2074 1238 2114 regnes
1261 2062 1297 2101 ἃ
1319 2062 1355 2101 sa
1376 2062 1600 2116 seignourie

224 2129 377 2169 auques
400 2116 493 2156 lonc
516 2128 602 2158 tans
624 2118 708 2158 sans
729 2118 903 2158 bataille.
926 2120 978 2170 (4)
1002 2118 1114 2158 Mais
1136 2120 1252 2172 apres
1272 2120 1404 2160 chelui
1427 2134 1602 2163 venront

224 2189 322 2215 unes
349 2190 447 2228 gens
468 2177 536 2230 qui
568 2176 700 2216 seront
730 2177 843 2230 apele
864 2177 997 2228 Ture,
1031 2178 1069 2218 &
1090 2177 1127 2217 el
1147 2180 1531 2221 commenchement
1551 2183 1601 2222 de

224 2232 286 2273 lor
317 2244 404 2274 tans
432 2235 576 2275 naistra
605 2250 679 2276 uns
712 2249 804 2290 roys
835 2236 884 2276 de
912 2251 1009 2290 gens
1038 2237 1106 2290 qui
1137 2252 1188 2277 ne
1222 2250 1419 2291 querront
1449 2241 1529 2280 mie
1550 2256 1599 2281 en

225 2290 350 2343 Dieu,
370 2294 445 2332 che
467 2294 522 2333 est
543 2294 592 2334 de
614 2293 820 2345 Sarrasms‚
842 2294 879 2335 δι
901 2296 926 2335 si
947 2295 1141 2335 destruira
1168 2296 1204 2335 le
1225 2298 1332 2337 chite':
1360 2298 1408 2338 de
1439 2298 1600 2340 Belbais

225 2350 263 2391 &
280 2351 501 2404 dampnera
519 2352 603 2394 sans
633 2353 759 2393 raison
777 2354 815 2394 &
833 2353 915 2394 sans
932 2369 1078 2407 coupe,
1094 2354 1132 2394 &
1150 2356 1325 2396 vendera
1342 2356 1397 2396 les
1415 2357 1600 2400 hommes

226 2411 275 2449 de
295 2410 410 2450 chele
431 2412 538 2452 chite
560 2411 598 2452 &
620 2412 681 2452 lor
706 2412 758 2452 fix
781 2412 818 2452 δε
839 2413 901 2452 lor
921 2413 1037 2464 filles,
1066 2413 1105 2454 δε
1126 2414 1254 2454 donra
1275 2430 1378 2468 pour
1401 2418 1500 2469 petit
1521 2419 1600 2471 pris

225 2468 263 2509 &
286 2483 387 2522 pour
406 2470 474 2510 vil.
497 2471 549 2523 (5')
576 2470 631 2511 Et
646 2472 759 2524 apres
781 2471 930 2511 chestui
954 2487 1120 2526 regnera
1140 2488 1214 2514 uns
1231 2476 1333 2515 hons
1355 2476 1422 2528 qui
1441 2488 1602 2529 portera

220 2527 343 2581 jaune
365 2528 527 2569 baniere
557 2529 595 2570 δε
621 2544 689 2570 ara
717 2531 827 2570 noirs
858 2532 934 2581 iex,
967 2531 1005 2571 &
1036 2529 1061 2570 si
1093 2531 1174 2571 sera
1209 2534 1317 2586 pitex
1347 2534 1386 2574 &
1416 2537 1519 2576 vrais
1550 2552 1598 2576 en

227 2587 379 2640 parole,
411 2587 448 2628 &
483 2589 741 2643 vainquerres
771 2589 820 2629 de
849 2589 904 2630 ses
934 2591 1100 2642 anemis,
1130 2591 1169 2631 &
1200 2593 1398 2645 prendera
1420 2594 1601 2645 Damas;

227 2660 276 2685 en
310 2645 373 2686 sen
408 2657 494 2687 tans
522 2646 652 2688 seront
671 2649 798 2688 maint
819 2649 933 2688 chief
945 2650 1085 2703 caupe.
1117 2650 1207 2691 Uns
1227 2651 1330 2692 hons
1352 2652 1400 2693 de
1422 2653 1457 2694 se
1478 2655 1601 2708 lignie

229 2703 254 2744 li
277 2705 412 2745 aidera
433 2705 470 2745 &
491 2705 516 2745 fi
538 2721 658 2747 venra
679 2706 739 2746 sur
759 2707 953 2758 Tabarie,
985 2709 1022 2749 δι
1044 2707 1069 2748 sl
1091 2708 1127 2749 le
1149 2709 1364 2761 destruira3
1395 2713 1490 2753 ichil
1513 2724 1600 2755 tans

228 2762 309 2803 sera
331 2775 446 2804 mout
476 2779 565 2804 max
589 2765 650 2805 sur
677 2766 814 2806 chiaus
842 2767 890 2806 de
917 2767 1111 2818 Tabarie,
1140 2783 1208 2809 car
1243 2769 1269 2809 il
1288 2770 1345 2811 les
1366 2773 1541 2812 vendera
1561 2773 1600 2813 &
