2216 3435
816 641 1021 684 GESTcA

673 1189 696 1276 Γ.
724 1234 790 1274 ‘De
805 1231 986 1291 proceſj'u
1011 1234 1183 1274 navium.

560 1414 693 1459 NNO
701 1414 844 1476 gracie
862 1410 1087 1458 millefimo
1108 1411 1405 1458 ducentesimo
1424 1413 1609 1475 septimo
1652 1428 1727 1455 1217

489 1527 495 1535 ,
561 1483 735 1529 decimo
757 1483 1016 1541 Guilelmus,
1037 1501 1185 1529 comes
1209 1482 1438 1542 Hollenfis,
1458 1486 1526 1529 &¹
1540 1522 1546 1529 .

512 1625 805 1672 =‘Theutonie
836 1644 885 1672 ac
910 1625 1041 1684 frisie,
1077 1625 1132 1672 ad
1156 1627 1336 1672 Terram
1364 1625 1609 1689 [Santstam]

230 1697 447 1761 proficisci
461 1697 1218 1762 desiderantibus,apudVlerdingen
1231 1700 1487 1763 congregati
1501 1699 1606 1744 sunt.

297 1770 470 1832 Qarto
495 1771 624 1832 igitur
649 1768 852 1815 calendas
885 1771 987 1829 lunij
1013 1769 1116 1815 diffl
1146 1770 1233 1814 iam
1256 1771 1473 1834 peregrini
1499 1771 1539 1815 se
1565 1773 1610 1816 &
1626 1779 1700 1817 Maj-
1717 1789 1763 1817 29Ἰ

232 1842 304 1886 sua
330 1843 429 1886 Deo
466 1839 844 1899 commendantes,
882 1839 1083 1904 oppansis
1118 1841 1236 1898 velis,
1275 1858 1376 1886 cum
1411 1843 1609 1887 trecentis

233 1912 320 1958 fere
343 1911 523 1958 navibus
540 1912 613 1957 leti
644 1929 761 1957 mare
791 1911 1105 1970 conscendunt,
1127 1911 1415 1974 vehentesque
1434 1912 1490 1958 ad
1509 1930 1609 1975 por-

233 2000 325 2027 tum
351 1983 524 2046 Anglie,
561 1984 633 2044 qui
659 1982 920 2028 Disthmude
936 1993 954 2012 2
971 1982 1139 2041 dicitur,
1176 1983 1462 2042 Guilelmum,
1498 1985 1608 2030 Hol-

231 2055 392 2100 lensem
424 2056 650 2113 comitem,
685 2055 728 2098 in
760 2054 991 2099 dominum
1022 2054 1179 2100 milicie
1211 2055 1503 2100 communiter
1528 2056 1609 2101 sus-

232 2127 412 2188 cipiunt,
452 2125 527 2171 sub
553 2143 641 2188 quo
679 2126 794 2188 leges
828 2128 872 2170 ὃς
898 2143 1014 2172 nova
1037 2127 1128 2171 iura
1152 2125 1210 2171 ob
1237 2127 1353 2188 pacis
1379 2126 1609 2174 observan-

232 2199 346 2242 ciam
370 2197 465 2243 sunt
503 2198 668 2243 statuta.
706 2198 863 2242 Tercio
902 2214 1039 2243 nonas
1064 2196 1253 2243 eiusdem
1281 2196 1433 2243 meniis
1459 2216 1608 2261 perve-
1626 2208 1690 2236 lun·
1711 2217 1735 2245 3-

233 2270 354 2315 niunt
395 2268 449 2314 ad
491 2287 608 2314 mare
642 2269 950 2328 Britannicum,
998 2269 1070 2315 ubi
1109 2271 1218 2317 inter
1253 2289 1376 2334 rupes
1418 2272 1461 2315 in
1504 2272 1610 2316 mari

231 2341 409 2386 latentes
428 2349 442 2378 3
460 2342 579 2386 navis
601 2340 654 2386 de
670 2341 927 2387 Monnheim
946 2342 1169 2388 confracia
1189 2343 1260 2398 est,
1283 2342 1413 2401 unde,
1439 2343 1609 2406 reliquis

232 2410 412 2458 navibus
449 2412 660 2458 anchoras
691 2413 735 2457 in
770 2412 856 2458 fine
887 2414 1086 2476 posterne
1120 2413 1237 2476 apud
1269 2416 1475 2460 Sane'tum
1499 2415 1608 2459 Mat-

232 2483 380 2528 theum
405 2482 651 2546 figentibus,
667 2484 865 2529 homines
881 2493 901 2521 4
917 2484 1144 2548 naufragio
1165 2484 1338 2548 probati
1355 2494 1369 2524 5
1389 2485 1443 2531 de
1463 2489 1608 2548 rupe,⁶

234 2572 367 2616 quam
386 2553 681 2615 ascenderant,
708 2556 802 2602 sunt
825 2555 981 2602 educ‘ti.
1011 2557 1127 2602 Hinc
1147 2558 1406 2619 perveniunt
1424 2557 1480 2603 ad
1508 2574 1606 2619 por-

285 2712 293 2730 ι
334 2701 367 2733 B.
396 2700 515 2732 recenti
545 2712 643 2732 mame
672 2699 875 2741 G[irardus].
1009 2713 1030 2741 4
1060 2700 1092 2731 B.
1124 2699 1251 2732 fratres.
1277 2719 1321 2722 -—
1353 2713 1368 2743 5
1399 2702 1498 2732 (lo-ld.
1530 2712 1610 2732 nau-

235 2774 277 2777 —
303 2766 320 2785 2
350 2753 398 2785 Sic
416 2754 448 2785 B.
468 2752 578 2785 melius
603 2765 699 2796 quam
722 2754 775 2785 V.:
803 2753 878 2786 Dir-
964 2752 1047 2796 frugi
1068 2753 1236 2797 probatos.
1263 2773 1300 2778 -—
1330 2756 1347 2785 6
1369 2754 1404 2786 B.
1430 2756 1512 2786 reete
1530 2753 1610 2796 sup-

233 2806 386 2839 chumde.
412 2826 450 2830 -—
481 2819 495 2848 3
518 2807 550 2838 B.
574 2807 610 2837 Εἴ
628 2807 666 2838 V.
690 2805 876 2838 latentibus.
959 2806 1034 2851 pler.
