2216 3435
298 600 467 639 Babylonia.

560 237 583 287 3
602 238 651 270 12
1062 237 1419 271 ITINERARIUM

557 384 669 446 rigat
693 382 895 446 Egiptum
914 385 958 428 &
978 385 1109 428 currit
1135 401 1212 446 per
1236 383 1430 430 mediam
1457 386 1692 446 civitatem,
1717 388 1879 434 intrans
1905 390 1948 434 in

557 472 674 500 mare
697 455 739 499 in
766 454 964 516 prediclo
992 472 1135 518 portu.

620 526 706 572 Vll.
740 530 780 571 In
815 544 904 588 quo
925 540 942 556 ‘¹
959 523 1167 573 intrantes
1194 530 1497 592 navigavimus
1523 529 1577 575 ad
1604 530 1833 576 meridiem
1860 531 1948 577 die-

555 595 634 642 bus
667 598 749 656 sex,
786 601 830 643 &
866 600 1062 645 venimus
1094 598 1149 644 ad
1185 601 1405 646 civitatem
1445 604 1660 647 ‘Babilonie
1689 603 1843 665 Egipti,
1872 602 1944 649 ubi

556 671 755 733 regnavit
795 669 1239 732 quondambPharao
1270 690 1356 729 rex,
1395 671 1466 718 sub
1497 690 1587 735 quo
1620 673 1839 720 edificavit
1878 678 1939 719 lo-

555 741 658 803 seph
677 742 732 799 vij
751 752 764 769 ⁶
788 742 942 787 horrea
963 741 1107 787 adhuc
1129 746 1364 789 manentia.
1391 746 1510 789 Dum
1527 744 1548 772 ‘²‘
1563 746 1772 791 exivimus
1797 762 1946 791 autem

553 813 598 857 in
615 812 900 871 Bahiloniam,
917 812 1116 859 custodes
1136 814 1245 859 illius
1263 826 1274 842 “
1298 816 1480 861 civitatis
1502 815 1774 862 deduxerunt
1793 834 1873 862 nos
1890 817 1945 863 ad

555 885 813 947 principem,
852 886 926 947 qui
963 884 1187 932 dicebatur
1223 886 1537 933 Adelachamf
1555 889 1828 948 sarracenus,
1873 891 1948 951 qui

554 957 788 1002 sciscitatus
807 958 863 1002 est
882 975 907 1002 a
926 956 1054 1003 nohis
1070 975 1203 1003 omne
1224 960 1454 1022 negotium
1481 960 1611 1004 nostri
1631 961 1808 1020 itineris,
1827 963 1871 1006 &
1891 960 1945 1006 de

554 1027 710 1090 quibus
749 1029 906 1090 scripta
939 1028 1197 1075 haberemus
1216 1042 1232 1067 -Q
1265 1030 1548 1093 principibus,
1593 1032 1696 1092 Qua
1735 1032 1789 1078 de
1821 1032 1947 1077 causa

553 1099 819 1145 ostendimus
847 1101 885 1145 ei
910 1101 1071 1146 litteras
1098 1101 1152 1147 de
1184 1119 1306 1164 parte
1338 1102 1520 1165 predicoti
1546 1102 1724 1148 Suldani
1741 1104 1818 1149 l¹&
1844 1103 1898 1149 de
1937 1104 1947 1132 ἱ

551 1188 672 1233 parte
698 1172 904 1234 principis
930 1173 1203 1219 Alexandr-ie.
1242 1172 1411 1236 Quod-5
1434 1174 1567 1220 nichil
1595 1173 1721 1220 nobis
1743 1176 1945 1238 profecit,

550 1241 624 1286 sed
649 1240 704 1287 ab
741 1242 836 1304 ipso
867 1244 973 1289 missi
1014 1245 1159 1289 sumus
1194 1247 1238 1290 in
1270 1262 1503 1304 carcerem,
1542 1246 1688 1292 donec
1725 1247 1822 1309 post
1854 1245 1944 1292 dies

549 1313 633 1371 sex,
659 1314 769 1360 inito
796 1314 992 1375 confilio,
1030 1334 1132 1362 cum
1160 1318 1244 1362 Dei
1268 1318 1445 1376 auxilio,
1472 1317 1682 1364 tredecim
1705 1319 1720 1347 k
1743 1317 1944 1364 denarios

549 1386 840 1448 unusquisque
865 1385 986 1432 dedit
1008 1405 1090 1451 pro
1118 1389 1174 1447 se,
1200 1387 1318 1435 ficuti
1341 1391 1387 1435 ὃς
1412 1390 1616 1452 superius,
1646 1390 1740 1452 Qi
1765 1406 1945 1452 quoque

548 1456 650 1503 fecit
678 1456 805 1503 nobis
827 1457 1001 1518 litteras,
1028 1477 1135 1522 quas
1157 1461 1425 1523 quicumque
1444 1460 1648 1508 viderunt
1667 1462 1711 1506 in
1731 1478 1943 1523 quacum-

549 1546 634 1591 que
660 1531 833 1576 civitate
864 1547 938 1577 aut
960 1531 971 1559 ²
991 1533 1035 1578 in
1062 1549 1346 1594 quocumque
1373 1533 1489 1590 loco,
1526 1532 1659 1578 nichil
1685 1532 1892 1596 deinceps
1918 1551 1943 1579 a

548 1599 676 1646 nobis
701 1604 872 1666 exigere
898 1603 982 1650 aufi
1009 1605 1116 1651 sunt.
1143 1606 1236 1650 Erat
1262 1605 1379 1651 enim
1406 1603 1620 1650 secundus
1645 1606 1689 1650 in
1712 1605 1940 1667 mimperio

548 1672 876 1721 Amarmomini
894 1687 909 1704 ⁷¹
926 1675 1124 1739 predicli.
1145 1677 1375 1738 Postquam
1399 1693 1503 1722 vero
1530 1676 1703 1721 inferius
1736 1677 1940 1722 nomina-

547 1760 609 1790 tas
649 1747 844 1792 civitates
871 1747 1071 1811 ingreffi⁰
1096 1749 1254 1806 sumus,
1296 1764 1387 1793 non
1425 1748 1543 1810 prius
1575 1748 1762 1809 permissi
1796 1748 1940 1792 sumus

548 1817 675 1874 exire,
720 1835 853 1879 quam
891 1836 1058 1865 cartam
1083 1836 1158 1864 aut
1178 1827 1199 1858 P
1217 1818 1338 1882 sigilli
1367 1818 1692 1881 impressionem
1717 1819 1939 1882 accipere-

549 1905 660 1946 mus,
693 1888 816 1950 quod
836 1901 853 1929 q
869 1908 958 1935 uno
985 1890 1055 1936 vel
1079 1889 1251 1935 duobus
1281 1889 1466 1935 denariis
1490 1888 1850 1952 impetrabamus.
1876 1890 1938 1935 Est

546 1959 691 2022 itaque
710 1961 753 2005 in
776 1961 856 2007 hac
878 1962 1050 2008 civitate
1070 1961 1315 2024 patriarcha
1333 1960 1523 2006 domnus
1543 1961 1729 2007 Michael
1751 1963 1797 2006 ὅ(
1814 1961 1940 2024 super

546 2046 687 2077 totam
711 2032 928 2096 Egyptum
962 2032 1198 2096 disponens
1229 2035 1368 2096 gratia
1394 2033 1478 2078 Dei
1506 2032 1710 2078 ordinem
1737 2034 1938 2078 omnium

546 2104 858 2166 episcoporum
870 2107 914 2151 ὃς
928 2105 1252 2151 monachorum
1265 2107 1310 2151 &
1324 2104 1686 2150 Christianorum.
1709 2104 1772 2149 Isti
1789 2121 1938 2150 autem

546 2174 779 2221 Christiani
793 2177 925 2222 talem
939 2175 1103 2222 habent
1119 2177 1266 2241 legem
1288 2175 1407 2239 apud
1426 2192 1642 2239 paganos,
1655 2173 1729 2221 ubi
1742 2192 1824 2238 pro
1844 2176 1887 2221 se
1923 2189 1939 2204 r

544 2244 708 2310 fingule
738 2249 923 2311 persone
950 2266 1226 2311 unoquoque
1253 2265 1373 2294 anno
1410 2247 1580 2294 solvant
1604 2245 1811 2292 tributum
1842 2264 1937 2310 pre-

545 2315 665 2364 dicffo
690 2320 898 2383 principi,
936 2331 1007 2366 ut⁵
1043 2321 1192 2367 vivant
1215 2319 1361 2365 secure
1392 2320 1437 2364 ὃς
1468 2317 1614 2365 libere.
1653 2317 1761 2364 {stud
1792 2334 1939 2364 autem

591 2458 619 2478 a.
645 2447 676 2479 F.
701 2447 804 2492 quod.
822 2449 910 2480 —b.
927 2448 1099 2490 quondam
1122 2447 1198 2480 d.in
1283 2446 1346 2478 cim
1379 2448 1413 2479 d.
1442 2446 1475 2478 in
1501 2446 1532 2478 F.
1552 2467 1597 2470 —
1626 2446 1645 2478 l.
1675 2446 1707 2478 L.
1736 2453 1860 2477 autem.
1895 2463 1931 2468 ——

547 2500 596 2541 V.‚
612 2500 659 2541 L.,
678 2501 727 2533 M.
749 2520 790 2524 —
827 2511 856 2534 c.
877 2502 928 2533 Μ.
946 2502 1013 2544 xvj.
1042 2520 1084 2524 —
1112 2500 1145 2533 d.
1163 2501 1197 2533 F.
1284 2512 1326 2532 m.
1344 2499 1374 2531 in
1391 2501 1422 2531 d.
1446 2499 1479 2531 in
1496 2501 1541 2541 F.‚
1565 2501 1613 2532 M.
1634 2519 1680 2522 —
1699 2510 1729 2531 n.
1751 2499 1784 2531 L.
1807 2499 1937 2531 Amar-

543 2564 630 2585 cum.
660 2572 702 2577 —
732 2566 759 2586 e.
792 2554 845 2596 V.‚
874 2555 922 2596 L.,
948 2556 997 2587 M.
1020 2554 1127 2598 ipsius.
1152 2574 1197 2577 —
1287 2552 1454 2595 momeni,
1486 2553 1518 2585 F.
1550 2552 1737 2585 Marnzoni.
1766 2571 1809 2575 —
1838 2562 1870 2584 ο.
1900 2551 1935 2584 L.

544 2605 565 2638 f.
597 2607 630 2639 L.
650 2606 858 2650 Adelacam3
883 2607 1193 2640 M.Adelhacham.
1284 2605 1409 2650 egreffi.
1441 2626 1484 2630 —
1514 2618 1543 2650 p.
1567 2607 1601 2638 L.
1621 2614 1745 2638 autem.
1772 2624 1818 2628 —
1842 2616 1877 2648 q.
1899 2604 1934 2636 L.

542 2679 589 2683 —
604 2671 637 2703 g.
657 2661 706 2693 M.
726 2660 899 2693 habemus.
922 2680 963 2684 —
984 2660 1016 2693 h.
1038 2662 1087 2694 M.
1109 2660 1197 2705 prin·
1283 2671 1398 2703 quare.
1421 2679 1462 2683 —-
1482 2671 1506 2692 r.
1522 2660 1573 2692 M.
1594 2670 1654 2704 pro
1669 2657 1760 2703 poffe
1778 2656 1935 2702 personae

544 2712 625 2756 cipis
652 2713 869 2746 Alexandrie.
900 2734 945 2737 ——
977 2714 997 2747 i.
1036 2714 1077 2746 de
1102 2716 1133 2746 d.
1164 2713 1197 2746 in
1285 2712 1368 2745 suae.
1387 2732 1426 2736 Δ*
1447 2724 1470 2744 s.
1486 2714 1536 2753 V.‚
1558 2714 1589 2745 L.
1612 2713 1654 2747 δι,

544 2765 592 2807 L.,
612 2766 649 2798 V.
668 2786 713 2789 —
733 2767 756 2809 j.
780 2768 816 2800 L.
834 2778 947 2810 quare.
971 2785 1014 2791 -
1034 2767 1068 2799 k.
1090 2766 1198 2800 trede—
