2216 3435
595 235 684 281 272
810 232 1248 266 SANCTIMONIALIS
1275 233 1755 266 HEYDENHEIMENSIS

591 381 822 444 episcopus
847 380 989 426 noster
1015 379 1125 426 duos
1151 397 1304 438 annos,
1331 382 1376 426 ὅς
1403 378 1590 426 habebat
1615 382 1887 444 receptacula
1910 384 1973 428 in·

591 470 656 498 tus
681 454 753 497 ina
778 450 967 508 ecclesia,
994 469 1038 498 ut
1068 451 1291 513 quotidieb
1314 451 1486 515 poffet‘
1509 453 1712 516 aspicere,
1745 452 1817 498 ubi
1841 454 1973 498 sanffi

591 524 928 587 requiescebant.
943 524 987 569 Et
1004 523 1107 569 inde
1124 525 1241 571 venit
1260 523 1316 569 acl
1335 522 1487 570 urbem
1505 529 1718 586 Qiceam,
1732 524 1752 552 d
1774 523 1846 570 ubi
1867 524 1975 569 olim

591 595 779 642 habebat
810 597 925 642 cesar
951 597 1266 641 Constantinus
1299 595 1529 656 synodum.
1558 597 1602 642 Et
1638 596 1696 642 ibi
1723 598 1895 643 fuerunt
1918 596 1975 642 ad

594 668 811 728 synodum
835 680 846 696 ⁶
871 670 1048 714 trecenti
1075 667 1231 713 decem
1261 670 1305 713 &
1331 671 1434 713 0610
1450 667 1469 706 f
1497 670 1714 732 episcopi:
1741 669 1799 714 illi
1824 686 1978 715 omnes

590 738 809 786 habebant
836 739 1066 799 synodum.
1086 739 1131 784 Et
1155 739 1225 784 illa
1250 738 1423 795 ecclesia
1451 738 1590 784 similis
1616 741 1705 785 est*U
1729 741 1788 786 illi
1805 739 1979 787 ecclefie

591 812 634 857 in
661 829 814 857 monte
847 812 1028 867 Oliveti,
1057 809 1131 856 ubi
1159 812 1380 855 Dominus
1405 810 1597 856 ascendit
1621 812 1664 857 in
1692 812 1846 857 celum.
1873 812 1918 857 Et
1935 813 1979 856 in

592 883 662 928 illa
683 881 856 929 ecclesia
881 900 1003 929 erant
1022 884 1236 945 imagines
1265 883 1587 944 episcoporum,
1614 885 1687 945 qui
1707 899 1829 928 erant
1851 882 1910 928 ibi
1937 885 1978 928 in

596 954 778 1014 synodo,
812 955 855 1000 Et
886 955 953 1000 ille
979 952 1260 999 Willibaldus
1299 952 1511 1016 pergebat
1534 954 1634 999 illuc
1669 972 1694 999 a
1731 955 1981 1000 Constanti-

595 1027 766 1089 nopoli,
802 1043 846 1071 ut
871 1026 1037 1072 videret
1067 1024 1302 1087 quomodo
1335 1024 1438 1070 esset
1468 1025 1581 1070 facia
1610 1026 1679 1071 illa
1721 1025 1911 1084 ecclefia,
1937 1028 1982 1072 ὃς

594 1098 750 1144 iterum
777 1098 984 1143 remeavit
1009 1097 1065 1142 ad
1093 1097 1549 1158 Constantinopolim.

629 1256 766 1302 XXX.
794 1260 1001 1318 Syracuse,
1028 1261 1200 1314 camna,
1236 1262 1455 1320 Rhegium,
1490 1261 1673 1317 infernus
1698 1259 1938 1303 Theoderici

1074 1340 1112 1380 in
1136 1337 1264 1396 insula
1299 1337 1481 1380 Vulcani.
1496 1336 1511 1362 ἢ

659 1460 702 1504 Et
736 1460 831 1521 post
863 1458 971 1504 duos
1007 1476 1161 1517 annos,
1197 1458 1514 1521 navigaverunt
1544 1457 1646 1503 inde
1678 1475 1780 1502 cum
1818 1458 1978 1503 nuntiis

594 1548 709 1594 pape
727 1532 772 1576 ὃς
786 1531 954 1576 Cesaris
976 1531 1019 1574 in
1037 1530 1220 1575 insulam
1238 1530 1441 1588 Siciliam,
1462 1529 1517 1575 ad
1538 1527 1689 1574 urbem
1700 1532 1946 1591 siracusam.
1969 1530 1979 1557 s

593 1602 638 1648 Et
655 1602 758 1647 inde
776 1603 894 1648 venit
914 1601 969 1647 ad
991 1600 1142 1647 urbem
1164 1604 1198 1646 C
1201 1620 1372 1657 aramum,
1392 1600 1556 1646 &inde
1576 1602 1693 1646 venit
1713 1599 1768 1646 ad
1786 1604 1979 1662 Regiam,

594 1675 815 1720 civitatem
843 1675 888 1718 in
915 1672 1133 1719 Calabria.
1168 1673 1213 1718 Et
1241 1672 1343 1718 inde
1371 1674 1687 1735 navigaverunt
1716 1671 1774 1718 ad
1798 1673 1982 1718 insulam

605 1747 852 1791 Vulcaniam.
874 1743 931 1790 lbi
950 1745 1007 1790 est
1032 1749 1215 1805 infernus
1230 1744 1484 1790 Theoderici.
1502 1744 1710 1805 Cumque
1730 1744 1830 1789 illuc
1847 1744 1984 1789 venis-

597 1817 701 1874 sent,
719 1815 735 1855 j
758 1814 1052 1862 ascendebant
1072 1815 1127 1861 de
1146 1818 1262 1873 navi,
1290 1833 1334 1862 ut
1365 1814 1527 1861 videret
1557 1815 1693 1876 qualis
1723 1813 1829 1861 effet
1858 1814 1985 1860 infer-

598 1906 690 1933 nus.
719 1888 962 1949 Statimque
984 1886 1267 1932 Willibaldus
1293 1885 1496 1932 curiosius
1519 1886 1672 1932 volens
1696 1885 1856 1943 videre,
1882 1903 1986 1948 qua-

595 1959 645 2005 lis
677 1957 781 2005 esset
817 1960 930 2004 intus
961 1958 1029 2004 ille
1047 1959 1258 2015 infernus,
1288 1957 1466 2005 volebat
1493 1956 1723 2014 ascendere
1752 1959 1797 2002 in
1825 1958 1987 2002 montis

602 2047 832 2087 cacumen,
859 2029 932 2075 ubi
956 2031 1146 2075 infernus
1183 2029 1327 2075 subtus
1353 2046 1456 2083 erat,
1484 2031 1528 2074 ὅ(
1548 2047 1639 2074 non
1664 2045 1851 2092 poterat,
1888 2030 1989 2091 quia

601 2102 745 2148 saville
766 2101 820 2147 de
844 2118 955 2147 tetro
977 2102 1161 2147 Tartaro
1177 2106 1190 2132 k
1206 2103 1339 2162 usque
1363 2099 1419 2146 ad
1442 2102 1689 2163 marginem
1709 2099 1988 2146 ascendentes

601 2174 844 2238 glomerate
864 2173 948 2219 illic
969 2172 1182 2228 iacebant,
1200 2176 1244 2218 ὅ(
1267 2172 1323 2218 ad
1341 2173 1467 2217 instar
1488 2171 1802 2233 nivis,quando
1818 2171 1873 2217 de
1893 2171 1987 2217 celo

602 2247 752 2292 nivans
793 2244 1004 2290 candidas
1027 2246 1038 2273 s
1060 2245 1305 2306 nivalesque
1328 2243 1532 2289 cadentes
1561 2259 1752 2288 catervas
1784 2243 1839 2289 de
1868 2244 1989 2289 aeriis

602 2317 799 2363 etherum
819 2315 986 2362 arcibus
1007 2333 1264 2362 coacervare
1284 2316 1402 2373 solet,
1429 2316 1488 2360 ita
1510 2315 1651 2360 saville
1673 2332 1927 2360 coacervate
1944 2316 1988 2359 in

605 2390 728 2451 apice
757 2389 919 2434 montis
951 2387 1167 2445 iacebant,
1199 2390 1244 2433 ὃς
1272 2388 1495 2432 ascensum
1517 2385 1763 2432 Willibaldi
1786 2385 1989 2449 prohibe-

604 2460 723 2506 bant.
755 2458 839 2505 Sed
872 2476 1018 2505 tamen
1049 2476 1204 2504 tetram
1223 2475 1355 2519 atque
1382 2456 1617 2503 terribilem
1637 2457 1992 2519 horrendamque

652 2615 684 2636 a.
706 2604 742 2636 C.
760 2602 859 2635 intra.
881 2622 924 2626 —
945 2603 978 2634 b.
1002 2604 1037 2635 C.
1056 2601 1254 2634 cottidie.—
1388 2600 1421 2632 h.
1449 2600 1575 2633 ‘Titulus
1593 2602 1627 2633 d.
1649 2600 1682 2633 in
1703 2602 1754 2641 C.,
1785 2601 1820 2632 P.
1848 2618 1890 2623 —
1908 2598 1930 2632 i.
1953 2599 1986 2631 F.

603 2668 633 2689 c.
657 2657 693 2690 C.
720 2655 888 2700 potuisset.
914 2675 955 2679 —
971 2655 1005 2688 d.
1025 2657 1062 2688 C.
1078 2654 1253 2688 Nicenam.
1342 2654 1548 2686 Saracusam.
1568 2673 1611 2678 —
1627 2655 1654 2696 j.
1679 2656 1715 2687 C.
1737 2652 1928 2685 veniebant.
1945 2672 1989 2677 —

604 2729 646 2734 —
667 2722 697 2742 e.
720 2709 762 2741 ad
785 2709 947 2754 synodum
963 2710 997 2741 d.
1016 2708 1049 2741 in
1067 2710 1103 2741 C.
1122 2727 1162 2731 —-
1183 2708 1205 2740 s.
1219 2709 1253 2739 C.
1342 2708 1377 2739 k.
1399 2707 1549 2740 Tartaro
1568 2709 1598 2739 d.
1620 2707 1652 2740 in
1671 2710 1706 2739 C.
1725 2727 1769 2730 -—
1785 2707 1807 2738 Ι.
1829 2708 1862 2739 C.
1874 2705 1989 2738 nivalis

601 2762 741 2806 cccxvij.
766 2782 807 2786 —
830 2774 862 2806 g.
884 2762 927 2795 est
948 2763 981 2794 α’.
1002 2762 1034 2794 in
1055 2762 1087 2793 F.
1262 2798 1265 2799 .
1342 2760 1538 2795 candiditas.
