2216 3435
557 223 571 252 1
583 208 610 253 8
1095 219 1384 253 ORDINACIO

549 368 667 421 toris,
692 366 793 420 &c.,
820 367 914 410 nolo
940 384 1101 411 mortem
1127 370 1350 423 morientis,
1376 369 1457 427 sed
1480 368 1587 424 volo,
1619 384 1660 411 ut
1684 384 1932 412 convertatur

548 435 588 479 ἃ
616 439 740 481 vivat.
771 458 793 476 υ

616 510 749 553 Item:
791 509 907 554 Sicut
941 508 1058 570 spica
1092 508 1298 553 frumenti
1328 508 1496 573 fulgure
1528 509 1724 572 percussa
1756 510 1859 555 fetet
1887 511 1931 554 ὅ(

548 578 704 624 nullius
742 580 813 637 est,
856 578 909 624 sic
936 581 979 624 ὃς
1006 579 1143 623 homo
1179 578 1398 641 percussus
1436 581 1607 644 fulgore
1641 582 1804 627 luxurie
1829 581 1932 626 fetet

546 652 590 695 &
630 651 784 696 nullius
825 651 881 696 est
916 653 960 696 ὃς
994 650 1050 696 est
1089 648 1294 696 obscurus
1337 653 1379 696 in
1411 654 1600 714 peccatis
1635 655 1680 698 &
1715 669 1876 699 vacuus
1907 670 1931 697 a

545 723 694 784 gracia
729 723 810 768 Dei
845 724 890 767 ὃς
928 722 1011 767 Dei
1050 722 1167 778 luce,
1219 720 1321 768 ficut
1364 723 1480 785 spica
1517 724 1589 770 illa
1630 725 1754 788 nigra
1795 724 1852 770 est
1885 725 1931 769 ὅ(

545 811 695 839 vacua.

615 869 744 912 Item:
772 866 925 910 Homo
950 866 991 910 in
1014 865 1157 911 hieme
1177 865 1295 912 videt
1314 866 1552 912 hanelitum
1576 868 1712 925 suum,
1737 868 1781 912 in
1803 866 1930 911 estate

548 954 851 999 nequaquam3
884 935 939 982 fic
972 937 1109 982 homo
1149 938 1190 983 in
1222 937 1472 984 adversitate
1497 941 1542 984 ὃς
1566 940 1608 984 in
1635 938 1800 984 miseria
1824 938 1930 1000 seip-

548 1009 640 1054 sum
665 1008 798 1067 videt,
826 1010 868 1054 in
890 1009 1175 1072 prosperitate
1200 1008 1457 1056 diviciarum
1475 1012 1519 1055 &
1539 1011 1678 1056 carnis
1703 1009 1930 1072 voluptate

548 1097 842 1142 nequaquam.

612 1155 716 1197 ltem
741 1175 750 1197 ε
776 1153 891 1198 Sicut
915 1170 1029 1215 aqua
1064 1152 1223 1198 cadens
1250 1154 1293 1198 in
1325 1170 1481 1199 terram
1505 1171 1597 1200 non
1623 1154 1846 1200 revertitur
1872 1153 1928 1199 ad

544 1241 632 1279 vas,
673 1222 788 1269 unde
822 1225 964 1281 exivit,
1006 1223 1060 1270 fic
1085 1242 1167 1270 nec
1190 1242 1398 1287 peccator
1426 1227 1672 1288 impenitens
1708 1226 1930 1271 revertitur

544 1294 599 1340 ad
627 1296 791 1353 Deum,
817 1313 841 1340 a
866 1313 955 1358 quo
982 1296 1078 1358 post
1100 1294 1366 1359 baptismum
1391 1297 1565 1343 receffit.

612 1370 736 1412 Item:
758 1369 874 1412 Acus
897 1384 1176 1430 comparatur
1197 1370 1422 1430 penitenti,
1448 1369 1549 1431 quia
1567 1370 1740 1433 pungit,
1759 1370 1804 1414 ὃς
1823 1386 1928 1415 con-

543 1438 696 1497 fitenti,
725 1439 827 1500 quia
847 1437 977 1484 habet
1004 1440 1199 1484 foramen
1226 1457 1439 1502 apertum,
1466 1442 1511 1486 &
1529 1441 1765 1504 resurgenti
1785 1458 1809 1486 a
1827 1458 1927 1504 pec-

545 1512 663 1568 catis,
691 1511 791 1571 quia
810 1526 1008 1572 penetrat
1027 1512 1071 1556 ὅς
1092 1512 1261 1557 consuit
1279 1511 1453 1574 pellem,
1481 1528 1566 1574 que
1591 1513 1647 1558 est
1673 1511 1727 1557 de
1748 1529 1926 1558 mortuo

542 1581 731 1627 animali.

608 1655 711 1697 Item
729 1675 737 1698 :
764 1652 967 1698 Peccator
985 1653 1028 1696 in
1049 1669 1114 1699 tot
1135 1652 1376 1700 distrahitur
1396 1671 1552 1718 partes,
1576 1653 1632 1700 acl
1651 1671 1760 1717 quot
1778 1654 1926 1701 illicita

541 1722 784 1769 distrahitur
809 1725 978 1769 animus
1003 1724 1110 1770 illius
1143 1743 1221 1788 per
1248 1727 1518 1786 consensum,
1554 1725 1759 1789 opposito
1785 1724 1924 1771 modo

540 1795 598 1838 est
630 1795 751 1854 salus,
796 1795 975 1857 quando
1008 1813 1102 1842 tota
1126 1798 1320 1843 intencio
1357 1799 1444 1844 eius
1475 1799 1711 1844 contraitur
1741 1798 1785 1843 in
1820 1798 1925 1844 cari-

541 1882 627 1911 tate
649 1865 703 1912 ad
725 1868 872 1912 Deum
894 1870 938 1913 &
960 1869 1180 1914 consuitur
1199 1886 1277 1933 per
1295 1871 1531 1932 penitentie
1550 1886 1679 1915 acum
1695 1868 1753 1915 ad
1771 1870 1924 1932 ipsum.

850 1983 917 2024 ‘De
940 1983 1148 2025 vocacione
1172 1984 1374 2026 hominum
1399 1983 1452 2025 ad
1475 1999 1638 2026 crucem.

607 2078 724 2124 Sicut
749 2077 957 2124 dominus
988 2080 1132 2126 noster
1167 2081 1272 2126 Iesus
1307 2081 1513 2137 Christus,
1558 2079 1734 2143 quando
1765 2097 1924 2143 corpo-

538 2149 680 2196 raliter
718 2150 796 2196 fuit
825 2151 865 2196 in
906 2152 1039 2209 terriS,
1082 2153 1276 2198 circuivit
1310 2153 1429 2198 suam
1454 2152 1672 2198 Galileam
1697 2150 1922 2213 querendo

539 2221 752 2278 infirmos,
780 2239 826 2267 ut
850 2239 924 2267 eos
951 2239 1134 2281 curaret,
1160 2222 1215 2268 fic
1240 2224 1343 2269 facit
1367 2223 1505 2269 modo
1532 2223 1708 2287 Spiritus
1726 2224 1920 2281 Sanetus,

539 2309 704 2339 vocans
724 2292 919 2339 infirmos
945 2295 998 2340 ad
1023 2311 1212 2353 crucem,
1237 2311 1283 2340 ut
1302 2293 1356 2340 fic
1380 2296 1532 2341 iterato
1555 2296 1673 2340 sanet
1692 2312 1782 2352 eos,
1810 2312 1920 2357 quo-

537 2365 657 2409 niam
685 2365 862 2426 Spiritus
886 2366 1065 2411 Saneffus
1089 2382 1242 2411 monet
1267 2366 1433 2428 semper
1459 2367 1647 2425 interius,
1673 2382 1718 2411 ut
1742 2366 1921 2430 surgatis
1940 2383 1970 2412 A
1986 2381 2007 2412 f.
2024 2383 2063 2412 62
2075 2382 2105 2420 b,
2121 2393 2146 2412 c.
2167 2392 2193 2413 1.

537 2435 594 2481 ad
620 2453 806 2482 crucem.
835 2436 918 2482 Sed
943 2454 1060 2494 care,
1093 2436 1296 2495 mundus,
1335 2436 1533 2484 diabolus
1556 2454 1723 2494 monet,
1762 2454 1809 2483 ut
1831 2438 1918 2483 sur·
1939 2459 1963 2488 B
1980 2459 2000 2488 f,
2017 2469 2078 2498 214
2091 2460 2120 2497 b,
2135 2470 2160 2489 ς,
2181 2469 2193 2489 1

536 2508 677 2571 gatis3
720 2508 791 2553 scit
830 2509 947 2553 enim
982 2508 1197 2566 diabolus,
1235 2508 1355 2571 quod
1381 2510 1559 2573 Spiritus
1595 2511 1774 2556 Sane‘rns
1799 2509 1857 2555 est
1881 2510 1919 2555 ei

538 2580 790 2626 contrarius
833 2579 1022 2626 Scindite
1057 2580 1264 2642 laqueum
1292 2579 1470 2638 diaboli,
1511 2582 1663 2637 carnis,
1695 2581 1740 2625 ὃς
1764 2578 1918 2625 mundi

537 2649 743 2696 trahentis
764 2668 844 2697 vos
868 2650 924 2696 acl
945 2651 1166 2718 infernum
1184 2653 1229 2697 ὃς
1248 2652 1403 2715 surgite
1423 2668 1501 2714 per
1519 2653 1721 2698 virtutem
1738 2651 1915 2713 Spiritus

536 2722 681 2767 Sane'ti
705 2721 762 2767 ad
789 2738 963 2767 crucem
991 2724 1035 2767 &
1059 2721 1114 2767 sic
1137 2721 1194 2768 ad
1222 2722 1388 2770 celum!
