2216 3435
471 186 540 232 VI.
568 199 896 246 THEODOSIUS‚
916 204 982 236 DE
1003 206 1114 239 SITU
1141 208 1333 242 TERRAE
1357 212 1590 247 SANCTAE.
1641 205 1738 262 xxiij

376 276 1729 303 Ἢ-

360 340 425 391 qui
442 340 537 379 enim
562 341 773 398 Gervafius
800 345 838 384 in
870 356 974 400 opere
1005 348 1068 402 isto
1098 349 1289 407 Theodofij
1314 353 1474 395 libellum
1501 357 1681 413 inseruit).
1709 371 1720 391 1

359 402 465 443 Inter
481 405 521 458 se
540 408 700 448 maxime
720 412 944 452 conveniunt
961 412 1206 471 Londinenfis
1220 433 1264 457 ac
1279 417 1523 476 Lovanienfis
1541 424 1682 465 codices.

409 531 652 576 EDITIONES
671 537 729 577 hae
737 539 835 596 sunt
843 557 857 581 .-

407 645 440 670 a.
462 634 575 686 1756,
590 635 767 691 Erfidlae,
780 639 894 680 Dom.
912 640 1058 683 Calmet
1071 644 1108 683 in
1117 644 1193 700 suo
1210 644 1352 686 Diario
1371 648 1603 702 Helvetico,
1605 652 1733 706 frag-

351 707 511 737 mentum
532 702 715 752 quoddam
732 713 906 757 parvum
926 723 968 746 cx
993 709 1108 749 codice
1128 710 1362 767 Sangalleifi
1377 715 1502 754 edidit.

405 797 441 836 b.
467 798 580 852 1865,
610 801 737 842 Sancti
767 804 884 857 Galli,
924 806 1058 848 Tobler
1087 809 1181 862 (T.),
1209 811 1462 855 Theoderici
1494 815 1653 859 libellus
1682 820 1731 859 de

352 860 451 903 locis
475 865 630 916 sanffis,
655 868 766 920 1865,
785 886 828 909 ex
846 873 921 911 cod.
940 872 1175 928 Londinenfi.

401 957 437 983 e.
465 945 577 1000 1869,
609 948 736 990 Sane‘Ji
763 951 882 1004 Galli,
916 952 1052 994 Tobler
1075 955 1175 1009 (T.),
1204 957 1421 1000 Theodori
1451 961 1552 1002 liber
1579 965 1628 1004 de
1657 965 1728 1006 fitu

348 1006 491 1050 Terrae
515 1011 684 1065 Sancffhz‘,
704 1015 800 1055 inter
821 1016 1040 1059 Palaestinae
1061 1021 1363 1076 descriptiones,
1379 1035 1444 1080 pp.
1465 1039 1600 1081 31-42.

399 1089 460 1142 [In
484 1090 554 1131 hac
574 1094 733 1146 editione,
759 1095 993 1154 Theodostum
1014 1103 1176 1141 continuo
1180 1103 1358 1160 sequitur
1374 1108 1557 1158 quoddam
1578 1111 1729 1152 brevius

343 1164 441 1207 opus,
470 1157 531 1196 cui
549 1158 694 1198 titulum
716 1160 904 1203 dedimus:
938 1163 1007 1204 De
1042 1165 1115 1206 fitu
1147 1167 1296 1209 Terrae
1323 1170 1480 1212 San&ae
1506 1174 1726 1215 secundum

341 1218 635 1262 Theodofium.
663 1224 774 1264 Illud
798 1228 892 1268 enim
924 1230 1137 1286 opusculum
1154 1233 1196 1288 fi
1227 1237 1399 1277 attentius
1432 1240 1726 1293 examinaveris,

326 1285 518 1337 facillime
537 1287 604 1327 tibi
616 1290 761 1341 patebit
779 1294 1015 1348 omniafere,
1032 1312 1115 1349 quae
1129 1299 1166 1337 in
1187 1315 1222 1339 eo
1242 1302 1485 1355 continentur,
1501 1320 1517 1344 e
1541 1303 1727 1362 Theodoszj

326 1350 484 1405 scriptis
493 1361 660 1393 extracta
658 1355 798 1410 suffl-
811 1358 886 1399 Pri
888 1361 959 1400 oris
969 1362 1100 1415 nssrae
1111 1364 1274 1405 editionis
1278 1368 1494 1421 praecipuus
1506 1376 1648 1422 aufflor,
1656 1369 1724 1412 Ti-

337 1415 561 1469 tusff'obler,
577 1434 687 1472 quum
703 1422 739 1461 in
755 1439 870 1463 manu
894 1426 980 1467 duos
987 1428 1218 1486 solummodo
1237 1433 1370 1473 codices
1388 1433 1575 1489 habuiſjet
1590 1437 1651 1484 (V
1647 1440 1721 1478 ati-

336 1496 469 1522 canum
490 1484 567 1524 dico
586 1486 689 1528 6018
707 1489 752 1528 &⁹
772 1489 1027 1546 Parifiensem
1047 1494 1182 1548 4808),
1202 1496 1297 1537 hanc
1320 1514 1458 1539 novam
1479 1502 1722 1545 redaeiionem

329 1548 622 1602 parvifecerat,
638 1553 682 1592 ἔθ’
693 1562 828 1594 textum
840 1559 1034 1608 quemdam
1049 1562 1210 1602 maxime
1226 1573 1458 1617 corruptum,
1471 1582 1487 1605 e
1502 1567 1568 1622 ms.
1586 1567 1720 1626 Paris.

333 1609 554 1667 impreffi'oni
585 1618 813 1660 tradiderat.
847 1620 920 1661 Sed
940 1624 1040 1663 nohis
1059 1624 1234 1680 sedulius
1258 1630 1522 1682 quaerentibus,
1548 1647 1631 1673 mox
1659 1635 1718 1674 in-

331 1685 531 1719 notuerunt
559 1689 632 1721 tres
652 1682 724 1733 ‚alij
742 1686 888 1737 codices,
908 1702 1062 1739 quorum
1083 1690 1153 1730 duo
1170 1691 1316 1744 Romae,
1333 1693 1432 1734 alius
1446 1710 1537 1735 vero
1555 1697 1719 1755 Paristis

334 1740 653 1794 affirvabantur.
676 1748 768 1788 Inde
788 1749 865 1790 haec
886 1751 1009 1793 altera
1031 1755 1075 1794 ὅ
1096 1757 1324 1808 accuratior,
1344 1774 1456 1812 quam
1478 1760 1553 1814 (pp.
1575 1762 1714 1816 81-88)

332 1806 476 1858 damus,
487 1809 603 1850 editio.
619 1811 664 1850 In
677 1813 751 1867 ssis
762 1816 932 1869 quinque,
942 1819 1071 1870 quibus
1086 1836 1108 1859 u
1102 1820 1144 1876 fi
1140 1822 1180 1878 s
1172 1838 1289 1875 umus,
1298 1825 1490 1877 codicibus,
1499 1828 1597 1879 duae,
1607 1839 1649 1869 ut
1660 1830 1715 1870 ita

335 1869 470 1922 dicam,
471 1873 646 1925 familiae
659 1879 832 1918 notanda:
847 1880 960 1935 sunt;
981 1884 1052 1936 alff
1065 1886 1159 1925 enim
1176 1887 1289 1927 aliter
1302 1889 1494 1943 incipiunt,
1509 1892 1553 1930 {5⁵
1567 1892 1604 1931 in
1630 1892 1670 1934 V
1667 1908 1712 1932 a-

338 1935 457 1975 ticano
469 1938 572 1979 6018
589 1956 632 1980 ac
647 1941 856 2000 Parifienst
866 1946 985 1998 4808,
995 1950 1249 2005 breviffimum
1264 1954 1602 2008 deestprooemium,
1621 1959 1720 2010 quod

333 1999 500 2041 exhibent
517 2004 589 2057 alij
606 2016 679 2046 tres
698 2009 843 2060 codices,
851 2011 996 2066 scilicet
1013 2013 1107 2068 Reg.
1123 2029 1201 2068 554
1222 2018 1266 2057 &⁹
1286 2019 1363 2072 630
1379 2020 1424 2059 Εἴ
1441 2020 1572 2077 Paris.
1592 2023 1710 2076 4892.

330 2064 423 2104 Cum
459 2079 580 2108 autem
609 2071 667 2125 sti
697 2083 770 2114 tres
796 2077 1011 2130 posteriores
1038 2081 1169 2121 codices
1189 2082 1284 2123 inter
1302 2084 1348 2139 sc
1377 2087 1613 2138 conveniant,
1641 2104 1710 2127 non

327 2130 421 2170 idem
449 2133 569 2173 dicere
583 2137 769 2188 potuimus
794 2141 836 2179 de
861 2140 902 2182 V
899 2152 948 2182 at.
970 2144 1073 2185 6018
1098 2147 1143 2186 {9⁵
1165 2146 1298 2201 Pariſs
1317 2150 1435 2202 4808,
1464 2152 1527 2203 qui
1551 2153 1711 2192 maxime

325 2196 423 2236 inter
439 2198 478 2251 se
499 2199 694 2252 differunt.
713 2203 963 2262 Paristensem
984 2210 1149 2261 codicem,
1168 2212 1266 2252 inter
1281 2229 1397 2255 omnes
1408 2216 1611 2271 peffimum,
1625 2218 1708 2258 olim

324 2260 421 2300 iuris
436 2264 584 2316 publici
587 2266 690 2319 fecit
715 2268 749 2306 d.
778 2269 896 2310 Anat.
927 2273 969 2311 de
1001 2273 1238 2330 Barthelemy
1266 2279 1304 2317 in
1333 2290 1450 2334 opere,
1476 2281 1536 2321 cui
1555 2282 1681 2322 titulus
1696 2298 1708 2322 .·

329 2324 471 2366 Revue
495 2329 832 2387 Arche'eologique
854 2335 997 2389 (1864),
1020 2353 1086 2392 pp.
1112 2341 1295 2383 108-112.

371 2449 383 2469 1
410 2438 671 2483 Leibnitius,SS.
703 2445 824 2478 Rerum
850 2447 973 2490 Bruns-
1060 2450 1279 2485 Afhburnam
1299 2453 1405 2497 (Libri
1428 2467 1480 2497 19,
1500 2467 1542 2488 m.
1564 2456 1585 2489 s.
1610 2459 1704 2499 XIV,

317 2490 550 2534 wicenstum,t.
562 2495 589 2536 Ι,
598 2507 627 2539 p.
639 2500 803 2541 948-955.
819 2500 969 2544 Gervafij
1058 2503 1155 2548 in-f.)
1184 2504 1359 2549 asservata,
1383 2519 1460 2552 quae
1487 2509 1705 2544 verifimiliter
1750 2532 1752 2534 -

317 2544 425 2588 operis
441 2546 597 2589 quaedam
612 2549 731 2592 gallica
743 2551 845 2584 exstat
856 2553 970 2594 verfio,
1057 2556 1288 2592 Theodofium
1324 2561 1449 2604 reddit,
1488 2574 1561 2595 eam
1596 2563 1703 2605 serius,

319 2608 337 2629 a
350 2598 497 2632 Iohanne
510 2600 551 2633 de
566 2601 699 2647 Vignay
715 2604 785 2638 saec.
799 2606 880 2638 XIV
890 2617 970 2639 con·
1053 2621 1129 2642 cum
1146 2612 1296 2657 Gervafij
1309 2613 1388 2647 locis
1403 2615 1612 2659 quibusdam,
1626 2617 1702 2651 ede—

317 2650 413 2693 feffla,
437 2653 466 2684 δι
490 2651 521 2684 in
549 2653 749 2690 bibliotheca
774 2658 904 2691 comitis
926 2660 968 2693 de
1052 2673 1137 2696 mus,
