2216 3435
635 203 701 236 DE
725 202 861 236 LOCIS
887 202 1107 236 SANCTIS.
1502 199 1561 253 45

197 348 389 414 agranda
408 347 496 393 dies
519 346 709 392 sufficere
728 363 819 392 non
838 345 977 408 poffit.
1018 346 1198 402 Verum,
1224 360 1270 389 ut
1294 344 1348 390 ad
1373 345 1566 390 villulam

197 421 353 467 Christi
377 423 421 466 ὅς
445 422 578 466 Marie
598 418 881 466 diversorium
899 418 1123 464 veniamus
1146 415 1262 478 (plus
1286 416 1404 461 enim
1421 415 1568 461 laudat

196 492 499 553 unusquisque,
536 490 655 552 quod
693 489 917 554 poffidet),
963 506 1051 551 quo
1087 489 1300 546 sermone,
1337 504 1422 548 qua
1456 502 1567 532 voce

195 562 446 625 speluncam
483 560 559 607 tibi
593 559 817 623 poffumus
847 560 1068 607 salvatoris
1100 561 1353 620 exponere?
1396 557 1441 602 Et
1462 554 1567 601 illud

194 633 387 696 presepe,
412 633 455 676 in
481 648 570 693 quo
606 631 840 676 infantulus
873 631 1023 694 vagiit,
1058 628 1223 674 filentio
1263 629 1402 692 magis
1435 644 1568 689 quam

195 703 368 748 infirmo
388 703 584 748 sermone
606 700 917 746 honorandum
936 702 1004 747 est.
1029 699 1112 748 Ubi
1138 700 1232 745 sunt
1250 700 1335 745 late
1353 699 1567 762 porticus?

195 773 269 820 ubi
303 789 449 819 aurata
482 773 728 834 laquearia?
766 771 839 817 ubi
875 771 1032 817 domus
1068 772 1322 816 miserorum
1358 771 1501 832 poenis
1525 772 1569 815 ἃ

195 844 505 890 damnatorum
541 842 691 889 labore
726 844 903 890 vestite?
941 843 1026 901 ubi,
1060 844 1187 888 instar
1219 842 1381 904 palatii,
1412 837 1568 902 opibus

193 917 464 980 privatorum
483 915 689 960 exllruele
701 913 885 975 bafihce,
902 916 1040 961 utvile
1061 915 1365 978 corpusculum
1378 911 1568 957 hominis

192 985 415 1050 pretiosius
449 986 689 1033 inambulet
723 989 782 1047 ὃς,
820 985 936 1049 quasi
971 985 1140 1032 mundo
1172 985 1413 1048 quidquam
1443 981 1569 1045 poffit

194 1055 262 1103 eff
256 1075 279 1102 e
299 1058 503 1118 ornatius,
525 1062 637 1104 tedia
656 1060 796 1122 magis
816 1059 887 1104 sua
902 1058 1004 1105 velit
1015 1057 1235 1120 adspicere
1250 1073 1384 1118 quam
1399 1054 1566 1100 celum?

193 1128 297 1173 Ecce
315 1130 359 1173 in
378 1128 464 1173 hoc
483 1145 619 1191 parvo
645 1145 752 1174 terre
772 1129 988 1174 foramine
1010 1128 1206 1174 celorum
1225 1125 1429 1174 conditor
1445 1140 1569 1170 natus

193 1197 264 1256 est,
295 1198 363 1244 hic
402 1199 618 1245 involutus
664 1201 834 1262 pannis,
886 1199 956 1244 hic
1001 1199 1110 1245 visus
1147 1216 1172 1244 a
1207 1195 1462 1261 pastoribus,
1500 1195 1570 1240 hic

192 1269 506 1315 demonstratus
523 1287 548 1314 a
570 1269 701 1329 stella,
725 1269 794 1314 hic
813 1269 1019 1315 adoratus
1045 1287 1070 1315 a
1094 1270 1246 1333 magis.
1274 1269 1319 1313 Et
1338 1268 1421 1325 hic,
1443 1284 1568 1330 pum,

191 1341 313 1387 locus
337 1341 522 1386 sancf’tior
546 1341 603 1386 est
629 1358 735 1403 rupe
758 1342 959 1403 Tarpeia,
985 1358 1070 1403 que
1108 1339 1161 1386 de
1193 1340 1288 1386 celo
1322 1340 1460 1403 sepius
1489 1339 1567 1383 ful-

192 1414 355 1458 minata
381 1410 583 1470 ostendit,
609 1411 733 1474 quod
758 1413 959 1458 Domino
988 1412 1243 1475 displiceret.

253 1484 307 1528 V.
345 1483 456 1546 Lege
486 1482 799 1546 Apocalypfim
831 1484 1046 1543 Iohannis,
1086 1486 1131 1529 ὃς
1161 1482 1270 1546 quid
1301 1482 1356 1529 de
1392 1483 1568 1528 muliere

191 1570 442 1618 purpurata,
467 1556 511 1599 &
540 1555 695 1616 scripta
725 1555 769 1599 in
804 1555 889 1600 eius
919 1555 1064 1601 fronte
1087 1554 1368 1617 blasphemia,
1404 1555 1569 1616 septem

190 1624 428 1684 montibus,
454 1626 576 1687 aquis
602 1625 745 1671 multis
770 1628 815 1672 ὃς
840 1625 1069 1686 Babylonis
1095 1642 1292 1672 cantetur
1311 1627 1439 1683 exitu,
1464 1642 1569 1670 con-

190 1713 318 1743 tuere.
354 1701 480 1756 Exire,
505 1698 646 1759 inquit
669 1699 903 1757 Dominus,
932 1702 980 1743 de
1005 1700 1080 1743 illa
1096 1699 1273 1759 populus
1297 1716 1419 1754 meus,
1457 1698 1497 1742 ὅ»
1522 1716 1569 1741 ne

182 1772 405 1829 participes
418 1773 509 1831 fitis
533 1771 767 1814 deliaorum
793 1774 892 1826 eius,
920 1771 959 1815 δ’
991 1773 1039 1814 de
1062 1772 1207 1831 plagii*
1239 1773 1323 1813 eius
1358 1788 1433 1814 non
1465 1774 1570 1813 acci-

181 1843 324 1900 piatis.
366 1838 437 1883 Ad
459 1840 681 1884 Ieremiam
702 1856 881 1901 quoque
904 1840 1165 1903 regredienS,
1184 1842 1390 1902 scriptum
1413 1842 1570 1902 pariter

190 1908 364 1955 attende
386 1932 394 1955 :
431 1915 570 1971 Fugite
594 1913 642 1954 de
668 1913 797 1955 medio
825 1913 1044 1971 Babylonis
1071 1912 1287 1971 &salvate
1311 1914 1569 1973 unusquisque

190 1982 502 2040 animamsuam.
539 1982 697 2025 Cecidit
714 1984 831 2037 enim,
854 1984 999 2026 cecidit
1019 1983 1199 2041 Ἐαργίοη
1222 2000 1380 2043 magna,
1400 1983 1567 2040 &fama

190 2055 240 2110 est
264 2054 458 2095 habitatio
485 2054 689 2096 demonum
723 2052 763 2096 δ’
793 2055 967 2112 custodia
999 2050 1324 2113 omni'sspz'ritus
1360 2056 1566 2099 immundi.

188 2121 248 2166 Est
272 2120 452 2182 quidem
476 2120 534 2167 ibi
559 2122 704 2167 sane'ta
726 2121 915 2181 ecclesia,
943 2123 1036 2168 sunt
1061 2123 1244 2185 trophea
1267 2124 1567 2185 apostolorum

187 2195 232 2239 ὃς
266 2209 518 2253 martyrum,
555 2192 613 2237 est
649 2194 807 2239 Christi
843 2212 944 2239 vera
979 2194 1189 2239 confeffio
1213 2196 1258 2239 ὃς
1283 2193 1337 2239 ab
1365 2195 1564 2256 apostolo

187 2262 407 2325 predicata
430 2264 536 2310 fides
559 2267 603 2310 ἃ.
627 2266 869 2328 gentilitate
895 2265 1074 2323 calcata,
1099 2266 1141 2311 in
1179 2263 1359 2311 sublime
1393 2266 1434 2311 se
1458 2283 1566 2328 quo-

188 2332 291 2379 tidie
316 2336 484 2398 erigens
516 2335 783 2382 vocabulum
813 2336 1102 2395 christianum,
1139 2335 1210 2381 sed
1245 2336 1336 2399 ipsa
1369 2335 1566 2393 ambitio,

188 2406 399 2467 potentia,
435 2406 694 2469 magnitudo
721 2406 848 2465 urbis,
882 2406 1017 2454 videri
1048 2409 1092 2452 ὃς
1127 2406 1287 2466 videre,
1323 2407 1489 2452 salutari
1522 2410 1566 2453 ἃ,

189 2476 379 2535 salutare,
405 2476 578 2523 laudare
603 2480 648 2524 ὃς
668 2477 906 2537 detrahere,
932 2479 1001 2525 vel
1026 2477 1174 2524 audire
1193 2478 1262 2524 vel
1278 2478 1499 2541 proloqui,
1522 2481 1566 2524 ὃς

187 2564 352 2593 tantam
378 2548 665 2610 frequentiam
689 2549 921 2595 hominum
952 2550 1100 2595 saltem
1137 2551 1321 2596 invitum
1358 2548 1506 2596 videre
1542 2568 1566 2595 a

189 2617 413 2681 proposito
438 2619 759 2666 monachorum
783 2623 828 2666 ὃς
856 2622 999 2683 quiete
1024 2621 1164 2666 aliena
1192 2621 1300 2666 sunt.
1336 2623 1424 2666 Aut
1449 2621 1565 2665 enim

189 2694 384 2741 videmus
402 2697 625 2742 venientes
645 2695 699 2742 ad
720 2714 815 2754 nos,
837 2699 882 2742 ὃς
902 2696 1112 2742 silentium
1133 2697 1368 2760 perdimus,
1389 2713 1461 2742 aut
1475 2713 1563 2740 non

189 2763 400 2825 videmus,
435 2769 479 2812 ὅ(
515 2766 710 2831 superbie
753 2768 981 2833 arguimur.
1027 2768 1346 2832 Interdumque,
1390 2784 1436 2814 ut
1473 2764 1564 2814 vifi-
