2216 3435
570 232 659 293 238
993 239 1131 272 BEDA
1167 237 1500 271 VENERABILIS

949 529 1582 589 FRAGMENTUM

702 686 904 746 QJJO‘D
940 685 1158 745 LJ‘BRO
1195 683 1458 744 P‘me
1495 682 1821 743 eARCULFJ

1100 823 1309 853 ADDITUM
1332 823 1419 852 EST.

662 961 715 1004 (Β.
735 961 811 994 cod.
834 959 1060 1000 ssruxellenfis,
1078 960 1110 992 P.
1132 958 1207 992 cod.
1228 957 1409 991 Parisienfis
1428 957 1548 990 latinus
1574 969 1694 1000 12943,
1716 959 1750 989 R.
1770 956 1846 989 cod.

1090 1018 1210 1070 reginae
1230 1018 1429 1060 Christinae.)

686 1193 719 1233 E
733 1193 859 1233 locofl
869 1193 1022 1247 Aliqua
1037 1193 1223 1232 locorum
1239 1192 1439 1244 incipiunt
1459 1191 1563 1231 sona.
1579 1197 1595 1226 b
1613 1191 1953 1244 Cognomentum

685 1253 858 1293 sortitus.
894 1251 986 1291 Post
1020 1251 1162 1291 decem
1193 1248 1456 1290 eeclefiastice
1490 1250 1653 1289 historie
1688 1248 1826 1300 libros,
1866 1248 1954 1299 post

570 1325 804 1367 temporum
845 1325 1021 1351 canones
1056 1324 1158 1364 quos
1193 1324 1267 1350 nos
1303 1309 1424 1349 latine
1461 1309 1596 1362 lingue
1633 1308 1832 1359 dedimus,
1867 1307 1955 1361 post

569 1372 816 1412 diversorum
838 1369 1037 1409 vocabula
1057 1384 1136 1423 que
1158 1368 1369 1422 quomodo
1392 1367 1492 1408 olim
1513 1368 1619 1421 apud
1638 1367 1826 1407 Hebreos
1848 1366 1956 1406 dicta

569 1432 642 1472 lint
664 1431 702 1471 &
722 1445 830 1470 nunc
853 1430 1042 1469 dicuntur
1064 1427 1261 1481 exposuit,
1278 1427 1365 1480 post
1385 1427 1686 1480 cirographiam
1708 1436 1815 1465 terre
1832 1423 1957 1464 Iudee

570 1491 608 1531 &
631 1490 835 1530 distinctas
861 1489 1041 1529 tribuum
1071 1487 1207 1538 sortes,
1229 1485 1348 1539 ipsius
1378 1501 1543 1540 quoque
1574 1484 1828 1525 Hierusalem
1856 1494 1959 1524 tem-

572 1551 708 1604 plique
739 1550 777 1588 in
809 1563 855 1588 ea
884 1562 978 1587 curn
1009 1547 1232 1586 breviffima
1261 1546 1511 1599 expofitione
1545 1545 1745 1599 picturam
1773 1543 1820 1584 ad
1848 1553 1960 1583 exte-

571 1624 660 1649 rum
679 1620 690 1639 ⁶
711 1610 748 1649 in
784 1609 863 1648 hoc
898 1607 1095 1647 laboravit
1130 1605 1338 1659 opusculo,
1375 1615 1418 1644 ut
1452 1614 1721 1658 congregaret
1752 1603 1870 1643 nobis
1906 1603 1956 1643 de

568 1669 700 1709 sancta
720 1667 916 1721 scriptura
936 1667 1122 1706 omnium
1144 1680 1247 1718 pene
1277 1665 1453 1715 urbium,
1485 1665 1703 1715 montium,
1723 1663 1956 1713 fluminum,

568 1728 800 1768 viculorum
828 1726 866 1766 ὃ(
896 1725 1146 1766 diversorum
1176 1724 1374 1764 vocabula
1403 1738 1481 1778 que
1513 1723 1578 1763 vel
1599 1723 1745 1763 eodem
1767 1733 1957 1762 maneant

569 1787 633 1827 vel
655 1788 867 1827 immutata
888 1785 961 1826 sint
984 1784 1119 1838 postea
1140 1783 1203 1823 vel
1225 1783 1360 1837 aliqua
1381 1798 1428 1823 ex
1459 1794 1571 1836 parte
1592 1792 1798 1835 corrupta.
1832 1781 1956 1821 Unde

570 1848 609 1888 &
629 1862 703 1888 nos
725 1845 972 1886 admirabilis
988 1845 1060 1884 viri
1080 1843 1289 1898 sequentes
1305 1841 1494 1894 studium,
1515 1842 1713 1882 formamd
1732 1841 1958 1881 litterarum

571 1918 614 1947 ut
631 1906 718 1946 sunt
736 1907 774 1945 in
788 1919 910 1959 greco
928 1904 1052 1958 posita
1073 1901 1361 1952 transtulimus,
1377 1901 1652 1955 relinquentes
1673 1915 1719 1941 ea
1736 1915 1814 1954 que
1837 1899 1957 1953 digna

572 1966 770 2006 memoria
799 1979 882 2004 non
915 1963 1116 2012 videntur,
1146 1972 1349 2002 mutantes
1379 1960 1417 2001 &
1448 1960 1652 2014 pleraque.
1681 1959 1813 2000 Semel
1849 1959 1959 1999 enim

572 2026 610 2066 &
643 2026 682 2065 in
713 2036 947 2078 temporum
977 2023 1082 2062 libro
1105 2022 1281 2075 prefatus
1312 2021 1396 2060 sum
1422 2035 1487 2060 me
1508 2019 1572 2059 vel
1594 2020 1859 2072 interpretem
1880 2016 1957 2058 effe

574 2085 639 2126 vel
660 2085 755 2125 novi
778 2083 912 2136 operis
934 2082 1206 2131 conditorem,
1227 2081 1402 2120 maxime
1424 2095 1519 2120 cum
1540 2080 1706 2134 quidam
1727 2080 1794 2119 vix
1816 2079 1855 2118 in
1877 2077 1960 2131 pri-

573 2146 649 2185 mis
667 2144 831 2184 inbutus
853 2142 1009 2191 litteris,
1029 2141 1139 2180 hunc
1160 2139 1337 2179 eundern
1358 2138 1507 2178 librum
1528 2138 1642 2179 ausus
1664 2139 1707 2178 sit
1728 2140 1768 2178 in
1790 2137 1957 2177 latinam

573 2205 755 2257 linguam
768 2216 851 2241 non
867 2200 989 2240 latine
1006 2209 1177 2249 vertere,
1194 2198 1308 2238 cuius
1325 2198 1569 2251 imperitiam
1584 2213 1633 2238 ex
1650 2196 1958 2251 comparatione

568 2277 712 2304 eorum
745 2276 824 2316 que
855 2259 1126 2300 transtulimus
1165 2258 1341 2311 prudens
1371 2257 1501 2297 statim
1536 2257 1665 2298 Ιεξὶοῐ
1685 2257 1876 2296 inveniet.
1900 2255 1962 2296 Ut

576 2324 685 2362 enim
715 2321 814 2361 mihi
840 2319 994 2360 excelsa
1023 2334 1104 2359 non
1130 2318 1308 2369 vindico,
1337 2318 1392 2358 ita
1422 2329 1527 2358 terre
1557 2317 1794 2358 coherentia
1823 2315 1959 2369 super-

577 2382 690 2437 gredi
713 2379 821 2435 posse
843 2395 907 2420 me
929 2379 1066 2419 credo.
1083 2391 1095 2408 ε

631 2442 697 2482 De
721 2440 986 2482 Genezareth
1019 2438 1156 2481 idemf
1170 2437 1208 2478 δε
1230 2437 1453 2478 Aremenia
1482 2437 1519 2476 in
1545 2451 1624 2490 qua
1644 2436 1741 2476 Noe
1762 2448 1855 2474 arca
1876 2432 1963 2488 post

576 2501 851 2542 cataclismum
883 2498 1095 2553 requievit,
1123 2498 1238 2538 cuius
1270 2498 1310 2537 in
1331 2511 1378 2536 ea
1398 2496 1575 2550 vestigia,
1597 2506 1641 2535 ut
1661 2495 1725 2550 alij
1752 2495 1905 2545 dicunt,
1921 2494 1961 2533 in

579 2560 729 2601 ibidem
759 2559 882 2598 hodie
912 2557 1034 2611 usque
1067 2557 1223 2612 reliqua
1253 2557 1300 2597 ad
1331 2557 1416 2597 eius
1443 2557 1483 2596 in
1514 2553 1695 2610 posteros
1721 2553 1961 2594 memoriam

627 2674 655 2694 a,
690 2662 721 2693 P.
746 2660 866 2693 deinde
901 2660 1021 2704 aliqua.
1048 2678 1091 2683 —
1123 2660 1154 2692 b.
1187 2661 1223 2692 R.
1356 2670 1384 2691 e.
1406 2659 1440 2690 B.
1462 2659 1548 2702 xxxj.
1574 2659 1627 2691 De
1651 2656 1753 2691 vineis
1784 2657 1815 2689 δε
1844 2655 1963 2700 segetis

581 2716 670 2749 fona.
689 2735 735 2738 —
755 2726 784 2747 c.
803 2715 858 2756 B.;
881 2715 916 2746 R.
936 2714 1065 2755 dextro,
1091 2714 1120 2746 Ρ.
1136 2713 1225 2758 deest.
1309 2711 1431 2745 montis
1444 2711 1578 2745 Oliveti.
1596 2731 1641 2735 —
1656 2710 1678 2745 f.
1693 2711 1740 2752 B.,
1763 2711 1799 2742 R.
1827 2709 1963 2743 ibidem.

580 2789 626 2794 -
643 2769 675 2801 cl.
697 2769 743 2809 P„
763 2769 810 2809 B.,
832 2769 867 2801 R.
888 2766 1112 2800 formidinem.
1314 2767 1346 2800 P.
1367 2765 1457 2810 deest.
