2216 3435
662 205 744 237 v11.
785 204 1082 238 ANTONINUS
1120 205 1365 238 MARTYR.
1600 195 1707 250 xxvij

333 347 494 387 leeiiones
503 344 703 402 plerasque
718 344 755 383 in
771 345 858 383 notis
869 345 1036 384 adiunxi.
1054 344 1284 401 Monacense
1300 354 1422 384 autem
1426 346 1708 398 fragmentum,

335 426 444 465 quum
465 409 654 462 antiquum
666 408 731 464 fit,
751 424 884 462 magno
904 409 1123 449 adminiculo
1143 410 1240 449 nobis
1261 410 1329 465 effe
1349 411 1550 465 debuisset,-
1561 411 1638 467 sed
1655 427 1711 451 res

335 476 443 516 aliter
472 475 598 526 vertit,
625 476 744 515 multa
773 475 865 514 enim
894 475 931 514 in
961 489 996 514 eo
1023 476 1067 514 ὅ
1095 475 1131 514 in
1152 474 1423 529 Andegavenst
1450 475 1595 515 editione
1603 476 1712 531 fimi-

334 542 397 582 lia.
417 540 637 595 ⁴Quinetiam
645 541 739 594 fere
743 539 895 597 semper
908 538 1160 594 Bruxellenfis
1181 540 1287 578 codex
1311 539 1482 592 editioque
1499 540 1712 597 Bollandis—

333 615 462 645 tarum
481 606 577 645 inter
587 605 635 662 se
655 613 871 658 congruunt.
894 604 999 643 Licet
1014 605 1050 642 in
1066 604 1128 643 illo
1147 603 1360 643 Itinerario
1380 605 1550 657 quaedam
1572 606 1715 651 restitui

322 671 446 725 facile
461 670 603 726 poſjint,
621 670 660 710 in
680 670 801 710 multis
820 679 940 709 tamen
961 669 1044 709 locis
1065 670 1236 722 quaedam
1255 669 1500 708 inveniuntur
1520 670 1713 724 manifeste

334 736 518 793 mendosa,
547 745 588 775 ut
611 736 648 775 in
683 751 711 775 c.
738 734 823 776 VII
836 751 848 774 :
879 751 896 771 ‹<
923 734 1090 776 Gadara
1120 749 1198 788 que
1228 733 1267 774 &
1289 734 1467 776 Gabaon
1488 746 1670 786 vocatur,
1696 752 1711 772 »

333 801 371 840 in
391 816 420 840 c.
440 800 594 842 XXV:
618 818 632 837 «
656 798 890 853 Diospolim
911 800 1131 850 civitatem,
1152 814 1230 853 que
1253 800 1474 853 antiquitus
1504 800 1714 840 dicebatur

338 883 353 904 «
379 866 553 906 Azotus.
575 881 590 901 »
614 864 712 904 Alibi
731 874 851 905 autem
874 865 1151 905 animadvertes
1170 880 1228 904 res
1248 866 1385 904 mirum
1405 865 1442 904 in
1464 866 1609 904 modum
1631 881 1714 905 con-

322 931 448 986 fundi
455 951 470 977 ;
492 932 536 972 &⁹
561 939 602 969 ut
619 930 819 983 exemplum
841 939 1036 983 apponam,
1055 929 1093 968 in
1114 944 1143 969 c.
1166 928 1207 970 V
1202 930 1227 968 I
1241 931 1320 983 posi
1335 929 1412 969 haec
1431 931 1581 970 verba:
1603 946 1620 967 «
1648 929 1715 970 De

339 1014 354 1033 «
380 995 528 1036 Tabor
549 995 735 1035 venimus
760 1011 775 1030 »
795 994 985 1050 sequentia
1006 995 1127 1034 verba
1149 995 1296 1034 addidi:
1321 1012 1336 1031 «
1364 995 1429 1034 Ad
1452 1009 1564 1035 mare
1584 995 1715 1036 Tibe-

339 1079 354 1099 ‹<
381 1061 502 1101 riadis
527 1077 543 1096 »
576 1075 658 1112 quae
682 1060 720 1100 in
747 1059 835 1101 VII
851 1069 931 1112 cap.
951 1060 1182 1099 inveneram.
1205 1060 1251 1098 In
1272 1075 1300 1099 c.
1322 1060 1588 1117 XXXIsunt
1606 1061 1715 1101 etiam

333 1127 452 1183 plura
471 1125 612 1165 meliori
625 1125 849 1181 disponenda
870 1125 1007 1174 ordine,
1024 1125 1121 1177 quod
1132 1125 1276 1176 quidem
1290 1125 1504 1180 praesertim
1521 1126 1717 1180 defunctus

333 1191 523 1247 profeſj'or
548 1189 652 1229 Tuch
677 1189 915 1243 manifestum
922 1189 1079 1243 fi’cerat
1100 1190 1137 1229 in
1154 1190 1238 1246 sua
1268 1190 1508 1245 eruditiſjima
1539 1191 1716 1244 disserta-

337 1256 436 1295 tione.
456 1265 468 1285 1
505 1255 552 1295 In
584 1255 700 1294 eodem
734 1254 892 1306 capitulo
930 1254 1101 1307 expunxi,
1130 1255 1321 1308 postquam
1352 1255 1394 1294 de
1424 1254 1527 1307 longo
1557 1254 1715 1295 locorum

334 1319 538 1360 intervallo
558 1319 690 1359 certior
698 1319 835 1373 faetus
844 1319 1015 1371 fueram,
1040 1317 1204 1359 Gelboe
1220 1320 1297 1373 pest
1315 1331 1512 1370 montem,
1532 1321 1585 1359 ita
1607 1329 1647 1359 ut
1667 1322 1720 1360 ad

326 1383 444 1439 finem
477 1384 632 1437 capituli
655 1399 724 1423 non
754 1401 770 1420 «
796 1384 835 1423 in
863 1381 954 1436 ipfis
978 1383 1199 1434 montibus,
1220 1384 1321 1441 »sed
1334 1385 1372 1437 (2
1388 1384 1482 1438 Reg.
1500 1382 1532 1436 I,
1553 1386 1617 1438 21)
1644 1385 1714 1424 «in

336 1449 542 1489 montibus
569 1448 733 1490 Gelboe
754 1463 964 1503 nunquam
986 1448 1089 1502 pluit
1106 1451 1150 1489 δέ
1171 1458 1308 1489 caetera
1333 1465 1348 1485 »
1372 1449 1562 1502 legendum
1575 1450 1641 1505 stt.

387 1513 506 1568 „Quod
536 1523 657 1553 autem
690 1512 863 1553 Antonini
889 1514 1198 1567 peregrinationis
1228 1515 1313 1553 duae
1338 1514 1421 1570 stnt
1451 1515 1717 1571 distinguendae

337 1579 628 1629 retrafflationes,
648 1577 709 1618 boc
724 1578 824 1618 nullo
839 1579 938 1618 modo
953 1577 1043 1617 mihi
1057 1579 1304 1631 adprobatum
1321 1580 1484 1630 videtur,
1506 1581 1635 1634 quippe
1655 1580 1719 1632 qui

336 1644 603 1701 Caduinensem
629 1644 793 1694 codicem,
825 1644 888 1697 qui
919 1644 1081 1683 alteram
1111 1660 1152 1683 ex
1182 1644 1257 1698 istis
1285 1645 1431 1684 duabus
1458 1645 1719 1701 recensionibus

331 1711 523 1766 servavit,
552 1718 683 1749 attente
707 1709 944 1762 perlegerim,
971 1724 1033 1749 nec
1054 1708 1091 1748 in
1121 1724 1156 1749 eo
1185 1710 1280 1749 nihil
1305 1710 1414 1750 aliud
1430 1726 1540 1764 quam
1566 1711 1718 1764 genuini

337 1776 451 1829 operis
483 1775 682 1828 quamdam
714 1774 884 1828 epitomen
925 1774 1140 1827 repererim.
1176 1774 1282 1815 Unus
1319 1777 1566 1816 tantummodo
1600 1777 1719 1827 codex,

324 1839 469 1895 scilicet
487 1839 745 1894 Sangallensts,
777 1840 839 1891 qui
867 1839 1008 1892 quidem
1040 1840 1232 1893 archetypo
1264 1841 1423 1880 omnibus
1454 1842 1537 1881 aliis
1561 1842 1718 1895 propin-

338 1903 443 1956 quior
462 1904 524 1957 est,
554 1905 601 1944 ab
627 1904 710 1943 aliis
738 1913 959 1956 magnopere
983 1904 1080 1943 inter
1106 1904 1145 1958 se
1167 1904 1351 1959 similibus
1371 1906 1630 1961 discernendus
1659 1907 1717 1959 est.

340 1968 412 2009 Ille
437 1969 554 2022 igitur
573 1970 728 2009 maximi
750 1969 866 2022 pretij
890 1969 950 2022 gli,
980 1983 1090 2021 quum
1120 1985 1161 2008 ex
1193 1969 1266 2009 eius
1297 1972 1510 2011 austeritate
1539 1971 1651 2025 usque
1671 1972 1725 2011 ad

336 2033 546 2074 Nazareth
579 2034 740 2073 ordinem
774 2033 963 2086 restituere
994 2033 1081 2073 mihi
1109 2034 1264 2085 licuerit,
1299 2051 1360 2075 nec
1388 2035 1488 2075 illud
1510 2023 1720 2091 destderari

333 2098 426 2154 satis
440 2099 564 2153 potest,
589 2098 708 2138 irritis
723 2099 884 2138 omnibus
903 2099 958 2137 ad
967 2098 1204 2139 inveniendos
1218 2101 1354 2153 ignotos
1376 2101 1508 2140 codices
1523 2101 1720 2151 conatibus,

337 2164 434 2218 quod
459 2163 674 2217 archetypon
694 2164 761 2204 vel
760 2164 900 2221 saltem
921 2164 996 2204 eius
1004 2164 1255 2220 fidelzffimam
1283 2166 1624 2223 transcriptionem,
1646 2182 1720 2218 qua

338 2229 557 2279 adiuvante,
577 2229 716 2284 futuri
740 2229 889 2268 editores
923 2230 1083 2269 certiora
1106 2231 1361 2282 fundamenta
1390 2231 1654 2283 instaurarent
1676 2234 1720 2272 Εἴ

338 2295 450 2335 lucem
471 2294 610 2347 longius
626 2294 857 2348 proferrent,
886 2295 1023 2334 nemini
1041 2297 1206 2349 reperire
1233 2297 1432 2349 contigerit.
1471 2296 1720 2352 Sangallensts

339 2367 459 2398 autem
480 2359 586 2399 codex
605 2374 672 2398 non
682 2358 809 2415 solum
828 2359 903 2398 ideo
920 2359 1102 2412 perutilis,
1116 2360 1193 2416 sed
1209 2361 1318 2400 etiam
1338 2361 1375 2400 in
1398 2361 1520 2401 multis
1540 2361 1623 2402 locis
1646 2378 1719 2401 me-

338 2423 465 2464 liorem
486 2433 621 2463 textum
639 2426 684 2465 {9⁹
704 2424 901 2464 additiones
916 2424 1104 2477 plurimas
1118 2427 1276 2478 praebet.
1298 2426 1358 2465 Ex
1380 2427 1463 2466 aliis
1478 2442 1570 2466 vero
1590 2427 1719 2466 codici-

342 2491 405 2529 bus
424 2504 467 2528 ea
487 2504 569 2541 quae
590 2489 680 2529 addi
693 2488 847 2543 postem,
874 2490 1023 2531 minoris
1032 2491 1131 2548 sunt
1149 2492 1327 2541 momenti,
1357 2492 1489 2546 quippe
1505 2507 1588 2544 quae
1596 2492 1719 2545 facile
1749 2524 1752 2526 .

341 2552 513 2610 ascribis
531 2553 755 2607 interpolata
775 2554 844 2608 effe
860 2554 1058 2608 potuerint.

394 2675 406 2695 ι
435 2664 473 2696 F.
503 2663 619 2706 Tuch,
646 2663 823 2698 Antoninus
849 2671 987 2708 martyr,
1071 2665 1155 2698 nach
1185 2667 1257 2698 dem
1289 2666 1534 2711 Morgenlande.
1571 2667 1719 2712 Leipzig,

335 2715 426 2761 seine
463 2716 531 2751 Zeit
561 2718 629 2751 und
654 2717 747 2762 seine
786 2717 992 2763 Pilgetjsahrt
1078 2721 1178 2761 1864,
1196 2728 1246 2762 4⁰·
