2216 3435
86 1787 106 1817 f.
125 1795 182 1826 149
197 1786 224 1816 b.

789 285 905 319 FILII
939 283 1099 317 AGAP.
1527 282 1586 314 22
1597 285 1612 314 1

242 437 383 500 Egipti
418 434 630 482 deveniet.
670 436 776 496 (29)
800 432 1026 479 Vastatum
1063 430 1120 476 est
1153 447 1338 493 regnum
1373 429 1617 485 Pharaonis,

244 507 403 553 scilicet
439 506 628 569 Egiptus‚
669 507 714 551 δε
750 505 855 550 Siria
891 502 1153 548 diminuetur
1187 502 1231 545 in
1280 498 1529 546 hominibus
1574 501 1619 544 ὃς

243 578 446 641 pecunia,
490 578 536 622 δε
575 593 666 621 non
711 573 971 621 videbuntur
1014 571 1143 618 bestie
1190 570 1263 616 nisi
1304 569 1502 616 filvestres
1543 587 1620 632 per

244 648 420 695 beriam.
446 648 554 710 (30)
578 647 626 693 Et
649 646 873 708 capientur
895 647 939 690 ὃς
964 641 1240 690 vastabuntur
1263 639 1437 686 Mabeth
1462 643 1507 686 ὅ(
1532 641 1619 686 Ca-

244 719 373 764 mella
392 727 403 747 ¹
432 735 509 780 per
535 719 694 776 Deum,
718 718 830 762 inter
855 715 964 761 duos
990 714 1179 777 populos
1205 713 1283 758 erit
1304 729 1488 774 magnus
1515 728 1620 756 con-

242 789 381 835 flie'tus
406 791 451 834 ὃς
473 789 642 851 strages,
669 790 713 850 (3
732 788 772 845 ι)
791 787 835 831 Et
854 802 956 831 tunc
979 786 1179 830 irascetur
1197 785 1242 828 ὃς
1262 782 1464 828 dolorem
1489 780 1620 827 habe-

243 859 319 916 bit,
337 859 381 905 id
406 860 463 905 est
479 861 541 921 (?)
561 857 704 921 capud
724 857 974 914 Macometi,
993 858 1038 901 ὃς
1061 853 1221 903 Arabes
1247 852 1557 911 destruhentur‚
1575 854 1620 898 ὃς

243 929 404 976 desinet
438 948 572 975 omne
602 946 755 974 eorum
779 926 917 991 posse,
956 929 1000 972 ὃς
1036 924 1278 972 remanebit
1312 925 1520 969 exercitus
1546 925 1620 985 qui

242 1003 361 1049 venit
393 1019 419 1046 a
454 1001 550 1047 solis
587 999 742 1045 occasu
773 997 874 1043 ficut
899 998 970 1043 nix
997 1015 1080 1059 que
1116 995 1289 1042 albescit
1311 996 1356 1040 in
1382 992 1618 1053 montibus,

242 1074 288 1119 &
314 1089 422 1135 quot
447 1072 648 1117 homines
673 1067 788 1131 quasi
813 1067 1011 1114 silvestres
1035 1068 1310 1114 invenientur
1334 1066 1376 1110 in
1400 1064 1551 1124 berria,
1576 1065 1621 1109 &

243 1143 432 1206 populus
457 1141 658 1188 deveniet
693 1141 736 1185 in
763 1156 973 1201 magnam
999 1137 1229 1194 miseriam,
1255 1139 1300 1182 ὃς
1325 1136 1445 1200 pluet
1469 1136 1620 1198 septies

242 1216 287 1259 ὃς
306 1215 489 1276 septem3
517 1212 563 1275 (3
577 1214 622 1270 2)
643 1214 688 1257 ὅς
707 1229 731 1256 a
745 1210 901 1256 Zaniel
917 1220 934 1240 2
953 1249 963 1269 ‚
989 1209 1034 1255 id
1054 1210 1111 1255 est
1130 1209 1450 1271 septemtrione,
1479 1207 1622 1253 veniet

241 1302 394 1332 ventus
437 1301 638 1347 magnus,
680 1284 725 1328 ὅς
760 1298 830 1327 rex
865 1280 919 1326 de
958 1279 1140 1326 Alberi3
1170 1278 1300 1325 exibit
1333 1281 1378 1324 ὃ(
1411 1279 1554 1324 veniet
1577 1279 1621 1322 ὃς

243 1356 425 1402 destruet
458 1354 660 1400 Mecham
692 1354 736 1398 in
772 1351 841 1397 die
870 1351 1048 1409 crudeli,
1084 1352 1129 1396 ὃς
1163 1347 1540 1413 approbinquabit
1564 1346 1620 1393 ad

241 1426 439 1490 prelium.
480 1424 585 1488 (33)
610 1423 655 1469 Et
683 1421 910 1486 apparebit
932 1421 1101 1467 camela
1125 1422 1306 1484 pascens
1330 1422 1375 1466 ὃς
1400 1435 1620 1483 pregnans

242 1496 405 1543 habens
438 1497 547 1541 fetus
589 1497 634 1540 &
674 1493 827 1557 populi
865 1492 1060 1540 videntes
1103 1509 1200 1538 eam
1242 1490 1415 1537 dicent:
1460 1512 1482 1531 rc
1525 1490 1622 1535 l-Iec

295 1600 307 1620 1
332 1589 406 1621 Cod.
427 1586 600 1620 Olamella.
623 1606 666 1611 —
687 1600 705 1619 2
728 1585 852 1629 Fofsccn
869 1597 888 1617 a
906 1584 1034 1618 Zamal.
1058 1604 1100 1608 —
1124 1596 1139 1625 3
1168 1582 1291 1626 Forsan
1310 1583 1352 1615 de
1380 1581 1548 1616 Calabria.

244 1711 282 1752 δι
299 1711 325 1752 li
342 1711 421 1751 lieu
437 1711 544 1764 large
561 1711 760 1750 sanleront
776 1709 924 1760 estroit,
941 1708 979 1749 &
995 1707 1021 1748 fi
1038 1709 1130 1749 vees
1147 1723 1169 1748 a
1185 1709 1247 1749 coi
1267 1708 1302 1747 16
1321 1719 1404 1748 tere
1421 1707 1622 1763 d'Egypte

245 1771 430 1811 devenra.
453 1771 530 1824 (29)
553 1781 563 1801 1
602 1769 655 1809 Et
672 1769 708 1809 le
725 1780 805 1809 tere
824 1769 872 1808 de
894 1768 1007 1808 Surie
1030 1767 1111 1807 sera
1131 1766 1348 1808 amenuifie
1369 1782 1418 1806 en
1434 1769 1621 1808 hommes

244 1830 282 1870 &
297 1845 345 1870 en
362 1830 486 1879 avoir,
506 1830 544 1869 &
557 1844 608 1869 ne
624 1843 740 1868 verra
756 1843 808 1867 on
828 1827 863 1867 se
878 1827 1004 1867 bestes
1026 1826 1214 1881 sauvages
1231 1841 1313 1866 non
1332 1841 1402 1879 par
1426 1826 1463 1866 le
1480 1827 1621 1866 berrie.

243 1890 322 1943 (30)
346 1888 399 1928 Et
415 1888 439 1928 st
463 1890 595 1928 seront
616 1887 736 1941 prises
760 1886 956 1927 Malbech
979 1886 1017 1926 δέ
1039 1885 1271 1927 Charmelle
1298 1885 1364 1940 [δε]
1388 1885 1521 1925 seront
1540 1886 1622 1939 gas-

243 1948 325 1988 tees
347 1962 417 2001 par
452 1947 488 1987 16
510 1947 671 1987 volente
703 1947 752 1986 de
784 1946 909 1997 Diem,
945 1945 983 1985 &
1013 1956 1127 1985 entre
1164 1945 1219 1985 les
1254 1944 1506 1998 .ij.puep1es
1541 1946 1623 1984 sera

241 2022 359 2061 grans
389 2007 425 2046 16
445 2006 606 2046 bataille
629 2006 667 2046 ἂ
689 2004 928 2045 l’occifions.
953 2005 1032 2058 (31)
1064 2003 1119 2044 Et
1148 2005 1273 2044 adont
1302 2004 1337 2044 se
1366 2004 1622 2043 courouche-

240 2077 333 2107 ront
353 2066 391 2106 &
411 2076 528 2106 aront
557 2076 674 2118 grant
704 2064 850 2104 dolour
883 2063 1145 2103 l’univerfites
1182 2065 1251 2104 des
1282 2063 1488 2113 Sarrasms,
1522 2062 1560 2103 &
1594 2063 1619 2102 li

243 2126 420 2166 Arabien
437 2124 568 2164 seront
592 2124 770 2174 destruit,
791 2123 829 2163 &
845 2124 978 2163 faurra
994 2123 1055 2162 lor
1074 2123 1209 2176 pooirs
1232 2136 1253 2161 a
1270 2133 1359 2163 tous
1376 2123 1491 2174 >jouts
1509 2123 1622 2173 mais,

243 2185 281 2226 &
301 2184 327 2224 li
349 2199 394 2226 os
424 2185 491 2238 qui
514 2185 601 2224 vint
621 2183 851 2223 d'occident
873 2196 1054 2222 remansa
1075 2182 1167 2222 auffi
1200 2196 1362 2221 comme
1384 2181 1420 2221 le
1440 2182 1530 2222 nois
1552 2182 1619 2235 qui

243 2244 457 2284 blanchoie
479 2257 520 2283 es
541 2243 808 2296 monfflgnes,
839 2241 877 2281 &
900 2252 1015 2280 mout
1036 2241 1223 2281 hommes
1255 2240 1387 2280 seront
1408 2241 1550 2280 trouve
1571 2255 1621 2280 en

244 2303 281 2343 la
296 2303 427 2342 berrie
448 2302 540 2341 auffi
569 2316 731 2341 comme
749 2301 929 2354 sauvage,
949 2300 988 2340 &
1010 2300 1035 2340 li
1056 2300 1223 2353 pueples
1245 2300 1420 2340 devenra
1440 2314 1488 2339 en
1506 2311 1622 2352 grant

244 2362 395 2412 misere,
424 2361 462 2401 &
483 2360 509 2400 fi
533 2361 728 2415 plouvera
748 2360 828 2415 .vij.
851 2360 926 2400 fois
947 2359 985 2400 δε
1009 2360 1088 2413 .vij.
1113 2360 1192 2413 (32)
1216 2358 1270 2399 Et
1292 2374 1365 2399 uns
1386 2373 1503 2412 grans
1525 2373 1622 2398 vens

244 2434 365 2461 venra
394 2421 535 2461 devers
558 2420 834 2473 septemtrion,
857 2418 894 2458 δε
916 2433 990 2458 uns
1012 2433 1102 2472 roys
1124 2432 1247 2458 venra
1268 2419 1317 2458 de
1341 2418 1504 2469 Albexi,
1538 2417 1576 2458 &
1596 2417 1621 2458 fi

245 2480 437 2520 destruira
459 2479 602 2530 Mech,
629 2479 667 2519 δι
688 2478 713 2518 si
734 2489 792 2518 ert
812 2479 899 2518 chis
915 2478 1033 2532 jours
1055 2488 1170 2517 mout
1192 2492 1282 2517 max
1305 2477 1343 2517 δι’,
1364 2487 1480 2517 mout
1500 2491 1621 2517 cruex

245 2537 283 2578 &
313 2549 428 2578 mout
458 2538 638 2589 dolerex,
659 2538 696 2578 δε
723 2537 748 2578 s1
781 2537 1004 2590 aprochera
1039 2550 1060 2575 a
1089 2535 1125 2574 le
1147 2535 1319 2576 bataille.
1352 2537 1430 2590 (33)
1469 2534 1522 2575 Et
1543 2550 1621 2575 une

245 2596 398 2636 camele
418 2611 586 2650 apparra
616 2596 725 2636 alans
748 2611 817 2649 par
839 2595 895 2635 les
916 2609 1040 2645 caros,
1062 2593 1100 2634 δι
1122 2606 1179 2634 ert
1199 2593 1326 2648 grosse
1348 2594 1386 2634 δε
1407 2608 1474 2633 ara
1495 2595 1622 2645 faons,

246 2655 284 2696 &
315 2656 340 2695 li
372 2655 517 2709 pueple
548 2657 615 2710 qui
647 2656 683 2695 le
703 2665 867 2695 verront
899 2654 1054 2694 diront:
1088 2670 1104 2691 «
1132 2653 1278 2695 Cheste
1308 2653 1462 2693 camele
1497 2654 1536 2693 fu
1573 2654 1621 2692 de

245 2714 376 2755 Ture.
407 2731 422 2751 »
446 2714 501 2755 Et
520 2729 620 2769 yaue
642 2714 757 2754 istera
777 2714 826 2754 de
848 2713 1050 2764 Zanzani,
1077 2712 1115 2753 δι
1136 2712 1161 2752 si
1182 2727 1232 2752 ne
1253 2723 1438 2752 trouvera
1467 2727 1520 2752 on
1542 2713 1621 2752 mie

298 2809 309 2829 1
333 2796 393 2830 Hic
410 2796 525 2840 rursus
543 2795 691 2839 clausula
708 2808 775 2829 una
794 2795 903 2839 omg'ffa
922 2795 972 2838 est.
