2216 3435
643 275 915 310 OBSIDIONIS
939 274 1202 308 DAMIATE.
1521 277 1536 307 I
1547 276 1606 324 09

244 443 414 483 norum,
441 422 512 469 sed
540 422 758 468 Dominus
782 420 892 467 misit
915 421 1123 466 nuncium
1146 420 1270 465 suum
1293 419 1541 465 Christianis
1566 420 1610 464 ὃς
1632 444 1708 475 1219

243 496 298 543 ad
317 495 592 558 baptismum,
613 494 684 555 qui
702 492 912 539 indicavit
931 493 1004 548 eis,
1032 491 1213 553 qualiter
1230 491 1447 536 Sarraceni
1468 491 1612 552 cupie-

244 567 349 614 bant
379 565 605 627 reimplere
643 562 847 609 foffatum
884 580 1036 609 eorum
1071 564 1116 607 &
1150 561 1279 607 dixit:
1320 565 1447 621 Estote
1460 565 1613 621 fortes,

246 641 477 696 Christiani,
505 640 668 698 quia‚fi
695 638 810 680 modo
834 638 990 680 habetis
1014 637 1238 688 vic‘loriam,
1266 650 1398 677 omnes
1421 634 1612 678 recedent.

323 707 362 752 L.
411 706 540 753 Unde
591 706 794 752 dominus
846 706 1012 769 legatus
1069 704 1170 750 fecit
1218 702 1506 748 remiffionem
1561 701 1615 748 de

243 776 413 823 duobus
448 779 572 823 annis
600 776 802 822 omnibus
838 775 1084 822 volentibus
1112 791 1286 838 portare
1317 772 1496 831 tabulas,
1532 791 1616 836 que

243 865 364 893 erant
383 850 496 894 circa
519 867 704 912 pontem
729 847 785 894 ad
805 846 1082 894 defendenda
1096 844 1364 903 carbonaria,
1383 846 1428 889 ὃ(
1447 843 1502 889 fic
1522 861 1616 889 om-

243 920 307 964 nis
327 920 514 983 populus
539 922 737 977 cucurrit,
765 922 809 965 &
827 921 869 964 in
890 919 982 981 ipso
1004 918 1072 963 die
1092 918 1254 962 facium
1274 916 1351 961 fuit
1369 916 1615 961 munimen-

243 1006 349 1036 tum.
380 991 623 1049 Christiani,
650 991 723 1053 qui
742 1006 862 1036 erant
887 989 941 1035 ab
960 990 1033 1034 illo
1053 989 1182 1034 latere
1203 986 1405 1043 fluminis,
1432 985 1505 1031 ubi
1529 1004 1618 1033 erat

244 1061 462 1122 soldanus,
485 1063 791 1108 interfecerunt
812 1063 855 1106 ὃς
880 1060 1213 1106 vulneraverunt
1233 1058 1328 1119 plus
1353 1058 1617 1120 quingentos

243 1135 288 1178 ὃς
316 1134 450 1179 multa
482 1151 599 1179 arma
634 1151 785 1178 eorum
818 1130 1071 1177 habuerunt.
1098 1128 1382 1187 Corradinus,
1420 1130 1492 1190 qui
1530 1145 1619 1174 erat

244 1221 268 1249 a
291 1204 421 1250 latere
446 1202 602 1263 foffati,
627 1203 682 1249 ad
707 1202 980 1265 preliandum
1004 1219 1095 1248 non
1122 1201 1251 1247 venit.
1279 1201 1483 1261 Sequenti
1501 1201 1619 1245 enim

245 1274 314 1320 die
350 1276 483 1337 usque
519 1275 575 1320 ad
613 1276 791 1320 nocstem
819 1274 987 1334 semper
1016 1270 1263 1334 sagittando
1299 1272 1343 1316 ἃ
1367 1269 1618 1316 balestando

242 1346 541 1408 preliaverunt.
577 1345 786 1391 Videntes
835 1345 979 1405 itaque
1014 1341 1216 1388 soldanus
1250 1344 1295 1387 ὃς
1332 1341 1619 1400 Corradinus,

244 1417 365 1478 quod
391 1434 482 1463 non
507 1415 710 1463 valebant:
750 1415 997 1461 Christianis
1030 1413 1225 1472 resistere,
1263 1431 1343 1459 nec
1381 1414 1620 1460 succurrere

243 1505 334 1546 eOS‚
375 1489 449 1550 qui
486 1489 529 1533 in
569 1488 741 1533 civitate
779 1485 1076 1532 moriebantur
1099 1501 1145 1529 ut
1185 1501 1327 1541 canes,
1354 1483 1500 1530 reversi
1526 1485 1622 1530 sunt

243 1576 344 1605 cum
368 1559 542 1617 tristitia,
569 1561 614 1604 ὅς
639 1558 869 1604 Christiani
904 1574 1004 1602 cum
1031 1557 1225 1615 vietoria,
1258 1557 1359 1618 quia
1390 1557 1508 1601 Deus
1533 1572 1622 1602 erat

243 1648 343 1676 cum
369 1630 460 1675 illis.

307 1702 364 1747 LI.
402 1705 445 1746 ln
478 1701 624 1765 vigilia
662 1701 961 1763 apostolorum
991 1700 1178 1745 Simonis
1212 1701 1256 1744 &
1291 1698 1391 1744 lude
1416 1698 1620 1745 soldanus
1639 1713 1748 1744 onob.
1765 1723 1813 1751 27.

245 1773 344 1818 fecit
381 1772 593 1817 custodire
622 1773 771 1818 turrim
802 1789 902 1817 cum
932 1772 1145 1830 ieremiris,
1179 1787 1358 1832 propter
1383 1769 1504 1832 quod
1532 1788 1621 1816 erat

245 1843 414 1907 signum
439 1842 620 1889 navibus
648 1841 918 1889 venientibus
944 1843 1207 1887 Damiatam.

308 1916 402 1960 Lll.*
444 1918 485 1959 ln
517 1915 621 1960 festo
646 1915 864 1960 Omnium
888 1915 1147 1959 Sanctorum
1171 1911 1378 1959 volebant
1402 1913 1838 1959 SarraceniNovemb.1.

244 1985 422 2031 reddere
459 2002 616 2031 terram
642 1986 906 2043 Christianis,
949 1986 1050 2047 quia
1091 1984 1210 2029 nullo
1246 1983 1384 2029 modo
1420 2001 1624 2047 poterant

244 2075 341 2104 eam
368 2075 524 2116 tenere,
564 2058 664 2119 quia
708 2058 902 2120 potentia
928 2057 1011 2102 Dei
1049 2072 1139 2101 erat
1173 2071 1330 2101 contra
1373 2073 1462 2114 eOS,
1507 2055 1623 2101 unde

22 2211 55 2241 P.
74 2209 92 2240 f.
112 2220 169 2249 114
185 2211 223 2240 D.
292 2206 304 2219 ⁴¹
322 2208 384 2240 LII
397 2219 428 2240 a.
447 2208 576 2240 Interea
589 2205 770 2248 Sarraceni‚
787 2205 842 2250 qui
861 2205 891 2238 in
911 2204 1068 2238 Damiate
1087 2202 1221 2236 civitate
1238 2202 1390 2241 aderant,
1409 2201 1561 2234 nuntium
1581 2201 1623 2233 ad

244 2260 414 2294 soldanum
445 2260 600 2293 miserunt
628 2260 793 2299 dicentes,
811 2268 846 2292 ut
877 2259 920 2291 eis
956 2256 1126 2291 subvenire
1153 2257 1300 2296 deberet,
1334 2255 1410 2299 quia
1445 2255 1623 2298 pestilentia

244 2325 367 2358 magna
381 2315 410 2347 δι
431 2314 577 2347 mortalis
597 2313 767 2346 infirmita<
786 2325 842 2345 eos
862 2313 1069 2356 superaverat
1085 2310 1205 2350 taliter,
1224 2309 1302 2354 quia
1324 2309 1494 2342 civitatem
1512 2308 1626 2341 defen-

244 2369 321 2402 dere
349 2368 541 2412 nequibant.
576 2370 732 2410 Cumque
757 2367 908 2399 soldanus
932 2366 962 2398 &
997 2364 1202 2398 Coi-rudinus
1230 2363 1290 2396 hec
1319 2363 1420 2395 verba
1450 2360 1625 2403 audiffent,

244 2420 420 2464 plurimum
445 2422 517 2454 sunt
544 2421 716 2454 turbati&
735 2420 927 2454 contristati.
959 2418 1024 2456 Qui
1051 2418 1138 2450 illico
1165 2417 1251 2449 mille
1276 2415 1426 2448 homines
1452 2415 1576 2447 nobiles
1595 2416 1625 2448 Sc

244 2481 396 2517 potentes
411 2486 584 2519 preparare
601 2474 761 2516 fecerunt,
784 2481 818 2506 ut
837 2484 893 2517 per
907 2471 1050 2505 fluminis
1066 2482 1190 2515 aquam
1210 2469 1358 2502 natando
1375 2468 1475 2512 usque
1490 2468 1532 2501 ad
1547 2468 1626 2501 civi-

244 2535 347 2561 tatem
368 2528 463 2561 nofle
483 2539 617 2572 pergere
634 2528 805 2560 deberent.
835 2528 921 2560 Cum
943 2525 1116 2559 Christiani
1142 2524 1206 2556 hoc
1227 2523 1347 2556 virtute
1366 2521 1502 2555 Domini
1532 2521 1627 2554 intel-

243 2581 402 2623 lexiffent‚
424 2590 558 2626 pontem
577 2583 608 2615 &
628 2580 771 2614 fluminis
797 2580 901 2625 ripam
923 2578 1099 2623 diligenter
1121 2576 1285 2609 custodire
1303 2576 1463 2617 fecerunt,
1487 2583 1523 2607 ut
1541 2582 1626 2607 tam-

245 2647 345 2679 quam
372 2635 547 2679 piscatores
569 2646 644 2668 cum
666 2634 751 2668 retiis
770 2645 825 2678 per
844 2632 986 2666 fluminis
1002 2632 1106 2664 undas
1125 2638 1277 2663 natantes
1305 2641 1424 2673 capere
1443 2628 1572 2673 poffint,
1592 2637 1644 2662 ut-

246 2688 290 2722 eis
301 2689 365 2721 dici
381 2688 485 2733 poffit,
506 2688 616 2721 Venite
624 2688 690 2732 post
705 2699 764 2729 me,
771 2686 905 2730 sariam
922 2698 983 2718 vos
995 2685 1074 2726 fieri
1081 2684 1256 2728 piscatores
1273 2683 1434 2716 hominum
1449 2683 1588 2725 [Marc.‚
1603 2693 1628 2723 1,

250 2742 316 2787 17].
345 2743 452 2776 Nocle
471 2742 589 2774 statuta
616 2742 766 2774 veniente
792 2739 1023 2784 prospicientes
1043 2737 1216 2771 Christiani
1243 2736 1394 2770 viderunt
1419 2737 1575 2780 paganos
1596 2737 1626 2768 δε

247 2798 442 2832 Sarracenos
462 2807 518 2844 per
535 2795 677 2831 fluminis
697 2806 820 2842 aquam
836 2793 1012 2828 venientes.
1041 2795 1127 2825 Cum
1148 2791 1222 2839 ipsis
1240 2790 1371 2825 viriliter
1393 2790 1628 2838 preliaverunt,
