2216 3435
639 110 653 139 1
674 92 726 140 ιζ)
1042 106 1340 141 ANTonus
1377 107 1610 142 MARTYR

632 251 779 313 liquor
816 249 942 314 ipsius
983 255 1196 316 unguenti
1234 270 1352 299 tenet
1391 255 1605 299 continuo
1644 271 1720 316 per
1761 254 1851 300 duo
1883 257 2020 303 millia

634 323 820 369 odorem
846 323 1087 385 quemdam
1114 325 1407 387 sulphureum.
1428 326 1584 387 Qualis
1608 327 1670 372 vis
1695 328 1813 372 enirn
1838 331 2021 391 tempes-

633 396 730 440 tatis
764 394 808 441 sit
834 398 975 454 maris,
1011 413 1238 457 tamquam
1269 397 1313 441 in
1346 397 1499 460 stagno
1531 398 1642 443 infra
1671 398 1788 444 littus
1818 399 1904 444 illic
1932 401 2020 447 ssat.

634 467 745 512 Infra
771 468 992 513 civitatem
1021 469 1158 530 ipsam
1183 468 1378 527 Clysma,
1412 469 1527 514 intus
1558 470 1602 514 in
1633 468 1807 515 basilica
1836 471 2023 519 vidimus

634 539 805 584 loculos
824 539 994 604 ligneos
1016 543 1265 586 sanc‘torum
1285 556 1459 604 patrum
1473 544 1752 588 eremitarum
1772 543 1879 589 ultra
1899 547 2021 590 0610-

633 610 794 658 decim.

634 772 768 818 XLHI.
805 776 1063 834 §Iyrctcumbffl
1097 778 1298 819 cataracsle
1331 778 1474 836 mili,
1508 779 1750 837 Babylonia,
1784 781 2022 840 Memphis,

1226 849 1362 891 cAntin
1369 866 1426 892 oe.

699 970 743 1014 Et
767 969 869 1015 inde
891 970 1087 1016 venimus
1114 988 1191 1033 per
1210 989 1406 1017 eremum
1431 972 1486 1018 ad
1508 974 1760 1036 speluncam
1778 973 1893 1020 beati
1913 975 2026 1020 Pauli

635 1042 826 1099 eremite,
866 1059 950 1103 qne
988 1058 1169 1087 vocatur
1193 1046 1447 1102 Syracumba,
1482 1043 1537 1089 ad
1577 1045 1761 1105 fontem,
1794 1048 1867 1108 qui
1893 1047 2026 1108 usque

636 1111 845 1157 bacienus
873 1130 1015 1166 totum
1041 1114 1191 1158 locum
1216 1114 1358 1176 ipsum
1380 1116 1540 1178 irrigat.
1571 1117 1744 1162 Deinde
1769 1119 1926 1164 iterum
1949 1136 2026 1181 per

635 1201 836 1228 eremum
862 1186 1060 1231 venimus
1088 1184 1143 1230 ad
1170 1190 1395 1231 cataracslas
1419 1190 1562 1248 Qui,
1599 1187 1671 1233 ubi
1697 1206 1810 1251 aqua
1835 1189 2028 1236 ascendit

637 1253 692 1299 ad
718 1254 904 1319 signum,
930 1257 1226 1301 monitionem
1252 1276 1384 1303 manu
1411 1258 1601 1304 hominis
1628 1260 1804 1319 faciam,
1831 1263 1875 1306 δε
1899 1259 2028 1307 habet

636 1325 796 1389 gradus
822 1327 1076 1373 duodecim.
1109 1332 1150 1374 ln
1171 1331 1371 1391 proxima
1397 1335 1611 1376 cataracia
1633 1350 1684 1377 ex
1706 1348 1886 1394 utraque
1906 1349 2027 1395 parte

637 1398 722 1444 Nili
749 1400 845 1445 sunt
871 1399 955 1445 due
981 1401 1189 1458 civitates,
1212 1418 1317 1463 quas
1343 1401 1495 1447 dicunt
1517 1403 1623 1448 filias
1647 1403 1756 1449 Loth
1785 1403 2022 1464 edificaffe3

638 1487 723 1514 una
749 1488 897 1515 earum
925 1474 1154 1531 Babylonia
1184 1470 1351 1518 dicitur.
1388 1474 1515 1519 Tunc
1540 1475 1736 1519 venimus
1760 1492 1838 1537 per
1861 1492 2023 1535 campos

642 1543 798 1587 Taneos
832 1543 876 1586 in
914 1545 1139 1604 memphis
1172 1544 1393 1589 civitatem
1429 1547 1473 1590 ὃ(
1507 1545 1550 1590 in
1586 1550 1811 1603 οΑηῑὶηοεη,
1856 1547 1900 1590 in
1937 1563 2023 1607 qua

642 1611 850 1658 residebat
874 1614 1051 1672 Pharao,
1088 1632 1137 1660 ex
1173 1614 1360 1677 quibusa
1399 1619 1444 1661 ὃς
1468 1616 1541 1674 filij
1575 1617 1694 1662 [srael
1729 1619 1936 1663 exierunt.
1977 1620 2019 1663 ln

647 1683 745 1747 ipsis
771 1685 876 1730 iocis
902 1686 997 1732 sunt
1021 1686 1175 1732 horrea
1199 1687 1271 1732 ΧΗ
1296 1688 1444 1750 loseph
1470 1688 1614 1750 plena.

1056 1848 1200 1894 XLIV.
1228 1852 1374 1894 Iterum
1402 1851 1640 1912 esssemplzis.

705 1974 748 2016 In
774 1971 973 2034 Memphi
1013 1972 1093 2017 fuit
1129 1973 1361 2034 templum,
1397 1972 1521 2035 quod
1561 1972 1704 2018 modo
1740 1974 1799 2019 est
1834 1974 2033 2021 ecclesia:

639 2044 758 2088 cuius
806 2060 892 2087 una
938 2060 1065 2106 porta
1107 2044 1148 2089 se
1196 2043 1343 2090 claufit
1384 2061 1484 2090 ante
1527 2046 1776 2090 Dominum
1823 2046 2031 2106 nostrum,

640 2114 819 2177 quando
853 2131 954 2159 cum
991 2114 1116 2160 beata
1148 2116 1284 2161 Maria
1323 2116 1409 2161 illic
1447 2117 1540 2174 fuit,
1578 2118 1623 2161 ὃς
1662 2117 1796 2178 usque
1827 2117 2032 2164 heustenus

640 2204 731 2233 non
757 2186 897 2248 potest
922 2188 1089 2248 aperiri.
1133 2186 1191 2233 lbi
1217 2186 1405 2233 vidimus
1437 2187 1619 2250 pallium
1653 2188 1832 2247 lineum,
1868 2190 1912 2234 in
1938 2207 2028 2251 quo

641 2259 698 2304 est
728 2256 893 2321 effigies
920 2258 1165 2315 Salvamris,
1199 2277 1333 2321 quem
1360 2258 1510 2304 dicunt
1535 2257 1689 2304 tersisse
1721 2259 1878 2306 faciem
1909 2261 2028 2307 suam

639 2333 684 2377 in
704 2347 757 2375 eo
776 2331 821 2374 ὅ(
839 2328 1079 2374 remanfisse
1104 2328 1163 2375 ibi
1185 2332 1274 2376 eius
1297 2332 1552 2394 imaginem,
1574 2349 1658 2393 que
1681 2332 1833 2395 imago
1854 2330 2028 2396 singulis

641 2398 910 2464 temporibus
959 2400 1180 2461 adoratur,
1236 2405 1280 2448 ὃς
1331 2420 1410 2448 nos
1457 2421 1556 2448 eam
1604 2402 1912 2463 adoravimu53
1959 2401 2032 2448 sed

641 2489 823 2538 propter
862 2471 1141 2534 splendorem
1177 2491 1271 2519 non
1314 2475 1538 2536 potuimus
1579 2475 1623 2519 in
1659 2493 1757 2520 eam
1791 2474 2032 2532 intendere,

644 2547 758 2609 quia,
785 2559 998 2606 quantum
1022 2544 1067 2589 in
1092 2545 1233 2608 ipsam
1257 2544 1451 2610 effigiem
1474 2545 1681 2606 intendis5
1705 2547 1962 2593 immutatur
1983 2546 2029 2592 in

644 2615 780 2662 oculis
805 2615 900 2661 tuiS.

692 2722 722 2743 a.
746 2711 798 2752 G.,
817 2708 860 2742 al.
884 2721 923 2744 ex
942 2722 1020 2756 qua.
