2216 3435
652 306 716 340 DE
753 308 888 341 LOCIS
922 307 1149 340 sANCTts.
1501 294 1588 360 185

209 453 529 498 monachorum
553 452 657 497 inest
681 451 847 515 grande
875 457 1148 511 monasterium
1171 455 1215 497 ὅ(
1235 452 1416 514 plurime
1441 471 1592 498 eorum

209 524 371 570 cellule.
393 522 507 569 Nam
527 523 635 569 illius
660 525 822 569 montis
836 524 1081 586 campestris
1101 540 1245 569 vertex
1264 541 1354 568 non
1371 525 1413 568 in
1439 524 1591 586 angus-

209 614 302 642 tum
338 597 579 640 coarcstatur
613 611 850 651 cacumen,
895 594 967 639 sed
1006 596 1048 639 in
1084 593 1357 639 latitudinem
1392 593 1592 639 dilatatur

209 666 442 712 stadiorum
465 666 618 728 viginti
650 677 887 726 quatuor30
910 665 1093 711 altitudo
1124 682 1269 711 autem
1299 666 1386 710 eius
1417 666 1591 727 triginta

207 736 347 783 stadiis
372 735 632 782 sublimatur.

274 811 317 853 ln
349 807 503 853 eadem
534 824 712 868 quoque
742 808 948 869 superiori
979 807 1136 870 platea,
1168 825 1258 852 non
1290 808 1410 870 parvi
1434 806 1588 865 edificij

206 897 313 925 terne
333 878 512 924 fundate
533 880 628 924 sunt
646 881 799 940 ecclefie
818 877 1087 936 celebriores>
1107 880 1223 924 iuxta
1242 879 1415 923 illorum
1439 896 1588 924 nume-

209 968 303 995 rum
328 949 722 1007 tabernaculorum,
749 949 802 995 de
829 948 982 1011 quibus
1007 950 1050 994 in
1075 948 1232 994 eodem
1259 950 1404 994 sancio
1436 966 1588 995 monte

206 1022 360 1079 Petrus,
388 1021 528 1066 celesti
551 1020 777 1066 letificatus
802 1018 962 1065 vifione
986 1022 1030 1065 ὃς
1056 1021 1320 1081 ρεινεΐειθῑιιε,
1346 1018 1402 1064 ad
1430 1021 1587 1065 Domi-

205 1109 312 1136 num
335 1092 520 1149 locutus,
544 1092 620 1137 ait:
658 1094 809 1136 ‘Bonum
835 1097 884 1151 ‹ss
908 1110 978 1135 7105
1012 1095 1077 1135 lzz'c
1101 1093 1188 1151 effe,
1216 1098 1247 1152 fi
1277 1096 1353 1147 vis,
1377 1095 1587 1151 suciamus

205 1167 270 1207 lzic
294 1167 370 1208 tria
391 1165 658 1221 tabernacula,
681 1165 757 1207 tibi
777 1181 891 1207 unum
917 1163 956 1206 ὃ·
978 1164 1122 1224 Moysi
1142 1181 1256 1206 unum
1277 1163 1315 1206 ὃ
1333 1164 1424 1206 Elie
1450 1182 1585 1207 unum.

205 1237 350 1295 ltaque
381 1234 506 1296 supra
536 1248 777 1278 memorata
806 1232 1188 1277 monasteriorumb
1217 1235 1261 1277 ὅς
1292 1233 1419 1277 trium
1449 1234 1584 1279 eccle-

203 1303 356 1349 fiarum
374 1303 556 1362 edificia,
579 1321 678 1349 cum
700 1303 859 1348 cellulis
882 1303 1219 1361 monachorum,
1237 1303 1413 1365 lapideo
1436 1306 1585 1349 omnia

204 1376 598 1420 circumveniuntur
632 1392 772 1432 mum,
810 1372 881 1418 ubi
913 1374 1080 1418 sancius
1110 1374 1305 1418 Arculfus
1333 1392 1416 1420 una
1442 1375 1585 1437 hospi-

204 1461 314 1491 tatus
333 1446 390 1491 est
419 1449 548 1490 nocie
574 1447 617 1491 in
644 1444 834 1490 eiusdem
859 1445 991 1490 sancii
1010 1445 1170 1490 montis
1191 1444 1450 1491 celsitudine.
1470 1446 1584 1490 Nam

203 1516 357 1574 Petrus,
379 1515 629 1579 Burgundio
647 1527 659 1544 ⁶
697 1515 951 1574 christicola,
978 1518 1022 1561 &
1042 1517 1083 1560 in
1104 1516 1180 1560 illis
1203 1517 1319 1560 terris
1340 1517 1584 1562 semitarum

203 1587 291 1632 eius
322 1585 491 1645 dmstor,
524 1604 615 1632 non
647 1587 787 1652 ipsum
819 1585 979 1632 sinebat
1010 1588 1052 1631 in
1086 1604 1175 1631 uno
1207 1585 1455 1648 eodemque
1486 1588 1582 1632 hos-

203 1658 310 1719 pitio
336 1657 493 1702 diutius
520 1658 757 1715 immorari,
783 1657 1064 1702 festinationis
1088 1658 1255 1702 intuitu.

267 1727 349 1773 Sed
373 1728 483 1772 inter
500 1727 580 1773 hec
604 1728 691 1772 hoc
712 1728 841 1772 etiam
866 1727 1128 1785 notandum,
1150 1727 1271 1789 quod
1295 1728 1404 1773 illius
1432 1729 1581 1774 famoli

202 1799 362 1842 montis
388 1815 551 1843 nomen
581 1798 719 1861 grecis
744 1798 890 1842 litteris
917 1797 970 1842 lic
996 1815 1198 1860 oporteat
1222 1797 1344 1843 scribi
1370 1817 1446 1861 per
1473 1798 1512 1849 ,9
1537 1803 1581 1845 &

201 1891 232 1916 ω
253 1868 458 1931 longum,
489 1865 680 1932 θαβώρ,
713 1869 851 1913 latinis
885 1887 986 1914 vero
1012 1870 1157 1915 litteris
1194 1888 1294 1915 cum
1324 1871 1580 1932 aspiratione

202 1938 395 1997 Thabor,
420 1938 634 2001 producffa
655 1958 676 1984 0
696 1940 846 1986 littera.
874 1940 1011 1985 Huius
1038 1941 1350 2004 orthographia
1378 1940 1579 1986 vocabuli

202 2009 245 2054 in
270 2008 384 2055 libris
409 2011 639 2056 Grecitatis
667 2011 724 2055 est
749 2027 925 2074 reperta.

638 2206 790 2251 XXVI.
830 2210 895 2251 ‘De
920 2208 1139 2266 Damasco.

266 2333 505 2378 Damascus
544 2335 690 2380 civitas
728 2336 880 2398 regalis
914 2354 1092 2400 magna,
1129 2354 1174 2382 ut
1203 2339 1402 2383 Arculfus
1440 2340 1578 2395 refert,

204 2404 278 2463 qui
304 2420 379 2465 per
398 2405 565 2466 aliquot
589 2405 826 2468 hospitatus
848 2408 903 2452 est
929 2407 1017 2452 dics
1038 2409 1079 2453 in
1101 2427 1165 2465 ea,
1194 2410 1235 2453 in
1257 2426 1418 2472 campo
1444 2409 1577 2472 posita

201 2473 306 2533 lato,
337 2475 487 2537 amplo
523 2493 745 2522 murorum
780 2479 836 2522 cst
867 2477 1030 2524 ambitu
1059 2481 1376 2534 circumcincla,
1410 2482 1578 2543 insuper

201 2546 331 2590 etiam
363 2545 519 2591 crebris
553 2546 733 2593 turribus
764 2551 1048 2606 communita,
1080 2551 1263 2612 plurima
1289 2568 1404 2596 extra
1431 2570 1576 2596 muros

202 2616 246 2660 in
273 2617 451 2662 circuitu
478 2616 642 2664 habens
668 2619 841 2678 oliveta,
867 2638 1001 2682 quam
1021 2623 1065 2666 ὃς
1090 2638 1251 2684 magna
1271 2620 1448 2666 flumina
1475 2640 1576 2683 qua-

246 2755 274 2775 a.
303 2745 348 2785 B„
372 2745 478 2784 Bet-n„
505 2744 579 2788 xxiij
602 2765 643 2769 —
667 2747 697 2778 b.
726 2747 778 2788 L.;
801 2747 845 2780 al.
931 2749 1046 2793 gunio,
1068 2751 1159 2781 [ὴν-η.
1181 2750 1371 2793 Burgamio.

200 2797 398 2839 monasterij.
422 2816 463 2821 —
492 2809 520 2830 c.
546 2799 593 2839 B.,
611 2801 674 2840 ed„
700 2800 731 2832 1,.
764 2801 847 2833 Bur-

1402 2903 1444 2931 24
