2216 3435
642 166 708 200 DE
735 167 874 199 LOCIS
899 166 1119 199 SANCTIS.
1512 167 1576 218 47

213 327 409 357 cernetur
439 311 581 371 Cana,
616 311 658 355 in
693 326 777 371 qua
806 326 920 371 aque
951 310 995 353 in
1028 309 1179 354 vinum
1211 309 1327 354 verse
1354 309 1461 355 sunt.
1486 311 1577 355 Per-

204 400 356 446 gemus
387 380 442 427 ad
481 379 711 440 Itabyrium
748 383 793 426 ὃς
824 378 1099 426 tabernacula
1129 380 1362 439 salvatoris,
1393 398 1499 439 non,
1532 398 1579 427 ut

203 455 342 500 Petrus
363 451 592 515 quondam
609 453 760 511 voluit,
780 470 881 497 cum
901 452 1049 511 Moyse
1067 454 1112 497 ὅς
1132 451 1231 510 Elia,
1250 450 1323 496 sed
1338 468 1440 496 cum
1458 468 1579 513 patre

207 541 430 570 cernemus
454 525 498 568 ὃς
522 524 667 586 spiritu
693 523 853 569 sansto.
892 522 993 568 Inde
1018 521 1074 568 acl
1098 539 1217 567 mare
1240 522 1465 567 veniemus
1489 525 1579 568 Ge-

204 594 422 653 nezareth‚
447 596 491 639 ὅς
517 592 571 638 de
596 595 788 655 quinque
815 594 1042 656 &septem
1064 590 1247 655 panibus
1268 591 1511 638 videbimus
1535 593 1580 639 in

205 665 372 711 deserto
408 666 602 727 quinque
637 667 682 710 ὃς
716 681 903 726 quatuor
944 665 1177 710 hominum
1211 663 1344 708 millia
1383 664 1579 710 saturata.

204 735 444 800 Apparebit
476 735 692 798 oppidum
726 737 872 796 Naim,
908 738 951 781 in
988 738 1107 782 cuius
1143 736 1280 798 portis
1310 734 1440 781 vidue
1469 735 1580 780 filius

204 809 421 854 suscitatus
440 808 508 853 est.
533 806 763 853 Videbitur
781 810 826 853 ὃς
843 809 1121 853 Hermoniim
1139 809 1184 852 ὃς
1203 823 1367 853 torrens
1386 805 1543 867 Endor,
1558 817 1577 834 ‘¹

203 879 248 924 in
263 896 352 942 quo
367 881 585 944 superatus
600 880 657 926 est
671 880 816 926 Sisara.
832 880 1144 942 Capharnaum
1158 895 1351 940 quoque,
1360 876 1580 942 signorum

209 950 395 997 Domini
418 952 642 1011 familiare,
667 953 712 996 &
738 952 881 997 omnis
906 952 1064 1014 pariter
1087 950 1259 997 Galilea
1283 965 1490 995 cernetur.
1535 949 1581 994 Et

207 1038 324 1083 tunc,
361 1024 601 1069 comitante
636 1022 824 1081 Christo,
860 1040 997 1084 quum
1031 1039 1109 1084 per
1148 1021 1236 1067 Silo
1277 1023 1322 1067 ὃς
1356 1021 1502 1067 Bethel
1535 1023 1580 1066 ὃς

206 1110 346 1140 cetera
366 1095 478 1154 loca,
494 1096 536 1140 in
557 1093 711 1157 quibus
732 1092 921 1153 ecclefie‚
945 1091 1061 1155 quafi
1084 1090 1276 1155 quedam
1298 1093 1580 1138 vi<storiarum

204 1167 402 1225 Domini,
437 1167 531 1211 sunt
555 1169 695 1212 erefm
727 1165 895 1224 vexilla,
930 1164 987 1210 ad
1016 1165 1208 1210 nostram
1232 1163 1483 1226 speluncam
1516 1182 1578 1210 re-

204 1236 422 1297 dierimus,
447 1255 652 1284 canemus
676 1239 845 1301 iugiter,
871 1235 1022 1282 crebro
1049 1234 1264 1295 flebimus3
1293 1234 1580 1283 indefinenter

207 1307 429 1354 orabimus
464 1311 523 1369 ὃς,
559 1309 780 1356 vulnerate
814 1308 956 1354 iaculo
992 1307 1227 1366 salvatoris,
1262 1307 1305 1352 in
1342 1325 1580 1354 commune

206 1379 399 1426 dicemus
421 1403 430 1426 :
467 1385 601 1426 Inveni
626 1400 737 1441 quem
760 1384 918 1443 quefivit
952 1383 1085 1425 anima
1112 1397 1196 1424 mea
1220 1399 1234 1431 ,·
1268 1381 1404 1424 tenebo
1429 1399 1514 1426 eum
1539 1380 1579 1425 ὃ*

204 1470 279 1497 non
305 1455 506 1497 dimittam
530 1454 657 1498 illum.

251 1608 283 1629 a.
312 1595 392 1640 Lege
413 1595 524 1629 Cison.
