2216 3435
755 206 859 237 vm.
888 204 1161 237 ARCULFUS.
1558 193 1651 248 xxxj

273 349 389 403 paulo
391 347 651 403 fimpliciorem
655 346 796 400 suiffl,
817 361 928 398 quum
943 346 1018 384 iam
1034 345 1209 384 maiorem
1213 343 1486 398 stmplicitatem
1500 345 1538 383 in
1555 347 1654 384 anti-

278 413 355 466 quis
374 413 634 470 manuscriptis
654 413 698 451 &
723 413 760 451 in
780 411 856 466 ipso
881 410 1072 450 recentiori
1098 407 1328 462 Sangallenfi
1345 408 1460 447 codice
1480 410 1653 450 animad-

277 487 480 518 vertamus.
511 477 601 517 Non
621 477 755 517 idcirco
774 476 1020 516 dubitandum
1040 475 1101 527 est,
1134 474 1220 526 quin
1250 472 1391 528 diversi
1403 473 1561 529 scribae,
1593 477 1656 529 qui

276 543 431 582 latinam
454 543 620 596 linguam
639 543 898 594 intelligebant,
918 556 986 580 non
1001 539 1203 593 genuinum
1224 538 1538 596 transcripserint
1556 549 1654 593 opus,

263 608 342 664 sed
343 607 484 662 stylum
504 608 541 646 in
561 608 700 657 melius,
721 616 763 646 ut
767 605 845 660 stbi
858 606 1073 655 videbatur,
1093 613 1242 644 mutare
1263 604 1499 643 tentaverint.
1523 603 1654 656 Itaque

263 671 408 728 saepius
431 672 629 712 immutata
661 681 730 712 aut
746 672 953 728 synonyma
981 671 1111 710 addita
1129 671 1252 710 verba
1271 669 1434 709 inveniet
1449 668 1574 719 lettor,
1594 669 1657 720 qui

275 736 370 777 hanc
390 738 575 777 editionem
597 747 729 777 attente
748 737 1035 777 examinaverit.

328 802 412 842 lVec
426 803 554 842 inutile
568 803 655 856 fore
670 812 771 857 puto,
789 801 830 858 st
852 803 1045 855 requiram
1068 817 1150 856 quae
1163 801 1296 856 fuerit
1313 800 1529 840 Adamnani
1546 799 1654 854 ipstus

273 869 310 908 in
327 878 431 922 opere
447 869 607 922 propria
617 878 725 921 pars.
747 868 837 908 Non
846 867 975 925 solum
992 867 1083 907 enim
1101 866 1248 922 Arculfi
1259 867 1515 906 narrationem
1522 865 1654 922 scrip-

275 934 330 986 fit,
339 935 417 991 sed
430 935 538 974 etiam
548 935 681 989 paffim
701 935 829 988 aliqua
847 934 1014 990 inseruit,
1035 949 1118 986 quae
1134 950 1156 973 a
1168 933 1449 986 peregrinatore
1466 946 1534 971 non
1552 946 1654 970 acce-

271 1009 395 1054 perat.
429 999 549 1039 IVemo
583 1000 675 1039 enim
707 999 855 1052 negabit
880 1001 917 1039 in
946 998 1083 1040 XXV
1107 999 1266 1053 capitulo
1291 999 1410 1052 primi
1436 997 1526 1038 libri
1553 996 1654 1048 longe

277 1065 452 1103 maiorem
477 1073 639 1116 partem,
664 1062 766 1118 ficut
800 1063 920 1103 multa
947 1062 984 1101 in
1016 1063 1099 1113 III,
1128 1062 1250 1113 XIV,
1279 1061 1452 1112 XVIII,
1482 1070 1588 1114 atque
1616 1061 1653 1099 in

279 1129 443 1168 XXIII
454 1129 610 1184 eiusdem
631 1128 720 1168 libri
734 1128 891 1181 capitulo
908 1143 950 1167 ea
966 1143 1048 1180 quae
1064 1129 1118 1168 ad
1129 1128 1285 1181 vestigia
1303 1128 1458 1167 Domini
1466 1126 1652 1180 pertinent

275 1197 321 1235 ab
340 1195 567 1234 Adamnano
589 1194 721 1233 addita
739 1192 876 1247 fuiffe.
907 1193 991 1250 Ipse
1013 1195 1121 1233 etiam
1128 1193 1286 1247 fatetur
1310 1193 1347 1232 in
1363 1193 1526 1250 secundo
1547 1191 1654 1241 libro,

273 1276 302 1300 c.
316 1260 365 1300 X
367 1259 488 1310 VIII,
494 1269 621 1313 pauca
631 1259 712 1309 illa,
724 1274 807 1311 quae
817 1259 860 1298 de
872 1258 1034 1298 Iordane
1046 1259 1090 1298 ὅ
1099 1259 1142 1298 de
1153 1259 1237 1299 lacu
1252 1257 1489 1299 Genezareth
1499 1266 1654 1307 narrat,

267 1325 411 1378 partim
426 1340 442 1363 e
458 1325 561 1364 tertio
581 1324 673 1363 libro
689 1324 918 1378 captivitatis
934 1324 958 1363 I
958 1324 1161 1374 udaeorum,
1168 1325 1311 1377 partim
1324 1340 1366 1363 ex
1381 1324 1421 1363 A
1423 1322 1537 1377 rculfi
1549 1332 1654 1376 expo-

267 1390 390 1442 fitione
412 1389 636 1444 excerpstffi.
657 1389 807 1429 Mentio
833 1405 909 1429 una
927 1389 1184 1431 Onomastici
1220 1389 1447 1436 <Locorum
1472 1388 1585 1435 liber)
1615 1388 1652 1426 in

272 1455 430 1509 capitulo
458 1455 507 1494 de
536 1454 745 1508 sepulchro
772 1454 928 1495 Rachel
956 1454 995 1502 (l.
1020 1454 1079 1505 II,
1104 1470 1132 1494 c.
1161 1453 1202 1495 V
1200 1454 1275 1506 Il),
1303 1454 1463 1511 insertus
1488 1453 1583 1493 locus
1612 1469 1653 1492 ex

274 1521 503 1574 Hieronymi
531 1519 849 1560 Commentariis
869 1520 906 1559 in
932 1519 955 1559 l.
989 1519 1046 1570 II,
1071 1535 1101 1559 c.
1128 1518 1322 1570 XXVII,
1354 1518 1542 1570 multaque
1574 1517 1654 1557 alia

276 1587 367 1642 sunt
385 1587 432 1626 ab
449 1584 669 1625 Adamnano
691 1586 834 1636 addita,
855 1585 955 1626 cuius
978 1586 1086 1625 etiam
1102 1584 1298 1638 Epilogum
1315 1584 1385 1638 effe
1393 1584 1653 1642 suspicamur.

323 1649 384 1689 Ex
415 1649 486 1689 illis
515 1651 628 1701 codd.,
663 1666 817 1704 quorum
847 1650 980 1706 seriem
1013 1650 1171 1704 inflrius
1204 1648 1467 1698 exhibebimus,
1500 1647 1655 1687 maximi

268 1715 383 1769 pretij
392 1715 484 1772 sunt
499 1715 746 1770 antiquiſjimi,
760 1716 936 1769 iidemque
956 1731 997 1754 ex
1013 1728 1102 1753 nono
1113 1711 1279 1769 saeculo:
1300 1713 1401 1752 codd.
1418 1711 1654 1752 Cottonianus

272 1782 310 1819 in
344 1780 565 1821 Britannico
604 1781 775 1839 Musaeo,
816 1779 1081 1835 Bruxellenfis,
1119 1778 1385 1834 Bernenstsque
1399 1798 1415 1824 ;
1444 1777 1655 1833 Parifienst

277 1854 398 1885 autem
433 1846 546 1885 codice
584 1846 708 1899 13048
742 1846 853 1885 multo
881 1845 1000 1885 minus
1034 1845 1088 1884 uti
1112 1844 1236 1897 potui‚·
1266 1843 1375 1882 aliud
1397 1858 1487 1882 vero
1512 1843 1652 1882 malum

272 1911 371 1962 quod
386 1910 445 1965 isti
476 1919 648 1963 quattuor
669 1910 904 1964 antiquiffimi
922 1911 1051 1949 codices
1066 1909 1189 1948 manci
1207 1908 1306 1948 hodie
1315 1908 1422 1965 sunt.
1443 1907 1505 1958 Et,
1524 1916 1566 1946 ut
1584 1923 1653 1947 uno

273 1974 431 2027 exemplo
452 1983 554 2024 utar,
585 1975 690 2013 codex
715 1974 839 2028 13048
857 1975 1023 2028 primum
1048 1973 1101 2012 his
1129 1973 1254 2012 verbis
1274 1972 1420 2026 incipit:
1457 1988 1472 2008 «
1499 1971 1651 2012 Lancea

274 2056 289 2075 ‹<
314 2039 437 2079 militis
460 2070 467 2078 .
486 2069 493 2077 .
511 2070 519 2078 .
538 2070 545 2078 .
575 2056 583 2074 >
620 2039 806 2079 Caeterum
817 2039 904 2092 fuit
919 2039 994 2094 ipse
1019 2036 1265 2092 Sangallenfis
1291 2038 1409 2088 codex,
1438 2051 1651 2090 quanquam

271 2105 389 2144 tribus
418 2102 574 2160 saeculis
614 2105 804 2155 recentior,
838 2104 1022 2143 interdum
1062 2104 1170 2142 utilis.
1206 2102 1338 2142 Multo
1365 2102 1513 2142 minoris
1539 2102 1655 2156 pretij

267 2170 358 2224 sunt
387 2167 591 2210 Vaticanus
620 2169 663 2208 Εἴ
687 2169 748 2208 ille
772 2169 836 2221 qui
856 2169 893 2208 in
920 2167 1132 2208 bibliotheca
1153 2168 1292 2221 reginae
1312 2167 1503 2222 Chrssinae
1519 2167 1651 2207 Romae

274 2251 297 2274 a
289 2236 511 2291 ſjervatur.
534 2233 705 2273 Codicum
722 2235 860 2274 auxilio
871 2234 1008 2289 saepius
1023 2243 1156 2274 textum
1171 2234 1209 2272 in
1224 2233 1350 2274 melius
1365 2242 1512 2272 mutare
1528 2232 1649 2286 potui-

270 2314 362 2350 mus,
399 2313 662 2351 nonnunquam
697 2301 805 2339 etiam
837 2301 880 2340 Εἴ
913 2299 1158 2354 graviffimas
1197 2298 1457 2338 emendationes
1491 2296 1647 2350 afferre.

272 2364 405 2418 §Quum
431 2373 551 2403 autem
573 2364 730 2403 multum
747 2365 789 2404 de
810 2364 1036 2420 Caduinenfi
1050 2365 1176 2414 codice,
1193 2365 1269 2418 teste
1283 2364 1318 2404 d.
1335 2362 1532 2403 Martiale
1548 2362 1649 2402 Del-

265 2430 333 2482 pit,
346 2439 357 2459 1
378 2429 441 2481 qui
445 2430 553 2487 solus
564 2430 658 2469 hunc
673 2430 783 2485 usque
800 2430 964 2481 viderat,
968 2430 1214 2487 speraretur,
1232 2429 1414 2468 adventus
1423 2428 1651 2481 mefi’fillit;

269 2492 306 2531 in
321 2493 383 2532 illo
397 2494 490 2533 enim
503 2503 592 2535 totus
606 2495 734 2534 tertius
745 2495 839 2534 liber
851 2494 1094 2550 praetermiff
1085 2508 1125 2532 us
1122 2493 1219 2546 fuit.
1233 2491 1292 2532 Ad
1300 2501 1434 2531 textum
1447 2493 1565 2545 igitur
1575 2493 1650 2532 cri-
1715 2534 1718 2537 ,

270 2558 334 2597 tice
345 2559 625 2610 constituendum
644 2568 787 2612 parum
801 2558 897 2598 utilis
907 2559 1014 2598 codex
1028 2558 1099 2597 ille.
1115 2557 1248 2612 Quum
1259 2566 1380 2596 autem
1383 2556 1439 2612 stt
1450 2558 1525 2613 ipse
1539 2557 1651 2596 multo

270 2624 447 2663 recentior
459 2624 617 2677 epitome,
631 2624 675 2663 Εἴ
688 2624 725 2663 in
738 2623 867 2676 aliqua
879 2625 986 2663 etiam
993 2632 1105 2677 parte
1115 2637 1215 2662 nova
1227 2623 1394 2675 quedam,
1406 2631 1444 2661 ut
1453 2623 1506 2662 ita
1516 2623 1648 2671 dicam,

296 2758 298 2760 .
320 2736 332 2756 1
357 2724 492 2758 Anciens
508 2724 713 2768 pelet-inages
731 2726 753 2757 a
772 2723 972 2767 Jerusalem.
994 2725 1043 2765 Ρ.,
1068 2727 1164 2764 1870,
1184 2735 1214 2768 p.
1238 2723 1292 2766 xij.
