2216 3435
663 289 728 321 DE
763 288 901 321 LOCIS
935 288 1154 321 SANCTIS.
1508 292 1594 343 199

220 447 422 496 equu1n‚‘¹
445 435 530 480 huc
553 452 683 496 atque
708 436 807 481 illuc
832 434 1041 493 currebat,
1063 438 1107 481 ὃς
1138 435 1303 481 tamdiu
1328 437 1435 481 illius
1461 455 1595 499 equus

218 506 334 550 nulla
374 506 648 569 instigatione
691 508 857 553 moveri
895 522 1090 568 poterat⁷
1133 507 1356 568 usquequo
1392 526 1595 554 numerus

217 575 455 620 solidorum
487 576 703 638 sexaginta
735 575 1042 638 adimpleretur
1066 575 1186 621 simul
1211 594 1592 640 congregatorum.

215 647 330 690 Tum
372 645 529 691 deinde
564 647 690 708 supra
725 663 1123 691 commemoratum
1161 648 1314 709 repetit
1348 648 1593 693 sermonem

217 716 271 761 de
312 718 444 762 sanesti
486 715 738 762 confessoris
778 718 1000 762 mansueta
1036 717 1305 762 humanitate
1345 720 1389 762 ὃς
1422 734 1512 763 tuta
1548 720 1593 763 in

214 787 491 850 expeditione
527 786 734 844 custodia,
773 789 817 832 ὃς
843 787 896 832 de
938 789 1025 833 eius
1051 787 1166 850 quafi
1192 787 1345 833 duritia
1370 788 1439 834 vel
1462 790 1592 834 etiam

211 859 255 902 in
280 859 553 903 commerciis
580 859 757 903 avaritia
782 859 1223 920 commemoransque
1250 859 1347 904 talia
1372 858 1517 918 verba,
1543 876 1588 904 ut

212 932 356 988 fertur,
391 932 436 974 ὃς
478 930 572 991 post
613 929 883 990 quaternales
925 928 1109 992 lingulas
1146 931 1283 988 vices,
1321 931 1364 974 in
1406 929 1591 974 domum

211 1001 411 1059 reversus,
432 999 668 1063 repetebat,
689 999 743 1045 ad
765 1000 967 1045 ultimum
991 1001 1077 1046 hoc
1101 1000 1239 1046 modo
1265 1001 1462 1046 sancium
1480 1001 1588 1046 allo-

211 1073 353 1134 quitur
377 1072 638 1135 Georgium,
664 1071 833 1117 dicens:
870 1073 1024 1117 Sane&
1057 1071 1288 1130 confeffor‚
1322 1089 1437 1117 nunc
1469 1088 1588 1118 tuam

210 1160 291 1205 pro
327 1159 445 1188 certo
482 1143 707 1206 cognosco
745 1143 1028 1188 voluntatem.
1066 1143 1161 1187 Hec
1197 1143 1343 1204 itaque
1380 1145 1495 1188 iuxta
1530 1144 1588 1203 id,

210 1214 328 1275 quod
360 1212 585 1271 desideras,
618 1230 760 1258 totum
790 1215 880 1258 auri
910 1212 1103 1276 pondus,
1136 1213 1337 1259 videlicet
1368 1215 1587 1277 sexaginta

208 1284 383 1342 solidos,
404 1283 479 1329 tibi
499 1301 654 1328 munus
680 1283 833 1342 offero,
858 1285 997 1346 iplum
1023 1301 1202 1345 quoque
1231 1303 1380 1330 meum
1403 1302 1582 1346 equum,

207 1373 338 1418 quem
370 1354 443 1400 tibi
481 1357 593 1416 prius
617 1355 901 1417 promiseram
925 1372 1104 1417 propter
1128 1355 1453 1418 expeditionem
1477 1373 1585 1401 con-

206 1427 486 1486 donandum3
511 1443 628 1471 nunc
647 1425 736 1485 tibi,
757 1427 856 1472 licet
880 1425 1157 1473 invisibilibus
1183 1428 1468 1491 alligamentis
1493 1429 1584 1475 vin-

205 1498 408 1558 culatum,
439 1498 667 1557 condono,
693 1497 764 1543 sed
790 1515 907 1557 mox,
934 1514 979 1543 ut
1003 1497 1149 1556 cred0‚
1179 1498 1484 1544 resolvendum
1509 1516 1585 1561 per

208 1586 327 1614 tuam
355 1571 398 1614 in
434 1570 632 1614 Domino
664 1568 1057 1614 honorificentiam.
1095 1569 1196 1613 Hoc
1233 1570 1465 1615 terminato
1503 1570 1584 1615 ser-

204 1657 352 1699 mone,
384 1639 570 1703 egressus
603 1639 803 1697 domum,
836 1639 997 1685 eodem
1021 1639 1126 1684 hore
1159 1656 1389 1685 momento
1414 1639 1583 1686 absolu-

203 1727 294 1756 tum
310 1711 464 1773 reperit
485 1712 640 1773 ipsum,
657 1728 804 1773 quem,
821 1711 964 1756 secum
980 1710 1142 1756 ducens
1155 1712 1199 1756 in
1219 1709 1419 1770 domum,
1432 1712 1580 1756 saneto

203 1781 417 1828 donatum
462 1781 686 1846 affignavit
736 1780 969 1828 confeffori
1014 1783 1056 1828 in
1098 1783 1333 1844 conspee'tu
1375 1783 1576 1846 imaginis

204 1851 342 1915 ipfius,
384 1851 573 1914 indeque
615 1851 874 1898 letabundus
909 1853 1129 1899 Christum
1170 1852 1456 1916 magnificans
1498 1852 1579 1898 dis-

201 1923 325 1968 ceffit.

266 1995 382 2039 Hinc
414 1995 637 2040 manifeste
668 1994 908 2058 collegitur,
941 1998 1208 2054 quodcumque
1235 1999 1413 2040 “Domino
1446 1998 1579 2057 conse-

205 2085 351 2123 cratur,
376 2074 452 2129 five
479 2072 594 2112 homo
619 2071 709 2123 erit,
728 2073 812 2129 five
837 2069 1002 2125 animal,
1028 2069 1141 2113 iuxta
1167 2066 1225 2125 id,
1248 2066 1369 2128 quod
1394 2068 1436 2112 in
1460 2068 1577 2114 Levi-

199 2138 284 2182 tico
312 2138 516 2200 scriptum
547 2138 604 2183 est
635 2136 774 2195 libro,
807 2138 927 2183 nullo
961 2137 1099 2183 modo
1131 2137 1284 2183 redimi
1315 2139 1476 2199 poterit
1505 2155 1578 2184 aut

198 2210 376 2254 mutari:
402 2226 504 2254 nam
535 2207 560 2253 fi
587 2213 675 2268 quis
705 2214 929 2266 mutaverit,
962 2210 1001 2254 Ε»
1028 2212 1153 2270 ipsum
1179 2211 1284 2268 quod
1312 2227 1500 2254 mutatum
1525 2214 1576 2268 est

199 2280 238 2323 Er·
277 2282 397 2335 illud,
431 2299 508 2341 pro
544 2299 618 2339 quo
655 2296 841 2324 mutatum
877 2286 941 2340 est>
974 2283 1237 2342 consecratum
1274 2286 1351 2325 erit
1382 2284 1576 2336 Domino,

197 2352 241 2394 ὅ(
266 2367 355 2396 non
387 2349 632 2396 redimetur.

531 2511 584 2555 V.
621 2515 687 2556 ‘De
712 2515 890 2572 imagine
902 2513 1043 2572 sanc‘le
1069 2513 1237 2556 emm-ie.

258 2614 457 2659 Arculfus
482 2615 580 2677 sepe
605 2631 868 2660 memoratus
893 2617 937 2660 ὅ(
962 2613 1016 2659 de
1042 2615 1183 2660 sancte
1218 2616 1363 2660 matris
1388 2616 1571 2661 Domini

194 2682 446 2730 thoracidab
475 2702 636 2731 certam
669 2684 793 2731 nobis
827 2685 1093 2745 relationem,
1128 2703 1260 2748 quam
1289 2686 1332 2732 in
1356 2686 1571 2733 Constan-

243 2795 273 2815 τι.
292 2785 344 2824 G.,
365 2784 470 2826 Grets.
491 2786 570 2817 add.
594 2785 710 2818 iterum
730 2785 760 2817 in
781 2786 917 2817 domuin
939 2785 1108 2829 regressus.
1130 2804 1171 2809 -—
1195 2787 1214 2818 b
1246 2788 1281 2820 R.
1303 2786 1474 2831 imagyne.
