<?xml version="1.0" encoding="UTF-8"?>
<!DOCTYPE html PUBLIC "-//W3C//DTD XHTML 1.0 Transitional//EN"
    "http://www.w3.org/TR/xhtml1/DTD/xhtml1-transitional.dtd">
<html xmlns="http://www.w3.org/1999/xhtml" xml:lang="en" lang="en">
 <head>
  <title>
</title>
<meta http-equiv="Content-Type" content="text/html;charset=utf-8" />
  <meta name='ocr-system' content='tesseract 3.04.00' />
  <meta name='ocr-capabilities' content='ocr_page ocr_carea ocr_par ocr_line ocrx_word'/>
</head>
<body>
  <div class='ocr_page' id='page_1' title='image "./p1itinerahierosoly1tobl_0672.png"; bbox 0 0 2216 3435; ppageno 0'>
   <div class='ocr_carea' id='block_1_1' title="bbox 638 191 1596 242">
    <p class='ocr_par' dir='ltr' id='par_1_1' title="bbox 638 191 1596 242">
     <span class='ocr_line' id='line_1_1' title="bbox 638 191 1596 242; baseline 0.005 -5"><span class='ocrx_word' id='word_1_1' title='bbox 638 191 725 237; x_wconf 73' lang='lat'>126</span> <span class='ocrx_word' id='word_1_2' title='bbox 1024 206 1280 240; x_wconf 81' lang='lat' dir='ltr'>IOHANNES</span> <span class='ocrx_word' id='word_1_3' title='bbox 1308 207 1373 240; x_wconf 86' lang='lat' dir='ltr'>DE</span> <span class='ocrx_word' id='word_1_4' title='bbox 1401 208 1596 242; x_wconf 86' lang='lat' dir='ltr'><strong>TULBIA</strong></span> 
     </span>
    </p>
   </div>
   <div class='ocr_carea' id='block_1_2' title="bbox 635 284 835 289">
    <p class='ocr_par' dir='ltr' id='par_1_2' title="bbox 635 284 835 289">
     <span class='ocr_line' id='line_1_2' title="bbox 635 284 835 289; baseline 0 0"><span class='ocrx_word' id='word_1_5' title='bbox 635 284 835 289; x_wconf 95' lang='lat' dir='ltr'> </span> 
     </span>
    </p>
   </div>
   <div class='ocr_carea' id='block_1_3' title="bbox 890 287 1451 291">
    <p class='ocr_par' dir='ltr' id='par_1_3' title="bbox 890 287 1451 291">
     <span class='ocr_line' id='line_1_3' title="bbox 890 287 1451 291; baseline 0 0"><span class='ocrx_word' id='word_1_6' title='bbox 890 287 1451 291; x_wconf 95' lang='lat' dir='ltr'> </span> 
     </span>
    </p>
   </div>
   <div class='ocr_carea' id='block_1_4' title="bbox 532 348 2010 418">
    <p class='ocr_par' dir='ltr' id='par_1_4' title="bbox 532 348 2010 418">
     <span class='ocr_line' id='line_1_4' title="bbox 532 348 2010 418; baseline 0.007 -25"><span class='ocrx_word' id='word_1_7' title='bbox 532 372 609 402; x_wconf 85' lang='lat'>1219</span> <span class='ocrx_word' id='word_1_8' title='bbox 629 348 703 394; x_wconf 76' lang='lat' dir='ltr'>nisi</span> <span class='ocrx_word' id='word_1_9' title='bbox 721 350 911 396; x_wconf 88' lang='lat' dir='ltr'>camelos</span> <span class='ocrx_word' id='word_1_10' title='bbox 937 353 982 397; x_wconf 72' lang='grc' dir='ltr'>ὅ(</span> <span class='ocrx_word' id='word_1_11' title='bbox 1011 353 1113 398; x_wconf 88' lang='lat' dir='ltr'>alias</span> <span class='ocrx_word' id='word_1_12' title='bbox 1132 352 1282 398; x_wconf 87' lang='lat' dir='ltr'>bestias</span> <span class='ocrx_word' id='word_1_13' title='bbox 1307 353 1431 412; x_wconf 83' lang='lat' dir='ltr'>solas,</span> <span class='ocrx_word' id='word_1_14' title='bbox 1456 355 1502 399; x_wconf 77' lang='grc' dir='ltr'>ὅ(</span> <span class='ocrx_word' id='word_1_15' title='bbox 1526 372 1634 401; x_wconf 88' lang='lat' dir='ltr'>unus</span> <span class='ocrx_word' id='word_1_16' title='bbox 1659 356 1854 418; x_wconf 86' lang='lat' dir='ltr'>Paganus</span> <span class='ocrx_word' id='word_1_17' title='bbox 1879 374 2010 404; x_wconf 86' lang='lat' dir='ltr'>voca-</span> 
     </span>
    </p>
   </div>
   <div class='ocr_carea' id='block_1_5' title="bbox 475 791 603 831">
    <p class='ocr_par' dir='ltr' id='par_1_5' title="bbox 475 791 603 831">
     <span class='ocr_line' id='line_1_5' title="bbox 475 791 603 831; baseline 0.008 -11"><span class='ocrx_word' id='word_1_18' title='bbox 475 791 556 820; x_wconf 71' lang='lat' dir='ltr'>febr.</span> <span class='ocrx_word' id='word_1_19' title='bbox 575 800 603 831; x_wconf 86' lang='lat'>5.</span> 
     </span>
    </p>
   </div>
   <div class='ocr_carea' id='block_1_6' title="bbox 450 1654 600 1685">
    <p class='ocr_par' dir='ltr' id='par_1_6' title="bbox 450 1654 600 1685">
     <span class='ocr_line' id='line_1_6' title="bbox 450 1654 600 1685; baseline 0.013 -2"><span class='ocrx_word' id='word_1_20' title='bbox 450 1654 534 1684; x_wconf 83' lang='lat' dir='ltr'>Febr.</span> <span class='ocrx_word' id='word_1_21' title='bbox 551 1664 600 1685; x_wconf 89' lang='lat'>20.</span> 
     </span>
    </p>
   </div>
   <div class='ocr_carea' id='block_1_7' title="bbox 465 2084 598 2124">
    <p class='ocr_par' dir='ltr' id='par_1_7' title="bbox 465 2084 598 2124">
     <span class='ocr_line' id='line_1_7' title="bbox 465 2084 598 2124; baseline 0.015 -12"><span class='ocrx_word' id='word_1_22' title='bbox 465 2084 551 2113; x_wconf 81' lang='lat' dir='ltr'>Mart.</span> <span class='ocrx_word' id='word_1_23' title='bbox 569 2094 598 2124; x_wconf 90' lang='lat'>9.</span> 
     </span>
    </p>
   </div>
   <div class='ocr_carea' id='block_1_8' title="bbox 443 2517 596 2556">
    <p class='ocr_par' dir='ltr' id='par_1_8' title="bbox 443 2517 596 2556">
     <span class='ocr_line' id='line_1_8' title="bbox 443 2517 596 2556; baseline 0 -11"><span class='ocrx_word' id='word_1_24' title='bbox 443 2517 531 2546; x_wconf 84' lang='lat' dir='ltr'>Mart.</span> <span class='ocrx_word' id='word_1_25' title='bbox 550 2526 565 2556; x_wconf 83' lang='lat'>3</span> <span class='ocrx_word' id='word_1_26' title='bbox 573 2526 583 2546; x_wconf 88' lang='lat'>1</span> <span class='ocrx_word' id='word_1_27' title='bbox 590 2540 596 2545; x_wconf 94' lang='lat'>.</span> 
     </span>
    </p>
   </div>
   <div class='ocr_carea' id='block_1_9' title="bbox 616 422 2011 2636">
    <p class='ocr_par' dir='ltr' id='par_1_9' title="bbox 626 422 2011 557">
     <span class='ocr_line' id='line_1_9' title="bbox 627 422 2011 488; baseline 0.006 -22"><span class='ocrx_word' id='word_1_28' title='bbox 627 422 688 466; x_wconf 89' lang='lat' dir='ltr'>vit</span> <span class='ocrx_word' id='word_1_29' title='bbox 713 422 880 467; x_wconf 78' lang='lat' dir='ltr'>nostros</span> <span class='ocrx_word' id='word_1_30' title='bbox 904 425 948 469; x_wconf 69' lang='grc' dir='ltr'>ὃς</span> <span class='ocrx_word' id='word_1_31' title='bbox 973 423 1101 469; x_wconf 85' lang='lat' dir='ltr'>dixit:</span> <span class='ocrx_word' id='word_1_32' title='bbox 1151 428 1302 480; x_wconf 80' lang='lat' dir='ltr'>Venite,</span> <span class='ocrx_word' id='word_1_33' title='bbox 1339 429 1431 484; x_wconf 74' lang='lat' dir='ltr'>quia</span> <span class='ocrx_word' id='word_1_34' title='bbox 1464 430 1628 487; x_wconf 78' lang='lat' dir='ltr'>Pagani</span> <span class='ocrx_word' id='word_1_35' title='bbox 1641 431 1794 488; x_wconf 76' lang='lat' dir='ltr'>fugam</span> <span class='ocrx_word' id='word_1_36' title='bbox 1826 447 2011 488; x_wconf 80' lang='lat' dir='ltr'>ceperunt</span> 
     </span>
     <span class='ocr_line' id='line_1_10' title="bbox 626 492 1617 557; baseline 0.006 -21"><span class='ocrx_word' id='word_1_37' title='bbox 626 492 666 536; x_wconf 59' lang='lat' dir='ltr'>E*</span> <span class='ocrx_word' id='word_1_38' title='bbox 691 512 870 555; x_wconf 78' lang='lat' dir='ltr'>campum</span> <span class='ocrx_word' id='word_1_39' title='bbox 893 514 977 540; x_wconf 84' lang='lat' dir='ltr'>cum</span> <span class='ocrx_word' id='word_1_40' title='bbox 1007 498 1186 539; x_wconf 83' lang='lat' dir='ltr'>omnibus</span> <span class='ocrx_word' id='word_1_41' title='bbox 1211 498 1325 540; x_wconf 82' lang='lat' dir='ltr'>bonis</span> <span class='ocrx_word' id='word_1_42' title='bbox 1349 498 1617 557; x_wconf 80' lang='lat' dir='ltr'>dimiserunt!</span> 
     </span>
    </p>

    <p class='ocr_par' dir='ltr' id='par_1_10' title="bbox 620 565 2011 1203">
     <span class='ocr_line' id='line_1_11' title="bbox 690 565 2009 630; baseline 0.005 -20"><span class='ocrx_word' id='word_1_43' title='bbox 690 565 803 611; x_wconf 87' lang='lat' dir='ltr'>XVI.</span> <span class='ocrx_word' id='word_1_44' title='bbox 829 566 955 612; x_wconf 89' lang='lat' dir='ltr'>Tunc</span> <span class='ocrx_word' id='word_1_45' title='bbox 982 566 1188 612; x_wconf 80' lang='lat' dir='ltr'>intellexit</span> <span class='ocrx_word' id='word_1_46' title='bbox 1218 566 1466 612; x_wconf 85' lang='lat' dir='ltr'>christianus</span> <span class='ocrx_word' id='word_1_47' title='bbox 1492 569 1714 627; x_wconf 83' lang='lat' dir='ltr'>exercitus,</span> <span class='ocrx_word' id='word_1_48' title='bbox 1746 568 1868 630; x_wconf 86' lang='lat' dir='ltr'>quod</span> <span class='ocrx_word' id='word_1_49' title='bbox 1894 570 2009 616; x_wconf 84' lang='lat' dir='ltr'>Cru-</span> 
     </span>
     <span class='ocr_line' id='line_1_12' title="bbox 625 636 2010 703; baseline 0.004 -22"><span class='ocrx_word' id='word_1_50' title='bbox 625 636 772 682; x_wconf 84' lang='lat' dir='ltr'>cifixus</span> <span class='ocrx_word' id='word_1_51' title='bbox 800 636 971 682; x_wconf 77' lang='lat' dir='ltr'>mififfet</span> <span class='ocrx_word' id='word_1_52' title='bbox 1002 639 1099 682; x_wconf 88' lang='lat' dir='ltr'>suos</span> <span class='ocrx_word' id='word_1_53' title='bbox 1130 638 1286 684; x_wconf 85' lang='lat' dir='ltr'>milites</span> <span class='ocrx_word' id='word_1_54' title='bbox 1323 638 1379 683; x_wconf 88' lang='lat' dir='ltr'>ad</span> <span class='ocrx_word' id='word_1_55' title='bbox 1413 638 1760 703; x_wconf 84' lang='lat' dir='ltr'>expugnandum</span> <span class='ocrx_word' id='word_1_56' title='bbox 1784 641 1895 699; x_wconf 81' lang='lat' dir='ltr'>illos,</span> <span class='ocrx_word' id='word_1_57' title='bbox 1937 642 2010 703; x_wconf 89' lang='lat' dir='ltr'>qui</span> 
     </span>
     <span class='ocr_line' id='line_1_13' title="bbox 624 708 2010 769; baseline 0.003 -15"><span class='ocrx_word' id='word_1_58' title='bbox 624 726 716 754; x_wconf 91' lang='lat' dir='ltr'>non</span> <span class='ocrx_word' id='word_1_59' title='bbox 750 708 1029 755; x_wconf 82' lang='lat' dir='ltr'>crediderunt</span> <span class='ocrx_word' id='word_1_60' title='bbox 1056 711 1099 754; x_wconf 89' lang='lat' dir='ltr'>in</span> <span class='ocrx_word' id='word_1_61' title='bbox 1129 728 1243 768; x_wconf 82' lang='lat' dir='ltr'>eum,</span> <span class='ocrx_word' id='word_1_62' title='bbox 1278 712 1323 756; x_wconf 72' lang='grc' dir='ltr'>ὅ(</span> <span class='ocrx_word' id='word_1_63' title='bbox 1356 710 1586 756; x_wconf 82' lang='lat' dir='ltr'>Christiani</span> <span class='ocrx_word' id='word_1_64' title='bbox 1621 711 1886 769; x_wconf 75' lang='lat' dir='ltr'>transierunt,</span> <span class='ocrx_word' id='word_1_65' title='bbox 1921 713 2010 758; x_wconf 89' lang='lat' dir='ltr'>lau-</span> 
     </span>
     <span class='ocr_line' id='line_1_14' title="bbox 624 780 2011 845; baseline 0.003 -20"><span class='ocrx_word' id='word_1_66' title='bbox 624 780 776 826; x_wconf 79' lang='lat' dir='ltr'>dantes</span> <span class='ocrx_word' id='word_1_67' title='bbox 809 781 1028 826; x_wconf 79' lang='lat' dir='ltr'>Christum</span> <span class='ocrx_word' id='word_1_68' title='bbox 1064 783 1108 826; x_wconf 67' lang='grc' dir='ltr'>ὃς</span> <span class='ocrx_word' id='word_1_69' title='bbox 1138 783 1314 827; x_wconf 80' lang='lat' dir='ltr'>Beatam</span> <span class='ocrx_word' id='word_1_70' title='bbox 1340 783 1576 845; x_wconf 64' lang='lat' dir='ltr'>Agmhem,</span> <span class='ocrx_word' id='word_1_71' title='bbox 1598 792 1608 812; x_wconf 86' lang='lat'>¹</span> <span class='ocrx_word' id='word_1_72' title='bbox 1641 785 1686 828; x_wconf 92' lang='lat' dir='ltr'>in</span> <span class='ocrx_word' id='word_1_73' title='bbox 1715 800 1804 845; x_wconf 87' lang='lat' dir='ltr'>quo</span> <span class='ocrx_word' id='word_1_74' title='bbox 1830 783 1899 829; x_wconf 85' lang='lat' dir='ltr'>die</span> <span class='ocrx_word' id='word_1_75' title='bbox 1924 784 2011 829; x_wconf 87' lang='lat' dir='ltr'>hoc</span> 
     </span>
     <span class='ocr_line' id='line_1_15' title="bbox 623 852 2010 918; baseline 0.003 -21"><span class='ocrx_word' id='word_1_76' title='bbox 623 853 715 909; x_wconf 80' lang='lat' dir='ltr'>fuit,</span> <span class='ocrx_word' id='word_1_77' title='bbox 740 854 785 897; x_wconf 71' lang='grc' dir='ltr'>δε</span> <span class='ocrx_word' id='word_1_78' title='bbox 814 852 936 897; x_wconf 89' lang='lat' dir='ltr'>multi</span> <span class='ocrx_word' id='word_1_79' title='bbox 961 853 1197 911; x_wconf 75' lang='lat' dir='ltr'>Sarmeeni,</span> <span class='ocrx_word' id='word_1_80' title='bbox 1233 855 1307 915; x_wconf 85' lang='lat' dir='ltr'>qui</span> <span class='ocrx_word' id='word_1_81' title='bbox 1339 854 1490 918; x_wconf 84' lang='lat' dir='ltr'>fugam</span> <span class='ocrx_word' id='word_1_82' title='bbox 1516 856 1771 913; x_wconf 83' lang='lat' dir='ltr'>nescierunt,</span> <span class='ocrx_word' id='word_1_83' title='bbox 1797 856 2010 902; x_wconf 71' lang='lat' dir='ltr'>interfeffl</span> 
     </span>
     <span class='ocr_line' id='line_1_16' title="bbox 623 925 2010 989; baseline 0.003 -20"><span class='ocrx_word' id='word_1_84' title='bbox 623 925 810 983; x_wconf 74' lang='lat' dir='ltr'>fuerunt,</span> <span class='ocrx_word' id='word_1_85' title='bbox 848 925 892 969; x_wconf 69' lang='grc' dir='ltr'>ὃς</span> <span class='ocrx_word' id='word_1_86' title='bbox 928 940 1042 968; x_wconf 85' lang='lat' dir='ltr'>totus</span> <span class='ocrx_word' id='word_1_87' title='bbox 1079 925 1286 970; x_wconf 81' lang='lat' dir='ltr'>exercitus</span> <span class='ocrx_word' id='word_1_88' title='bbox 1312 926 1454 971; x_wconf 82' lang='lat' dir='ltr'>noster</span> <span class='ocrx_word' id='word_1_89' title='bbox 1481 943 1711 972; x_wconf 84' lang='lat' dir='ltr'>renovatus</span> <span class='ocrx_word' id='word_1_90' title='bbox 1736 927 1793 972; x_wconf 88' lang='lat' dir='ltr'>est</span> <span class='ocrx_word' id='word_1_91' title='bbox 1817 944 1842 972; x_wconf 90' lang='lat' dir='ltr'>a</span> <span class='ocrx_word' id='word_1_92' title='bbox 1864 927 2010 989; x_wconf 84' lang='lat' dir='ltr'>spoliis</span> 
     </span>
     <span class='ocr_line' id='line_1_17' title="bbox 620 994 2010 1060; baseline 0.002 -20"><span class='ocrx_word' id='word_1_93' title='bbox 620 1013 791 1053; x_wconf 83' lang='lat' dir='ltr'>eorum,</span> <span class='ocrx_word' id='word_1_94' title='bbox 827 996 871 1040; x_wconf 76' lang='grc' dir='ltr'>ὅ(</span> <span class='ocrx_word' id='word_1_95' title='bbox 902 994 1108 1041; x_wconf 82' lang='lat' dir='ltr'>dominus</span> <span class='ocrx_word' id='word_1_96' title='bbox 1140 996 1307 1059; x_wconf 83' lang='lat' dir='ltr'>legatus</span> <span class='ocrx_word' id='word_1_97' title='bbox 1333 998 1527 1060; x_wconf 78' lang='lat' dir='ltr'><strong>precepit</strong></span> <span class='ocrx_word' id='word_1_98' title='bbox 1553 996 1759 1044; x_wconf 69' lang='lat' dir='ltr'>fossatum</span> <span class='ocrx_word' id='word_1_99' title='bbox 1787 999 1901 1044; x_wconf 83' lang='lat' dir='ltr'>circa</span> <span class='ocrx_word' id='word_1_100' title='bbox 1929 1016 2010 1043; x_wconf 84' lang='lat' dir='ltr'>nos</span> 
     </span>
     <span class='ocr_line' id='line_1_18' title="bbox 621 1065 2011 1129; baseline 0.003 -17"><span class='ocrx_word' id='word_1_101' title='bbox 621 1065 875 1113; x_wconf 88' lang='lat' dir='ltr'>faciendum</span> <span class='ocrx_word' id='word_1_102' title='bbox 899 1068 944 1111; x_wconf 73' lang='grc' dir='ltr'>ὅ(</span> <span class='ocrx_word' id='word_1_103' title='bbox 972 1083 1157 1129; x_wconf 86' lang='lat' dir='ltr'>pontem</span> <span class='ocrx_word' id='word_1_104' title='bbox 1191 1069 1235 1112; x_wconf 89' lang='lat' dir='ltr'>in</span> <span class='ocrx_word' id='word_1_105' title='bbox 1260 1067 1453 1127; x_wconf 77' lang='lat' dir='ltr'>flumine,</span> <span class='ocrx_word' id='word_1_106' title='bbox 1492 1071 1537 1115; x_wconf 68' lang='grc' dir='ltr'>ὃς</span> <span class='ocrx_word' id='word_1_107' title='bbox 1572 1068 1626 1114; x_wconf 75' lang='lat' dir='ltr'>fic</span> <span class='ocrx_word' id='word_1_108' title='bbox 1651 1069 1921 1116; x_wconf 83' lang='lat' dir='ltr'>circumdata</span> <span class='ocrx_word' id='word_1_109' title='bbox 1953 1070 2011 1115; x_wconf 92' lang='lat' dir='ltr'>est</span> 
     </span>
     <span class='ocr_line' id='line_1_19' title="bbox 621 1139 1903 1203; baseline 0.004 -20"><span class='ocrx_word' id='word_1_110' title='bbox 621 1139 843 1197; x_wconf 78' lang='lat' dir='ltr'>Damiata‚</span> <span class='ocrx_word' id='word_1_111' title='bbox 870 1139 992 1201; x_wconf 84' lang='lat' dir='ltr'>quod</span> <span class='ocrx_word' id='word_1_112' title='bbox 1016 1157 1096 1185; x_wconf 92' lang='lat' dir='ltr'>nec</span> <span class='ocrx_word' id='word_1_113' title='bbox 1121 1141 1248 1194; x_wconf 80' lang='lat' dir='ltr'>exire,</span> <span class='ocrx_word' id='word_1_114' title='bbox 1277 1157 1358 1186; x_wconf 90' lang='lat' dir='ltr'>nec</span> <span class='ocrx_word' id='word_1_115' title='bbox 1384 1142 1539 1186; x_wconf 85' lang='lat' dir='ltr'>intrare</span> <span class='ocrx_word' id='word_1_116' title='bbox 1559 1158 1692 1187; x_wconf 87' lang='lat' dir='ltr'>nemo</span> <span class='ocrx_word' id='word_1_117' title='bbox 1718 1158 1903 1203; x_wconf 82' lang='lat' dir='ltr'>poterat.</span> 
     </span>
    </p>

    <p class='ocr_par' dir='ltr' id='par_1_11' title="bbox 619 1209 2010 1615">
     <span class='ocr_line' id='line_1_20' title="bbox 683 1209 2010 1275; baseline 0.004 -21"><span class='ocrx_word' id='word_1_118' title='bbox 683 1209 813 1257; x_wconf 87' lang='lat' dir='ltr'>XVII.</span> <span class='ocrx_word' id='word_1_119' title='bbox 840 1213 1093 1275; x_wconf 81' lang='lat' dir='ltr'>Sciatisque‚</span> <span class='ocrx_word' id='word_1_120' title='bbox 1129 1211 1250 1274; x_wconf 83' lang='lat' dir='ltr'>quod</span> <span class='ocrx_word' id='word_1_121' title='bbox 1286 1211 1340 1257; x_wconf 89' lang='lat' dir='ltr'>de</span> <span class='ocrx_word' id='word_1_122' title='bbox 1366 1210 1562 1258; x_wconf 57' lang='lat' dir='ltr'>bii&#39;cocffo</span> <span class='ocrx_word' id='word_1_123' title='bbox 1585 1214 1630 1257; x_wconf 68' lang='grc' dir='ltr'>ὃς</span> <span class='ocrx_word' id='word_1_124' title='bbox 1656 1211 1710 1257; x_wconf 91' lang='lat' dir='ltr'>de</span> <span class='ocrx_word' id='word_1_125' title='bbox 1735 1211 1859 1258; x_wconf 87' lang='lat' dir='ltr'>lardo</span> <span class='ocrx_word' id='word_1_126' title='bbox 1885 1215 1930 1258; x_wconf 66' lang='grc' dir='ltr'>ὅς</span> <span class='ocrx_word' id='word_1_127' title='bbox 1955 1212 2010 1259; x_wconf 90' lang='lat' dir='ltr'>de</span> 
     </span>
     <span class='ocr_line' id='line_1_21' title="bbox 619 1279 2009 1347; baseline 0.004 -23"><span class='ocrx_word' id='word_1_128' title='bbox 619 1279 710 1325; x_wconf 88' lang='lat' dir='ltr'>aliis</span> <span class='ocrx_word' id='word_1_129' title='bbox 732 1282 987 1329; x_wconf 70' lang='lat' dir='ltr'>vitflualibus</span> <span class='ocrx_word' id='word_1_130' title='bbox 1007 1283 1314 1330; x_wconf 77' lang='lat' dir='ltr'>habundancia</span> <span class='ocrx_word' id='word_1_131' title='bbox 1336 1284 1413 1329; x_wconf 88' lang='lat' dir='ltr'>fuit</span> <span class='ocrx_word' id='word_1_132' title='bbox 1431 1285 1475 1330; x_wconf 87' lang='lat' dir='ltr'>in</span> <span class='ocrx_word' id='word_1_133' title='bbox 1497 1285 1699 1341; x_wconf 78' lang='lat' dir='ltr'>exercitu,</span> <span class='ocrx_word' id='word_1_134' title='bbox 1728 1284 1798 1330; x_wconf 87' lang='lat' dir='ltr'>sed</span> <span class='ocrx_word' id='word_1_135' title='bbox 1821 1284 1876 1330; x_wconf 90' lang='lat' dir='ltr'>de</span> <span class='ocrx_word' id='word_1_136' title='bbox 1895 1302 2009 1347; x_wconf 85' lang='lat' dir='ltr'>pane</span> 
     </span>
     <span class='ocr_line' id='line_1_22' title="bbox 619 1354 2008 1418; baseline 0.004 -22"><span class='ocrx_word' id='word_1_137' title='bbox 619 1354 781 1398; x_wconf 82' lang='lat' dir='ltr'>recenti</span> <span class='ocrx_word' id='word_1_138' title='bbox 804 1356 848 1399; x_wconf 72' lang='grc' dir='ltr'>ὅ(</span> <span class='ocrx_word' id='word_1_139' title='bbox 874 1354 928 1400; x_wconf 90' lang='lat' dir='ltr'>de</span> <span class='ocrx_word' id='word_1_140' title='bbox 965 1373 1093 1402; x_wconf 85' lang='lat' dir='ltr'>carne</span> <span class='ocrx_word' id='word_1_141' title='bbox 1117 1358 1163 1402; x_wconf 72' lang='grc' dir='ltr'>ὅ(</span> <span class='ocrx_word' id='word_1_142' title='bbox 1188 1355 1242 1401; x_wconf 92' lang='lat' dir='ltr'>de</span> <span class='ocrx_word' id='word_1_143' title='bbox 1268 1356 1372 1402; x_wconf 87' lang='lat' dir='ltr'>vino</span> <span class='ocrx_word' id='word_1_144' title='bbox 1399 1357 1599 1402; x_wconf 85' lang='lat' dir='ltr'>carencia</span> <span class='ocrx_word' id='word_1_145' title='bbox 1635 1356 1713 1402; x_wconf 89' lang='lat' dir='ltr'>fuit</span> <span class='ocrx_word' id='word_1_146' title='bbox 1738 1356 1846 1413; x_wconf 87' lang='lat' dir='ltr'>talis,</span> <span class='ocrx_word' id='word_1_147' title='bbox 1885 1356 2008 1418; x_wconf 90' lang='lat' dir='ltr'>quod</span> 
     </span>
     <span class='ocr_line' id='line_1_23' title="bbox 620 1426 2008 1491; baseline 0.003 -22"><span class='ocrx_word' id='word_1_148' title='bbox 620 1442 727 1469; x_wconf 89' lang='lat' dir='ltr'>unus</span> <span class='ocrx_word' id='word_1_149' title='bbox 752 1426 858 1471; x_wconf 85' lang='lat' dir='ltr'>aries</span> <span class='ocrx_word' id='word_1_150' title='bbox 877 1443 1155 1490; x_wconf 87' lang='lat' dir='ltr'>comparatus</span> <span class='ocrx_word' id='word_1_151' title='bbox 1180 1428 1258 1473; x_wconf 88' lang='lat' dir='ltr'>fuit</span> <span class='ocrx_word' id='word_1_152' title='bbox 1277 1445 1302 1472; x_wconf 81' lang='lat' dir='ltr'>x</span> <span class='ocrx_word' id='word_1_153' title='bbox 1321 1429 1468 1473; x_wconf 87' lang='lat' dir='ltr'>uncias</span> <span class='ocrx_word' id='word_1_154' title='bbox 1490 1428 1657 1491; x_wconf 79' lang='lat' dir='ltr'>argenti</span> <span class='ocrx_word' id='word_1_155' title='bbox 1676 1429 1721 1473; x_wconf 69' lang='grc' dir='ltr'>ὃς</span> <span class='ocrx_word' id='word_1_156' title='bbox 1744 1427 1908 1491; x_wconf 84' lang='lat' dir='ltr'>gallina</span> <span class='ocrx_word' id='word_1_157' title='bbox 1927 1444 2008 1473; x_wconf 82' lang='lat' dir='ltr'>tres</span> 
     </span>
     <span class='ocr_line' id='line_1_24' title="bbox 619 1494 2009 1561; baseline 0.003 -21"><span class='ocrx_word' id='word_1_158' title='bbox 619 1494 826 1542; x_wconf 87' lang='lat' dir='ltr'>bisantios</span> <span class='ocrx_word' id='word_1_159' title='bbox 851 1499 895 1543; x_wconf 72' lang='grc' dir='ltr'>δε</span> <span class='ocrx_word' id='word_1_160' title='bbox 922 1516 1058 1544; x_wconf 90' lang='lat' dir='ltr'>unum</span> <span class='ocrx_word' id='word_1_161' title='bbox 1083 1516 1216 1546; x_wconf 87' lang='lat' dir='ltr'>ovum</span> <span class='ocrx_word' id='word_1_162' title='bbox 1235 1500 1262 1557; x_wconf 91' lang='lat' dir='ltr'>ij</span> <span class='ocrx_word' id='word_1_163' title='bbox 1291 1498 1476 1558; x_wconf 79' lang='lat' dir='ltr'>solidos3</span> <span class='ocrx_word' id='word_1_164' title='bbox 1505 1498 1559 1544; x_wconf 91' lang='lat' dir='ltr'>de</span> <span class='ocrx_word' id='word_1_165' title='bbox 1584 1499 1688 1545; x_wconf 88' lang='lat' dir='ltr'>vino</span> <span class='ocrx_word' id='word_1_166' title='bbox 1714 1516 1805 1544; x_wconf 90' lang='lat' dir='ltr'>non</span> <span class='ocrx_word' id='word_1_167' title='bbox 1832 1497 2009 1561; x_wconf 77' lang='lat' dir='ltr'>possum</span> 
     </span>
     <span class='ocr_line' id='line_1_25' title="bbox 620 1566 977 1615; baseline 0.008 -3"><span class='ocrx_word' id='word_1_168' title='bbox 620 1566 744 1613; x_wconf 86' lang='lat' dir='ltr'>vobis</span> <span class='ocrx_word' id='word_1_169' title='bbox 769 1586 977 1615; x_wconf 84' lang='lat' dir='ltr'>enarrare.</span> 
     </span>
    </p>

    <p class='ocr_par' dir='ltr' id='par_1_12' title="bbox 617 1639 2008 2064">
     <span class='ocr_line' id='line_1_26' title="bbox 684 1639 2008 1704; baseline 0.002 -19"><span class='ocrx_word' id='word_1_170' title='bbox 684 1640 829 1686; x_wconf 86' lang='lat' dir='ltr'>XVIII.</span> <span class='ocrx_word' id='word_1_171' title='bbox 858 1640 902 1685; x_wconf 82' lang='lat' dir='ltr'>Et</span> <span class='ocrx_word' id='word_1_172' title='bbox 925 1642 1021 1704; x_wconf 87' lang='lat' dir='ltr'>post</span> <span class='ocrx_word' id='word_1_173' title='bbox 1040 1641 1234 1703; x_wconf 86' lang='lat' dir='ltr'>spacium</span> <span class='ocrx_word' id='word_1_174' title='bbox 1259 1640 1513 1704; x_wconf 89' lang='lat' dir='ltr'>quindecim</span> <span class='ocrx_word' id='word_1_175' title='bbox 1538 1640 1708 1686; x_wconf 81' lang='lat' dir='ltr'>dierum</span> <span class='ocrx_word' id='word_1_176' title='bbox 1734 1639 1938 1686; x_wconf 87' lang='lat' dir='ltr'>soldanus</span> <span class='ocrx_word' id='word_1_177' title='bbox 1963 1643 2008 1687; x_wconf 74' lang='grc' dir='ltr'>ὃ(</span> 
     </span>
     <span class='ocr_line' id='line_1_27' title="bbox 620 1710 2007 1775; baseline 0.002 -19"><span class='ocrx_word' id='word_1_178' title='bbox 620 1710 871 1761; x_wconf 77' lang='lat' dir='ltr'>Coradinus</span> <span class='ocrx_word' id='word_1_179' title='bbox 911 1731 1134 1760; x_wconf 86' lang='lat' dir='ltr'>venerunt.</span> <span class='ocrx_word' id='word_1_180' title='bbox 1179 1714 1306 1759; x_wconf 88' lang='lat' dir='ltr'>Tunc</span> <span class='ocrx_word' id='word_1_181' title='bbox 1342 1712 1549 1775; x_wconf 87' lang='lat' dir='ltr'>superbus</span> <span class='ocrx_word' id='word_1_182' title='bbox 1584 1710 1835 1758; x_wconf 80' lang='lat' dir='ltr'>Coradinus</span> <span class='ocrx_word' id='word_1_183' title='bbox 1879 1710 2007 1759; x_wconf 84' lang='lat' dir='ltr'>dixit:</span> 
     </span>
     <span class='ocr_line' id='line_1_28' title="bbox 622 1784 2008 1846; baseline -0.001 -16"><span class='ocrx_word' id='word_1_184' title='bbox 622 1788 659 1831; x_wconf 90' lang='lat' dir='ltr'><em>O</em></span> <span class='ocrx_word' id='word_1_185' title='bbox 686 1787 907 1844; x_wconf 76' lang='lat' dir='ltr'>Christiani</span> <span class='ocrx_word' id='word_1_186' title='bbox 931 1803 1027 1846; x_wconf 79' lang='lat' dir='ltr'>ergo</span> <span class='ocrx_word' id='word_1_187' title='bbox 1054 1803 1120 1830; x_wconf 79' lang='lat' dir='ltr'>aut</span> <span class='ocrx_word' id='word_1_188' title='bbox 1147 1803 1317 1846; x_wconf 71' lang='lat' dir='ltr'>oportet,</span> <span class='ocrx_word' id='word_1_189' title='bbox 1342 1803 1414 1830; x_wconf 85' lang='lat' dir='ltr'>nos</span> <span class='ocrx_word' id='word_1_190' title='bbox 1445 1787 1673 1830; x_wconf 64' lang='lat' dir='ltr'>mahumet</span> <span class='ocrx_word' id='word_1_191' title='bbox 1697 1801 1845 1845; x_wconf 80' lang='lat' dir='ltr'>negare</span> <span class='ocrx_word' id='word_1_192' title='bbox 1869 1784 1909 1829; x_wconf 52' lang='grc' dir='ltr'>δ’</span> <span class='ocrx_word' id='word_1_193' title='bbox 1934 1785 2008 1844; x_wconf 69' lang='lat' dir='ltr'>effe</span> 
     </span>
     <span class='ocr_line' id='line_1_29' title="bbox 620 1855 2007 1918; baseline -0.001 -15"><span class='ocrx_word' id='word_1_194' title='bbox 620 1860 888 1917; x_wconf 71' lang='lat' dir='ltr'>Christianos,</span> <span class='ocrx_word' id='word_1_195' title='bbox 925 1874 993 1902; x_wconf 74' lang='lat' dir='ltr'>aut</span> <span class='ocrx_word' id='word_1_196' title='bbox 1026 1876 1095 1903; x_wconf 86' lang='lat' dir='ltr'>vos</span> <span class='ocrx_word' id='word_1_197' title='bbox 1134 1859 1332 1917; x_wconf 77' lang='lat' dir='ltr'>Christum</span> <span class='ocrx_word' id='word_1_198' title='bbox 1364 1858 1404 1902; x_wconf 62' lang='grc' dir='ltr'><em>ὃ</em></span> <span class='ocrx_word' id='word_1_199' title='bbox 1438 1858 1512 1917; x_wconf 84' lang='lat' dir='ltr'>effe</span> <span class='ocrx_word' id='word_1_200' title='bbox 1551 1860 1757 1918; x_wconf 79' lang='lat' dir='ltr'>Paganos.</span> <span class='ocrx_word' id='word_1_201' title='bbox 1800 1855 1846 1900; x_wconf 82' lang='lat' dir='ltr'>Et</span> <span class='ocrx_word' id='word_1_202' title='bbox 1880 1874 2007 1903; x_wconf 87' lang='lat' dir='ltr'>vene-</span> 
     </span>
     <span class='ocr_line' id='line_1_30' title="bbox 618 1925 2004 1992; baseline -0.001 -18"><span class='ocrx_word' id='word_1_203' title='bbox 618 1946 717 1975; x_wconf 88' lang='lat' dir='ltr'>runt</span> <span class='ocrx_word' id='word_1_204' title='bbox 742 1929 867 1992; x_wconf 82' lang='lat' dir='ltr'>super</span> <span class='ocrx_word' id='word_1_205' title='bbox 892 1945 972 1973; x_wconf 86' lang='lat' dir='ltr'>nos</span> <span class='ocrx_word' id='word_1_206' title='bbox 998 1928 1052 1974; x_wconf 88' lang='lat' dir='ltr'>ab</span> <span class='ocrx_word' id='word_1_207' title='bbox 1071 1929 1142 1974; x_wconf 90' lang='lat' dir='ltr'>illa</span> <span class='ocrx_word' id='word_1_208' title='bbox 1166 1945 1303 1992; x_wconf 70' lang='lat' dir='ltr'>parte,</span> <span class='ocrx_word' id='word_1_209' title='bbox 1330 1927 1403 1974; x_wconf 87' lang='lat' dir='ltr'>ubi</span> <span class='ocrx_word' id='word_1_210' title='bbox 1429 1945 1521 1973; x_wconf 93' lang='lat' dir='ltr'>non</span> <span class='ocrx_word' id='word_1_211' title='bbox 1546 1944 1637 1974; x_wconf 84' lang='lat' dir='ltr'>erat</span> <span class='ocrx_word' id='word_1_212' title='bbox 1655 1925 1863 1972; x_wconf 80' lang='lat' dir='ltr'>foffatum</span> <span class='ocrx_word' id='word_1_213' title='bbox 1883 1944 2004 1973; x_wconf 91' lang='lat' dir='ltr'>com-</span> 
     </span>
     <span class='ocr_line' id='line_1_31' title="bbox 617 1998 1877 2064; baseline -0.001 -18"><span class='ocrx_word' id='word_1_214' title='bbox 617 2001 799 2064; x_wconf 82' lang='lat' dir='ltr'>pletum,</span> <span class='ocrx_word' id='word_1_215' title='bbox 827 2002 871 2045; x_wconf 66' lang='grc' dir='ltr'>ὃς</span> <span class='ocrx_word' id='word_1_216' title='bbox 897 2002 1059 2045; x_wconf 85' lang='lat' dir='ltr'>mortui</span> <span class='ocrx_word' id='word_1_217' title='bbox 1084 2000 1258 2046; x_wconf 83' lang='lat' dir='ltr'>fuerunt</span> <span class='ocrx_word' id='word_1_218' title='bbox 1285 1999 1340 2045; x_wconf 86' lang='lat' dir='ltr'>de</span> <span class='ocrx_word' id='word_1_219' title='bbox 1366 2001 1544 2063; x_wconf 81' lang='lat' dir='ltr'>Paganis</span> <span class='ocrx_word' id='word_1_220' title='bbox 1569 1998 1654 2045; x_wconf 82' lang='lat' dir='ltr'>fine</span> <span class='ocrx_word' id='word_1_221' title='bbox 1679 2016 1877 2045; x_wconf 76' lang='lat' dir='ltr'>numero,</span> 
     </span>
    </p>

    <p class='ocr_par' dir='ltr' id='par_1_13' title="bbox 616 2069 2007 2486">
     <span class='ocr_line' id='line_1_32' title="bbox 682 2069 2006 2118; baseline -0.002 0"><span class='ocrx_word' id='word_1_222' title='bbox 682 2072 914 2118; x_wconf 84' lang='lat' dir='ltr'>XIX-XXI.</span> <span class='ocrx_word' id='word_1_223' title='bbox 939 2075 1123 2117; x_wconf 86' lang='lat' dir='ltr'>Intrante</span> <span class='ocrx_word' id='word_1_224' title='bbox 1142 2072 1298 2117; x_wconf 82' lang='lat' dir='ltr'>Martio</span> <span class='ocrx_word' id='word_1_225' title='bbox 1319 2088 1443 2116; x_wconf 90' lang='lat' dir='ltr'>nono</span> <span class='ocrx_word' id='word_1_226' title='bbox 1464 2070 1534 2116; x_wconf 89' lang='lat' dir='ltr'>die</span> <span class='ocrx_word' id='word_1_227' title='bbox 1552 2071 1670 2117; x_wconf 89' lang='lat' dir='ltr'>venit</span> <span class='ocrx_word' id='word_1_228' title='bbox 1691 2069 1941 2116; x_wconf 86' lang='lat' dir='ltr'>Coradinus</span> <span class='ocrx_word' id='word_1_229' title='bbox 1961 2073 2006 2116; x_wconf 67' lang='grc' dir='ltr'>ὃς</span> 
     </span>
     <span class='ocr_line' id='line_1_33' title="bbox 617 2142 2007 2207; baseline -0.001 -18"><span class='ocrx_word' id='word_1_230' title='bbox 617 2144 745 2189; x_wconf 80' lang='lat' dir='ltr'>frater</span> <span class='ocrx_word' id='word_1_231' title='bbox 775 2146 864 2189; x_wconf 86' lang='lat' dir='ltr'>eius</span> <span class='ocrx_word' id='word_1_232' title='bbox 901 2143 1104 2190; x_wconf 90' lang='lat' dir='ltr'>soldanus</span> <span class='ocrx_word' id='word_1_233' title='bbox 1141 2160 1242 2190; x_wconf 92' lang='lat' dir='ltr'>cum</span> <span class='ocrx_word' id='word_1_234' title='bbox 1278 2161 1371 2189; x_wconf 89' lang='lat' dir='ltr'>tota</span> <span class='ocrx_word' id='word_1_235' title='bbox 1395 2161 1526 2207; x_wconf 85' lang='lat' dir='ltr'>gente</span> <span class='ocrx_word' id='word_1_236' title='bbox 1563 2160 1718 2188; x_wconf 89' lang='lat' dir='ltr'>eorum</span> <span class='ocrx_word' id='word_1_237' title='bbox 1740 2144 1786 2187; x_wconf 72' lang='grc' dir='ltr'>ὅ(</span> <span class='ocrx_word' id='word_1_238' title='bbox 1812 2142 2007 2188; x_wconf 88' lang='lat' dir='ltr'>fecerunt</span> 
     </span>
     <span class='ocr_line' id='line_1_34' title="bbox 617 2213 2005 2276; baseline -0.001 -16"><span class='ocrx_word' id='word_1_239' title='bbox 617 2217 856 2261; x_wconf 87' lang='lat' dir='ltr'>tentorium</span> <span class='ocrx_word' id='word_1_240' title='bbox 892 2233 1029 2262; x_wconf 88' lang='lat' dir='ltr'>unum</span> <span class='ocrx_word' id='word_1_241' title='bbox 1068 2232 1168 2261; x_wconf 87' lang='lat' dir='ltr'>ante</span> <span class='ocrx_word' id='word_1_242' title='bbox 1211 2232 1292 2260; x_wconf 88' lang='lat' dir='ltr'>nos</span> <span class='ocrx_word' id='word_1_243' title='bbox 1325 2217 1371 2261; x_wconf 69' lang='grc' dir='ltr'>ὃς</span> <span class='ocrx_word' id='word_1_244' title='bbox 1401 2214 1462 2261; x_wconf 88' lang='lat' dir='ltr'>ibi</span> <span class='ocrx_word' id='word_1_245' title='bbox 1497 2213 1786 2260; x_wconf 87' lang='lat' dir='ltr'>comederunt</span> <span class='ocrx_word' id='word_1_246' title='bbox 1823 2214 2005 2276; x_wconf 82' lang='lat' dir='ltr'>gallinas</span> 
     </span>
     <span class='ocr_line' id='line_1_35' title="bbox 618 2285 2005 2350; baseline 0 -19"><span class='ocrx_word' id='word_1_247' title='bbox 618 2285 723 2333; x_wconf 91' lang='lat' dir='ltr'>duas</span> <span class='ocrx_word' id='word_1_248' title='bbox 748 2304 930 2350; x_wconf 84' lang='lat' dir='ltr'>propter</span> <span class='ocrx_word' id='word_1_249' title='bbox 953 2288 1288 2345; x_wconf 77' lang='lat' dir='ltr'>sacramentum,</span> <span class='ocrx_word' id='word_1_250' title='bbox 1326 2286 1448 2348; x_wconf 84' lang='lat' dir='ltr'>quod</span> <span class='ocrx_word' id='word_1_251' title='bbox 1473 2287 1575 2332; x_wconf 85' lang='lat' dir='ltr'>fecit</span> <span class='ocrx_word' id='word_1_252' title='bbox 1600 2285 1866 2344; x_wconf 78' lang='lat' dir='ltr'>Coradinus‚</span> <span class='ocrx_word' id='word_1_253' title='bbox 1904 2286 2005 2348; x_wconf 87' lang='lat' dir='ltr'>quia</span> 
     </span>
     <span class='ocr_line' id='line_1_36' title="bbox 616 2356 2004 2405; baseline -0.003 0"><span class='ocrx_word' id='word_1_254' title='bbox 616 2358 794 2405; x_wconf 88' lang='lat' dir='ltr'>volebat</span> <span class='ocrx_word' id='word_1_255' title='bbox 818 2377 917 2405; x_wconf 88' lang='lat' dir='ltr'>ante</span> <span class='ocrx_word' id='word_1_256' title='bbox 938 2357 1145 2404; x_wconf 85' lang='lat' dir='ltr'>foffatum</span> <span class='ocrx_word' id='word_1_257' title='bbox 1164 2359 1358 2404; x_wconf 84' lang='lat' dir='ltr'>nostrum</span> <span class='ocrx_word' id='word_1_258' title='bbox 1379 2376 1552 2404; x_wconf 85' lang='lat' dir='ltr'>manere</span> <span class='ocrx_word' id='word_1_259' title='bbox 1574 2357 1630 2403; x_wconf 87' lang='lat' dir='ltr'>ad</span> <span class='ocrx_word' id='word_1_260' title='bbox 1650 2356 1839 2403; x_wconf 80' lang='lat' dir='ltr'>dedecus</span> <span class='ocrx_word' id='word_1_261' title='bbox 1861 2357 2004 2404; x_wconf 82' lang='lat' dir='ltr'>Chris-</span> 
     </span>
     <span class='ocr_line' id='line_1_37' title="bbox 617 2430 1651 2486; baseline -0.002 -10"><span class='ocrx_word' id='word_1_262' title='bbox 617 2433 854 2486; x_wconf 78' lang='lat' dir='ltr'>tianorum,</span> <span class='ocrx_word' id='word_1_263' title='bbox 880 2433 925 2476; x_wconf 69' lang='grc' dir='ltr'>ὃς</span> <span class='ocrx_word' id='word_1_264' title='bbox 950 2432 1112 2476; x_wconf 86' lang='lat' dir='ltr'>mortui</span> <span class='ocrx_word' id='word_1_265' title='bbox 1138 2430 1309 2475; x_wconf 82' lang='lat' dir='ltr'>fuerunt</span> <span class='ocrx_word' id='word_1_266' title='bbox 1334 2447 1385 2475; x_wconf 86' lang='lat' dir='ltr'>ex</span> <span class='ocrx_word' id='word_1_267' title='bbox 1408 2430 1489 2474; x_wconf 90' lang='lat' dir='ltr'>illis</span> <span class='ocrx_word' id='word_1_268' title='bbox 1514 2430 1651 2474; x_wconf 89' lang='lat' dir='ltr'>multi.</span> 
     </span>
    </p>

    <p class='ocr_par' dir='ltr' id='par_1_14' title="bbox 619 2500 2004 2636">
     <span class='ocr_line' id='line_1_38' title="bbox 682 2500 2001 2564; baseline -0.002 -16"><span class='ocrx_word' id='word_1_269' title='bbox 682 2503 812 2548; x_wconf 85' lang='lat' dir='ltr'>XXII.</span> <span class='ocrx_word' id='word_1_270' title='bbox 856 2506 899 2547; x_wconf 91' lang='lat' dir='ltr'>In</span> <span class='ocrx_word' id='word_1_271' title='bbox 930 2501 1000 2547; x_wconf 91' lang='lat' dir='ltr'>die</span> <span class='ocrx_word' id='word_1_272' title='bbox 1039 2519 1144 2548; x_wconf 84' lang='lat' dir='ltr'>vero</span> <span class='ocrx_word' id='word_1_273' title='bbox 1168 2503 1293 2547; x_wconf 87' lang='lat' dir='ltr'>Rami</span> <span class='ocrx_word' id='word_1_274' title='bbox 1317 2502 1576 2564; x_wconf 80' lang='lat' dir='ltr'>palmarum,</span> <span class='ocrx_word' id='word_1_275' title='bbox 1610 2502 1744 2546; x_wconf 89' lang='lat' dir='ltr'>sciens</span> <span class='ocrx_word' id='word_1_276' title='bbox 1775 2500 2001 2558; x_wconf 82' lang='lat' dir='ltr'>soldanus,</span> 
     </span>
     <span class='ocr_line' id='line_1_39' title="bbox 619 2572 2004 2636; baseline -0.001 -17"><span class='ocrx_word' id='word_1_277' title='bbox 619 2574 742 2636; x_wconf 84' lang='lat' dir='ltr'>quod</span> <span class='ocrx_word' id='word_1_278' title='bbox 766 2572 1022 2620; x_wconf 86' lang='lat' dir='ltr'>volebamus</span> <span class='ocrx_word' id='word_1_279' title='bbox 1042 2574 1195 2619; x_wconf 86' lang='lat' dir='ltr'>festum</span> <span class='ocrx_word' id='word_1_280' title='bbox 1214 2572 1443 2629; x_wconf 83' lang='lat' dir='ltr'>celebrate,</span> <span class='ocrx_word' id='word_1_281' title='bbox 1471 2573 1654 2634; x_wconf 83' lang='lat' dir='ltr'>qualiter</span> <span class='ocrx_word' id='word_1_282' title='bbox 1672 2573 1865 2618; x_wconf 85' lang='lat' dir='ltr'>Christus</span> <span class='ocrx_word' id='word_1_283' title='bbox 1885 2574 2004 2618; x_wconf 92' lang='lat' dir='ltr'>venit</span> 
     </span>
    </p>
   </div>
   <div class='ocr_carea' id='block_1_10' title="bbox 671 2730 992 2773">
    <p class='ocr_par' dir='ltr' id='par_1_15' title="bbox 671 2730 992 2773">
     <span class='ocr_line' id='line_1_40' title="bbox 671 2730 992 2773; baseline 0.003 -13"><span class='ocrx_word' id='word_1_284' title='bbox 671 2742 681 2760; x_wconf 93' lang='lat'>1</span> <span class='ocrx_word' id='word_1_285' title='bbox 710 2731 784 2763; x_wconf 41' lang='lat' dir='ltr'>Coti.</span> <span class='ocrx_word' id='word_1_286' title='bbox 808 2730 992 2773; x_wconf 85' lang='lat' dir='ltr'>Agnetem.</span> 
     </span>
    </p>
   </div>
   <div class='ocr_carea' id='block_1_11' title="bbox 2032 1010 2152 1049">
    <p class='ocr_par' dir='ltr' id='par_1_16' title="bbox 2032 1010 2152 1049">
     <span class='ocr_line' id='line_1_41' title="bbox 2032 1010 2152 1049; baseline 0 -10"><span class='ocrx_word' id='word_1_287' title='bbox 2032 1010 2049 1039; x_wconf 78' lang='lat' dir='ltr'>f.</span> <span class='ocrx_word' id='word_1_288' title='bbox 2070 1019 2102 1049; x_wconf 79' lang='lat'>31</span> <span class='ocrx_word' id='word_1_289' title='bbox 2125 1011 2152 1039; x_wconf 81' lang='lat' dir='ltr'>b.</span> 
     </span>
    </p>
   </div>
   <div class='ocr_carea' id='block_1_12' title="bbox 2207 145 2216 719">
    <p class='ocr_par' dir='ltr' id='par_1_17' title="bbox 2207 145 2216 719">
     <span class='ocr_line' id='line_1_42' title="bbox 2207 145 2216 719; baseline 0 0"><span class='ocrx_word' id='word_1_290' title='bbox 2207 145 2216 719; x_wconf 95' lang='lat' dir='ltr'> </span> 
     </span>
    </p>
   </div>
  </div>
 </body>
</html>
