2216 3435
640 285 706 318 DE
741 283 878 316 LOCIS
914 282 1133 316 SANCTIS.
1491 290 1580 336 197

208 433 339 494 usque
362 434 406 477 in
430 429 691 476 hodiernum
716 429 833 475 diem
857 427 1011 474 eadem
1031 427 1093 474 bis
1122 430 1358 490 quinorum
1384 431 1471 475 eius
1496 431 1584 476 ves-

207 503 311 565 tigia
335 501 573 565 digitorum
599 516 812 562 apparent
842 500 973 561 usque
998 498 1053 545 ad
1078 499 1240 545 radices
1265 501 1309 544 in
1341 517 1585 546 marmorea

207 573 463 619 insertorum
504 572 723 628 columna,
762 572 806 614 in
843 588 1030 632 quorum
1060 571 1161 616 loco
1193 571 1360 616 sancfius
1385 572 1585 616 Arculfus

208 644 304 688 suos
335 642 472 688 denos
496 642 697 705 proprios
729 642 901 686 inseruit
926 640 1100 704 digitos,
1127 640 1312 687 similiter
1342 641 1398 686 ad
1422 641 1587 687 radices

210 714 342 775 usque
387 715 605 759 intrantes,
655 711 847 758 Eiusdem
893 729 1070 774 quoque
1117 713 1372 758 homunculi
1417 713 1588 775 sanguis

209 785 322 846 equi,
360 785 478 829 cuius
509 800 618 829 coxa
646 784 690 827 in
723 783 979 845 pavimento
1005 784 1164 828 mortui
1198 782 1387 828 cadentis
1412 785 1456 828 in
1482 782 1589 828 duas

207 855 430 900 confratsta
454 855 512 900 est
534 870 690 917 partes,
722 854 842 899 nullo
868 853 1006 899 modo
1032 852 1147 899 ablui
1172 871 1244 899 aut
1269 853 1401 900 deleri
1426 855 1586 916 potuit,

207 925 279 971 sed
302 924 539 971 indelebilis
566 926 609 971 in
628 926 883 988 pavimento
909 924 1066 970 domus
1088 925 1220 987 usque
1240 924 1297 970 ad
1322 925 1464 970 nostra
1492 942 1587 987 per-

208 1013 359 1042 manet
384 1013 584 1059 tempora
606 995 725 1041 idem
750 997 929 1058 equinus
955 1013 1094 1041 cruor.

273 1067 418 1113 Aliam
453 1084 630 1129 quoque
663 1067 717 1112 de
737 1066 897 1112 eodem
921 1069 1122 1130 Georgio
1148 1065 1396 1112 confessore
1424 1083 1588 1113 certam

209 1139 464 1184 relationem
498 1136 623 1183 nobis
661 1139 827 1184 sancius
864 1138 1062 1183 Arculfus
1096 1138 1324 1197 intimavit,
1365 1155 1500 1200 quam
1534 1137 1590 1183 ab

210 1210 391 1272 expertis
428 1208 686 1271 quibusdam
721 1209 815 1254 satis
853 1208 1021 1254 idoneis
1059 1207 1348 1254 narratoribus
1387 1211 1429 1254 in
1466 1210 1591 1272 supra

212 1296 453 1326 memorata
471 1280 859 1341 Constantinopoli
884 1278 987 1325 urbe
1015 1278 1308 1325 indubitanter
1333 1279 1499 1339 didicit,
1521 1277 1592 1342 qui

213 1351 267 1397 de
290 1351 366 1396 illo
390 1351 539 1396 sancsto
566 1349 810 1396 confessore
834 1351 1124 1412 pronunciare
1144 1350 1254 1395 soliti
1277 1367 1412 1408 erant,
1442 1351 1588 1397 dicen-

209 1440 292 1468 tes:
319 1420 517 1485 Qidam
545 1421 748 1466 homolus
780 1421 989 1479 secularis,
1015 1421 1264 1483 Diospolim
1295 1423 1516 1468 civitatem
1540 1424 1584 1467 in

210 1511 325 1555 equo
357 1491 505 1538 sedens
534 1491 756 1555 ingreffus,
791 1510 844 1537 eo
878 1494 920 1536 in
953 1509 1165 1555 tempore,
1199 1509 1287 1554 quo
1320 1492 1376 1538 ad
1413 1492 1589 1555 expedi-

211 1564 376 1608 tionem
425 1561 673 1608 faciendam
718 1564 854 1608 multa
902 1563 1170 1625 populorum
1216 1563 1348 1609 millia
1395 1562 1588 1625 undique

212 1634 534 1681 conveniebant
565 1635 763 1692 6011εᾶ3,
794 1634 912 1679 illam
937 1633 1147 1679 accedens
1179 1635 1353 1680 intravit
1388 1633 1588 1691 domum,

210 1704 253 1748 in
289 1722 372 1766 qua
414 1706 538 1767 supra
572 1721 813 1751 memorata
846 1722 1092 1750 marmorea
1127 1705 1257 1750 exstat
1293 1705 1512 1764 columna,
1549 1707 1591 1751 in

211 1775 379 1821 fronte<1
403 1777 535 1822 sancli
565 1774 817 1821 confessoris
843 1777 1025 1839 Georgij
1051 1775 1213 1821 habens
1246 1776 1464 1839 depicflam
1487 1778 1592 1822 ima—

213 1847 375 1909 ginem,
414 1847 469 1892 ad
510 1865 642 1909 quarn
678 1845 792 1909 quafi
828 1847 883 1892 ad
915 1848 1155 1909 presentem
1185 1848 1431 1910 Georgium
1466 1848 1590 1910 loqui

215 1919 344 1980 cepit,
371 1917 535 1965 dicens:
563 1920 632 1964 Me
657 1917 749 1977 tibi,
775 1920 944 1981 Georgi
969 1917 1201 1976 confessor,
1228 1920 1272 1962 ὃς
1297 1936 1446 1964 meum
1468 1936 1590 1964 com-

213 1988 377 2034 mendo
411 2006 587 2051 equum,
618 2006 682 2046 ut,
713 2006 789 2051 per
820 1989 1071 2034 orationum
1108 1989 1309 2034 virtutem
1336 2006 1506 2035 tuarum
1537 1990 1591 2036 ab

214 2059 412 2106 universis
442 2059 656 2105 bellorum
688 2076 818 2120 atque
851 2058 1108 2105 morborum
1144 2077 1444 2122 aquarumque
1482 2063 1592 2123 peri-

211 2131 315 2176 culis
350 2130 528 2189 liberati,
568 2131 700 2177 ambo
738 2131 795 2176 ad
834 2132 946 2177 hanc
983 2132 1115 2192 usque
1150 2130 1300 2177 urbem
1335 2133 1429 2194 post
1466 2151 1592 2196 expe-

213 2202 389 2248 ditionis
431 2220 600 2266 tempus
642 2203 883 2248 incolumes
926 2201 1073 2248 reverfi
1114 2205 1440 2265 perveniarnu3‚
1482 2207 1527 2249 ὅ(
1565 2205 1591 2251 {i

214 2272 290 2319 tibi
324 2276 382 2319 ita
407 2275 524 2319 Deus
559 2274 794 2319 misericors
832 2275 1021 2319 nostram
1053 2274 1338 2321 reversionem
1366 2275 1595 2322 donaverit

215 2346 482 2408 prosperam,
509 2344 745 2390 secundum
766 2344 1062 2391 oblationemb
1088 2348 1226 2392 nostre
1250 2348 1483 2408 parvitati8‚
1505 2364 1591 2410 ego

216 2416 330 2462 hunc
361 2435 522 2475 meum,
554 2434 685 2478 quem
715 2416 841 2463 valde
871 2434 988 2475 amo,
1020 2434 1196 2479 equum,
1228 2419 1367 2480 ipsum
1399 2417 1475 2463 tibi
1511 2436 1590 2480 pro

217 2505 394 2533 munere
413 2486 671 2532 donandum
691 2487 871 2533 offeram
897 2489 940 2532 in
961 2489 1195 2550 conspeetu
1219 2505 1287 2534 tue
1312 2488 1591 2553 assignaturus

216 2559 411 2604 formule.
446 2557 617 2621 Qubus
649 2559 925 2604 sermunculis
959 2561 1078 2604 ocius
1110 2561 1368 2618 terminatis,
1406 2560 1591 2606 domum

216 2628 417 2692 egressus,
443 2632 550 2675 inter
570 2631 776 2675 exercitus
796 2629 1118 2676 multitudinem
1140 2647 1240 2676 cum
1265 2633 1414 2677 ceteris
1434 2649 1590 2678 contu-

216 2700 459 2747 bernalibus
495 2719 774 2760 commeans,
804 2701 923 2746 idem
957 2701 1196 2747 homuncio
1228 2704 1271 2748 in
1305 2703 1590 2767 expeditionis

263 2808 292 2829 a.
311 2797 338 2828 B
353 2811 362 2837 ς
380 2795 424 2828 al.
445 2796 474 2829 se
489 2803 550 2840 pro
571 2796 688 2829 fronte.
709 2816 749 2821 —
772 2797 802 2829 b.
822 2796 873 2829 Al.
895 2797 1077 2841 optionem.
