2216 3435
626 188 692 220 DE
717 187 898 220 TERRA
918 186 1138 220 sANCTA.
1511 188 1573 231 77

203 350 355 399 gerent
379 334 554 379 Philistei
584 333 782 380 adversus
817 349 907 390 eos,
945 332 1018 378 sed
1061 330 1347 377 circumduxit
1387 349 1461 377 eos
1501 348 1577 393 per

205 406 433 463 desertum,
459 404 580 466 quod
599 405 657 450 est
675 405 791 450 iuxta
814 423 920 449 mare
941 406 1133 465 szrum,
1154 419 1248 449 tum
1266 419 1347 465 pro
1367 402 1576 448 mandato

205 477 388 523 Domini
410 474 610 535 iubentis,
636 491 681 520 ut
704 475 893 537 populus
917 474 1143 520 duceretur
1166 473 1222 520 ad
1243 490 1445 518 montem
1463 474 1577 519 Sinai

204 546 260 593 ad
283 546 606 593 immolandum
633 548 686 606 ei,
720 562 813 592 tum
839 547 940 608 quia
960 545 987 591 s1
1007 546 1174 609 Egyptij
1201 543 1394 591 converfi
1420 544 1578 591 vellent

204 635 279 664 eos
298 618 514 680 prosequi,
540 618 741 663 timerent
764 633 944 679 propter
968 617 1238 679 asperitatem
1261 616 1341 662 vie.

268 689 352 747 Filij
372 690 501 752 igitur
525 688 646 734 Israel
674 688 858 751 profec‘ti
883 689 980 733 sunt
1025 705 1049 733 a
1078 689 1261 750 Ramqffe
1283 688 1328 732 in
1352 690 1513 743 sochot,
1533 689 1578 732 ὃς

205 760 258 806 de
279 759 444 806 Sochot
466 776 676 806 venerunt
699 761 742 804 in
767 763 925 815 Erizam,
954 776 1038 821 que
1064 759 1213 805 civitas
1238 775 1327 804 erat
1347 758 1511 804 deserta
1532 759 1576 802 in

205 832 346 894 capite
358 830 612 890 solitudinis,
626 845 709 893 que
723 849 748 876 a
764 830 946 893 Iosepho
962 830 1080 875 lucus
1095 829 1270 875 dicitur:
1296 828 1367 875 ubi
1381 831 1425 874 ὅ(
1443 827 1577 889 Baby-

206 903 358 948 lonem
382 903 481 965 post
505 901 732 948 conditam
764 901 925 947 dicunt.
954 903 1074 947 Dum
1101 899 1338 960 Cambyses
1365 901 1579 964 Egyptum

204 975 398 1033 vastaret,
419 991 505 1036 que
522 991 640 1020 nunc
658 978 788 1020 minor
801 974 858 1019 est
877 975 1102 1034 Babylonia
1121 974 1164 1017 in
1183 972 1367 1036 Egypm,
1386 973 1580 1035 precepit

204 1046 439 1104 Dominus,
459 1062 518 1104 ut,
538 1044 686 1092 reversi
705 1045 1022 1107 aliquantulum
1039 1044 1179 1090 versus
1197 1044 1428 1107 Egyprum,
1446 1044 1578 1090 castra

206 1132 469 1163 meterentur
506 1118 549 1162 in
585 1117 766 1180 regione
802 1120 1210 1177 Plzilzczlzirozlz‚‘¹que
1235 1116 1293 1160 est
1316 1116 1424 1160 inter
1454 1116 1576 1179 Mag-

203 1187 352 1234 dalum
369 1190 414 1234 &
436 1206 555 1233 mare
583 1204 734 1233 contra
754 1187 1032 1249 beelsephon.
1070 1187 1296 1247 Estcautem
1315 1188 1575 1248 magdalum

202 1260 349 1305 civitas
396 1261 440 1304 in
488 1258 682 1305 confinio
725 1258 892 1321 Egypti‚
939 1257 995 1303 ad
1049 1276 1182 1320 quam
1226 1257 1342 1303 Iudei
1378 1275 1577 1320 tempore

204 1331 391 1390 leremie,
417 1330 646 1376 interfecto
672 1328 885 1387 Godoha,
912 1330 1054 1392 primo
1083 1329 1388 1393 confugerunt.

267 1403 334 1448 Sic
374 1419 480 1465 ergo
523 1401 760 1464 posuerunt
793 1401 927 1446 castra
960 1401 1086 1463 supra
1118 1419 1226 1446 mare
1253 1404 1428 1462 ‘Kibrum
1449 1425 1462 1447 ,·
1485 1418 1578 1447 non

203 1474 303 1536 quia
323 1490 438 1535 aqua
460 1471 508 1518 fit
531 1471 673 1531 rubra,
698 1472 771 1518 sed
796 1473 938 1517 omnis
963 1489 1073 1518 terra
1097 1473 1389 1532 circumstans,
1413 1491 1463 1518 ex
1494 1490 1580 1534 qua

199 1562 357 1609 gurges
392 1543 623 1602 inficitur,b
654 1543 771 1590 unde
805 1544 990 1589 minium
1013 1543 1301 1589 acutiffimum
1325 1545 1577 1608 excerpitur.

203 1615 435 1678 Quidquid
459 1616 590 1661 etiam
613 1614 670 1661 ad
696 1615 815 1661 esum
845 1615 889 1660 in
912 1613 1111 1660 fluc‘tibus
1132 1616 1203 1674 est,
1236 1615 1352 1661 hunc
1383 1616 1580 1662 colorem

202 1687 444 1749 participat.
499 1686 584 1732 Illic
617 1704 795 1751 gemme
832 1685 958 1732 rubre
992 1687 1297 1745 inveniuntur,P
1319 1705 1403 1750 que
1443 1688 1578 1733 humo

203 1757 397 1804 involute
421 1759 466 1803 ὃς
490 1759 601 1803 inter
624 1775 773 1804 arenas
812 1775 1016 1804 concrete
1053 1774 1161 1804 terre
1190 1758 1388 1804 colorem
1417 1757 1579 1806 habent

202 1831 247 1875 ὃς
269 1830 409 1874 maris.
446 1830 550 1874 Hoc
589 1847 708 1875 mare
747 1830 791 1874 in
829 1828 935 1875 duas
956 1847 1097 1892 partes
1124 1830 1383 1876 secernitur:
1411 1848 1495 1893 que
1525 1829 1579 1876 ab

203 1901 367 1946 oriente
388 1906 502 1963 finus
542 1905 718 1963 Perficus
750 1900 1007 1963 appellatur,
1047 1902 1148 1963 quia
1176 1902 1292 1947 Perse
1330 1902 1417 1947 eius
1455 1919 1580 1948 oram

202 1970 461 2029 inhabitant,
486 1971 617 2017 altera
629 1978 741 2034 finus
766 1976 985 2029 cArabicus,
1008 1973 1108 2033 quia
1131 1973 1334 2035 perspicit
1356 1972 1577 2020 Arabiam.

270 2044 380 2089 Sane
403 2043 462 2087 ita
484 2045 693 2088 coercffari
718 2060 837 2089 erant
861 2043 933 2101 filij
961 2043 1094 2102 Israel,
1128 2044 1230 2105 quia
1264 2061 1314 2089 ex
1347 2061 1433 2090 una
1460 2061 1580 2107 parte

203 2130 324 2161 erant
352 2130 526 2160 montes
556 2114 777 2177 asperrimi
805 2117 850 2160 ὅς
879 2113 1164 2174 immeabiles,
1204 2132 1254 2160 ex
1283 2116 1415 2161 altera
1446 2134 1578 2162 mare.

202 2187 321 2232 Cum
342 2202 448 2249 ergo
470 2184 725 2231 extendisset
741 2186 910 2246 Moyses
930 2204 1126 2244 manum,
1145 2185 1264 2232 flavit
1284 2203 1436 2232 ventus
1454 2187 1580 2234 vehe-

201 2275 323 2303 mens
342 2258 388 2301 &
413 2257 627 2303 convertit
652 2274 813 2319 aquam
834 2259 877 2302 in
903 2256 1060 2303 siccum
1087 2256 1359 2320 divisumque
1381 2259 1439 2304 est
1463 2277 1581 2305 mare

202 2330 244 2373 in
271 2327 507 2373 duodecim
527 2327 769 2387 divisiones,
791 2340 862 2374 uts
886 2346 1147 2391 unaqueque
1173 2328 1304 2375 tribus
1326 2348 1401 2392 per
1420 2346 1581 2377 turmas

203 2400 295 2445 suas
319 2398 548 2445 incederet.
590 2399 674 2457 filij
704 2401 835 2464 igitur
862 2400 980 2446 Israel
1006 2399 1246 2446 secundum
1272 2401 1499 2465 losephum
1524 2402 1580 2449 ad

204 2469 541 2533 contraposltam
577 2487 733 2517 terram
777 2488 1000 2519 venerunt.
1057 2470 1219 2517 Hebrei
1251 2490 1355 2519 vero
1392 2473 1580 2533 tradunt,

202 2541 338 2604 quod,
367 2559 467 2586 curn
492 2541 704 2588 venissent
725 2542 781 2588 ad
802 2560 1042 2589 extremum
1068 2544 1230 2588 montis
1255 2544 1310 2589 ad
1337 2562 1454 2590 mare
1481 2563 1579 2608 por-

201 2615 319 2671 reffl,
345 2630 421 2675 per
444 2613 627 2677 longam
652 2616 779 2659 maris
813 2615 930 2661 viam
955 2614 1290 2676 obliquaverunt
1313 2618 1372 2676 (Sc,
1398 2618 1579 2662 circum-

248 2736 280 2757 a.
311 2725 392 2758 Lov.
420 2724 598 2767 phiaroth,
635 2726 669 2758 L.
704 2726 846 2758 Pharan.
933 2739 959 2759 c..
988 2726 1036 2759 Sic
1060 2738 1136 2771 eg0;
1169 2728 1226 2761 ms.
1253 2728 1295 2761 Sc.

203 2797 243 2802 —-
273 2778 304 2811 b.
344 2779 426 2811 Lov.
462 2790 589 2823 ganges
623 2779 776 2813 visitatur.
807 2799 846 2804 —

1610 416 1693 444 Mare
1706 413 1854 444 Rubrum.

1618 705 1768 735 Ramesse.

1618 746 1741 776 Sochot.

1618 787 1737 818 Etharn.

1620 991 1793 1031 Babylonia.

1619 1131 1828 1161 Phihahiroth.

1616 1204 1804 1243 Magdalum.

1611 1417 1695 1447 Mare
1708 1417 1856 1448 Rubrum.

1621 1922 1708 1953 Sinus
1728 1923 1858 1953 Persicus

1635 1968 1661 1995 δε
1683 1965 1838 1995 Arabicus.
