2216 3435
602 109 659 155 liv
1155 121 1451 155 PRAEFATIO.

602 266 868 320 opinabuntur,
900 265 969 321 nisi
979 264 1129 322 forsan
1173 266 1356 321 Nostrum
1383 265 1576 322 scriptum
1615 266 1784 320 aliquod,
1819 265 1985 319 reliquiis

604 330 767 370 Iudaicis
785 330 1122 386 Constantinopolim
1143 331 1337 386 translatis
1358 331 1558 383 antiquius,
1581 331 1744 384 propriis
1757 331 1844 389 suis
1863 330 1979 370 ador-

603 412 653 436 na
646 395 709 450 ſje
728 397 993 437 commentariis
1014 397 1263 437 arbitrentur.

657 461 710 502 H
707 477 776 501 anc
791 461 886 502 litem
896 459 1087 517 resolvere
1103 462 1200 502 nobis
1213 462 1250 501 in
1267 463 1388 502 animo
1397 462 1555 516 nonfuit
1562 481 1577 508 ,-
1581 461 1684 516 satis
1701 462 1772 502 erit
1787 471 1984 515 utramque

603 526 799 579 opinionem
819 528 1011 581 legentium
1033 527 1140 567 oculis
1147 526 1362 581 subieciffe.

1285 671 1308 697 :3³

1188 790 1408 849 mov-A

1039 900 1212 962 paginae
1234 899 1305 965 'xix
1330 897 1547 944 addenda.

660 1034 694 1074 S.
716 1035 893 1088 Eucherij
919 1036 972 1074 ad
1000 1034 1181 1089 Faustum
1203 1034 1453 1088 preffbyterum
1482 1032 1549 1074 De
1582 1034 1683 1075 locis
1706 1035 1850 1076 sancffis
1872 1035 1989 1090 Epis-

607 1099 927 1154 tolamspuriam
944 1100 1015 1155 effi
1034 1100 1142 1140 multi
1156 1101 1426 1140 contenderunt.
1448 1099 1666 1140 Gennadius
1682 1101 1776 1140 enim
1794 1101 1932 1154 alijque
1951 1101 1988 1140 in

603 1162 632 1216 s
626 1163 681 1203 uis
696 1164 870 1204 virorum
883 1165 1085 1219 illustrium
1102 1165 1280 1218 catalogis
1292 1165 1471 1216 libellum,
1488 1165 1530 1204 de
1545 1181 1612 1218 quo
1627 1165 1784 1218 agimus,
1797 1181 1989 1218 nunquam

605 1229 773 1282 operibus
782 1231 822 1286 s.
842 1231 1022 1284 Eucherij
1037 1232 1302 1282 adnumerant,
1323 1231 1498 1283 codexque
1521 1232 1660 1282 unicus,
1681 1247 1784 1283 quem
1805 1231 1917 1287 usque
1938 1233 1994 1272 ad

605 1292 699 1333 hunc
716 1295 809 1334 diem
830 1296 1108 1353 enscripserunt
1121 1297 1284 1347 editores,
1314 1296 1434 1336 XIII
1441 1302 1482 1318 “¹⁰
1500 1297 1793 1354 tantumsaeculo
1809 1308 1990 1338 exaratus

605 1360 659 1414 est.
682 1359 775 1399 Cum
796 1370 918 1401 autem
939 1363 1045 1402 codex
1066 1362 1177 1413 alter,
1194 1361 1338 1417 saeculo
1363 1360 1472 1403 VIII
1488 1362 1670 1420 scriptus,
1688 1372 1699 1392 ¹
1723 1362 1760 1401 in
1789 1362 1992 1418 l-'aristenfi

606 1425 774 1465 maxima
795 1426 1004 1467 bibliotheca
1026 1429 1256 1483 affirvetur,
1275 1428 1410 1483 neceffe
1430 1428 1476 1481 fi
1488 1427 1635 1485 huiusce
1656 1428 1773 1482 operis
1789 1434 1990 1480 auotorem,

607 1491 880 1547 qualiscumque
894 1493 1037 1547 fuerit,
1063 1493 1146 1533 huic
1177 1493 1284 1533 aetati
1291 1493 1528 1549 superiorem
1558 1494 1673 1548 exstiti
1712 1510 1739 1533 e.
1770 1494 1857 1533 Iam
1885 1510 1989 1547 vero,

607 1557 704 1608 quod
718 1572 781 1596 nec
806 1557 850 1597 T.
877 1556 1012 1598 Tobler
1029 1559 1153 1613 fugit,
1167 1568 1186 1588 ²
1214 1558 1393 1611 Eucherij
1412 1558 1625 1616 opusculum
1652 1574 1676 1598 a
1697 1558 1804 1598 Beda
1824 1575 1990 1601 venera-

608 1622 674 1661 bili
701 1623 881 1675 cognitum
898 1623 1026 1677 fuiffe
1047 1632 1187 1664 certum
1206 1625 1266 1679 est,
1298 1623 1487 1675 multaque
1513 1624 1550 1662 in
1572 1638 1642 1662 uno
1662 1622 1849 1676 alteroque
1869 1625 1990 1666 libello

595 1686 740 1742 stmilia
766 1688 952 1741 leguntur.
982 1688 1075 1729 Cum
1096 1698 1219 1729 autem
1244 1689 1286 1728 de
1313 1688 1549 1741 Sarracenis,
1583 1690 1645 1742 qui
1665 1706 1760 1730 anno
1779 1691 1855 1745 637
1879 1691 1990 1731 Ieru-

607 1752 722 1804 salem
742 1762 922 1807 totamque
946 1753 1192 1805 Palaestinam
1210 1755 1285 1812 suo
1295 1754 1540 1810 subiecerunt
1558 1755 1724 1808 imperio,
1752 1756 1860 1796 nulla
1887 1758 1996 1812 apud

607 1818 830 1859 Eucherium
840 1819 920 1874 fiat
933 1821 1076 1871 mentio,
1090 1820 1214 1878 eoshue
1223 1819 1368 1873 pluries
1386 1821 1544 1859 nominet
1555 1821 1677 1871 Beda,
1693 1820 1801 1861 haud
1813 1823 1991 1863 dubitan-

608 1884 695 1923 dum
711 1886 772 1940 est,
792 1886 879 1937 quin
895 1885 1003 1925 Beda
1023 1884 1262 1936 Eucherium,
1280 1900 1349 1924 non
1366 1885 1572 1926 Eucherius
1585 1886 1727 1926 Bedam
1744 1887 1990 1946 exscripserit.

660 1950 941 2004 Quemcumque
959 1965 1045 2003 ergo
1064 1950 1227 1990 libellum
1248 1952 1412 2004 nostrum
1422 1950 1532 2007 scrip
1528 1950 1622 2006 stſje
1643 1953 1852 2004 credamus,
1876 1955 1991 2010 sanc-

607 2024 730 2055 tumne
744 2015 983 2067 Eucherium,
996 2016 1284 2071 Lugdunensem
1300 2016 1516 2074 episcopum,
1529 2032 1578 2056 an
1596 2023 1781 2057 auetorem
1798 2018 1992 2071 quemdam

608 2096 840 2135 anonymum,
856 2081 1141 2122 concludendum
1162 2083 1213 2134 est
1230 2098 1310 2121 eum
1335 2093 1419 2122 ante
1444 2098 1585 2122 annum
1605 2084 1680 2136 637
1703 2083 1849 2138 vixiſje.
1879 2082 1999 2123 Nihil

609 2157 745 2198 autem,
774 2156 954 2199 quantum
974 2156 1068 2187 certe
1095 2147 1342 2200 intelligimus,
1364 2148 1468 2188 obiici
1483 2148 1614 2202 poffet,
1648 2150 1836 2201 quominus
1843 2148 1884 2204 s
1908 2148 1990 2188 Eu-

609 2211 728 2252 cherio
744 2222 828 2266 opus
836 2213 1107 2269 supradictum
1123 2214 1354 2253 tribueretur
1361 2234 1377 2260 ;
1397 2214 1531 2263 omnia,
1546 2228 1628 2266 quae
1645 2214 1688 2252 de
1708 2212 1837 2254 Terra
1853 2213 1992 2254 Sanbta

608 2278 708 2317 nobis
726 2287 873 2318 narrat
891 2285 1029 2328 auetor,
1049 2293 1130 2317 cum
1145 2277 1219 2318 illis
1238 2279 1366 2331 optime
1381 2277 1615 2328 concordant,
1636 2292 1718 2330 quae
1734 2278 1850 2318 medio
1871 2280 1993 2331 quinto

598 2343 741 2399 saeculo
781 2342 1084 2383 occidentalibus
1110 2343 1152 2382 de
1182 2341 1311 2383 Terra
1341 2342 1477 2383 Sancta
1518 2352 1603 2382 nota
1637 2354 1769 2390 erant,·
1809 2343 1993 2398 Epistola

608 2408 692 2464 ipsa
727 2409 782 2448 ad
811 2407 1007 2463 Fazssum,
1031 2419 1046 2449 3
1081 2408 1321 2463 Lerinensem
1348 2407 1619 2463 presbyterum,
1649 2410 1854 2463 scribitur,
1888 2425 1992 2463 quem

662 2552 674 2572 1
709 2539 814 2574 Cuius
840 2539 996 2574 leffiones
1016 2541 1123 2586 supra,
1141 2553 1173 2587 p.
1188 2542 1256 2583 xix,
1393 2552 1408 2582 3
1429 2542 1540 2578 Quem
1569 2540 1650 2574 falso
1680 2542 1864 2586 Faustinum
1892 2550 1992 2577 vocat

611 2600 698 2635 not„
714 2593 901 2628 retulimus.
1343 2593 1449 2627 codex
1467 2593 1657 2628 Vaticanus.

661 2661 679 2682 2
698 2649 742 2681 V.
764 2647 872 2693 supra,
888 2659 919 2693 p.
941 2659 1038 2683 xxXV.
