2216 3435
597 273 646 306 IN
673 271 936 305 OBSIDIONE
966 270 1229 303 DAMIATE.
1509 266 1588 319 151

227 423 287 467 rei
310 420 538 467 Christiani
558 418 685 465 valde
708 432 987 480 expaverunt,
1011 415 1132 462 nullo
1158 431 1361 478 cogente,
1387 415 1503 461 faff'to
1523 432 1596 460 au·
1618 439 1694 468 1219

226 509 314 538 tem
350 508 492 548 mane,
544 492 766 536 neminem
803 507 881 552 per
914 504 1121 549 campum
1163 485 1361 532 viderunt
1405 486 1597 547 dixitque

226 580 334 609 unus
360 561 415 607 ad
439 562 625 607 nostros:
653 565 815 622 Pagani
834 561 1063 620 recefferum
1081 558 1120 602 ὃ
1140 563 1264 617 castra
1279 560 1358 618 sua
1381 577 1464 602 cum
1484 561 1597 602 bonis

213 639 308 696 suis
325 635 568 693 reliquerunt
588 637 604 678 l

288 706 402 751 XVI.
430 705 556 749 Tunc
582 704 828 749 christianus
854 703 1059 748 exercitus
1076 700 1297 758 intellexit,
1323 698 1444 761 quod
1464 700 1599 744 Ihesus

224 775 415 822 Christus
451 776 606 820 milites
632 776 727 820 suos
759 773 815 819 ad
840 771 1184 836 expugnandum
1209 771 1408 816 inimicos
1431 771 1598 816 nostros

222 864 304 910 pro
324 845 449 892 nobis
475 844 658 903 misisset,
685 846 945 906 conciteque
964 842 1127 888 flumen
1148 859 1299 887 omnes
1323 842 1598 899 transeuntes,

222 917 507 964 laudaverunt
519 918 766 962 Dominum
780 918 824 961 ὅς
838 914 1142 961 benedicentes
1163 915 1366 960 Sanc'tffln
1379 912 1599 976 Agatham

222 991 266 1035 in
291 990 409 1035 cuius
434 989 540 1033 festo
566 1005 719 1033 omnes
745 984 1011 1044 translerunt‚
1048 985 1275 1048 spoliisque
1300 1001 1453 1029 eorum
1484 1001 1599 1029 exer·
1620 995 1702 1024 Febr.
1720 1004 1746 1034 5-

223 1062 328 1106 citus
355 1060 412 1105 est
435 1075 680 1116 renovatus,
716 1060 761 1103 ὃς
787 1075 888 1103 tunc
924 1075 974 1102 ex
1001 1073 1181 1118 utraque
1202 1071 1326 1118 parte
1351 1053 1518 1100 obseffa
1543 1055 1601 1100 est

222 1133 383 1190 civitas,
411 1130 629 1192 nichilque
651 1131 834 1175 omnino
856 1127 1079 1174 timebant.
1104 1128 1230 1172 Tunc
1247 1127 1442 1189 precepit
1460 1125 1601 1171 domi-

221 1219 300 1247 nus
336 1202 520 1265 legatus,
560 1202 603 1246 in
641 1202 817 1246 circuitu
858 1199 948 1245 fieri
988 1196 1206 1256 fossatum,
1250 1195 1505 1258 obseffaque
1543 1197 1601 1242 est

222 1274 384 1331 civitas,
410 1271 531 1335 quod
555 1272 696 1318 nullus
721 1288 802 1317 nec
826 1272 953 1329 exire,
979 1286 1060 1315 nec
1084 1269 1262 1314 introire
1287 1284 1469 1332 poterat.

284 1345 413 1390 XVII.
452 1348 495 1389 ln
522 1344 604 1389 hac
631 1359 777 1389 autem
802 1341 1027 1388 obfidione
1054 1339 1108 1385 de
1132 1341 1303 1403 piscoto
1329 1340 1424 1385 satis
1448 1337 1600 1385 habui—

220 1433 328 1473 mUS,
357 1414 430 1461 sed
450 1415 503 1460 de
528 1416 632 1461 vino
657 1417 702 1460 &
725 1430 853 1459 carne
878 1429 1049 1458 recente
1073 1413 1263 1457 maxima
1283 1410 1473 1456 carestia1
1508 1410 1599 1456 fuit.

218 1488 361 1532 Tanta
397 1487 527 1531 etiam
556 1486 635 1530 fuit
665 1486 853 1543 carestia,
891 1482 1015 1546 quod
1041 1500 1150 1528 unus
1177 1484 1300 1540 aries,
1339 1481 1408 1528 vel
1430 1499 1599 1541 vervex,

218 1558 415 1604 venditus
453 1557 532 1602 fuit
566 1574 646 1619 pro
683 1555 838 1602 decem
876 1556 1009 1600 unciis
1045 1555 1136 1599 auri
1170 1556 1215 1600 ὃς
1248 1553 1398 1617 gallini
1420 1570 1502 1616 pro
1528 1555 1600 1598 tri-

219 1630 340 1692 ginta
365 1627 509 1673 solidis
534 1630 579 1673 ἃ
598 1645 733 1674 ovum
759 1644 839 1689 pro
860 1625 1032 1672 duobus
1053 1624 1211 1684 solidis,
1236 1627 1281 1671 ἃ
1304 1625 1455 1671 vinum
1475 1625 1601 1670 nimis

220 1718 316 1746 care
341 1698 627 1746 vendebatur.

29 1786 80 1817 fol.
101 1788 154 1824 178
172 1789 196 1816 b.
284 1771 427 1816 XVIII.
454 1771 544 1815 Post
564 1770 815 1832 quindecim
834 1770 987 1815 iterum
1007 1767 1096 1814 dies
1117 1767 1334 1826 soldanus,
1356 1784 1428 1812 rex
1445 1766 1600 1830 Egipti‚
1621 1789 1704 1819 Febr.
1721 1800 1769 1820 20,

219 1843 264 1886 ἃ
287 1839 571 1899 Corradinus,
607 1841 733 1886 frater
758 1842 865 1897 eius,
902 1857 973 1885 rex
998 1840 1116 1899 sirie,
1147 1854 1357 1886 venerunt
1380 1836 1598 1885 dicentes:

222 1915 259 1957 Ο
302 1914 537 1971 Clzrzstiani,
592 1930 660 1956 aut
705 1928 871 1972 oportet,
912 1928 983 1956 nos
1018 1913 1330 1957 mahometum
1373 1928 1519 1971 negare
1559 1910 1599 1954 Θ

222 1984 256 2027 C
258 1987 471 2042 hristianos
488 1985 576 2043 effe,
601 1983 676 2028 aut⁸
688 1999 855 2044 oportet,
876 2000 946 2027 vos
966 1984 1000 2027 C
1003 1985 1162 2041 hrzstum
1182 2000 1328 2043 negare
1346 1981 1385 2026 δ’
1407 1985 1600 2042 Paganos

221 2055 323 2114 effes

535 2199 601 2241 De
626 2201 749 2242 [CYCiO
777 2198 944 2241 adventu
964 2198 1286 2241 sarracenorum.

285 2338 511 2383 Venerunt
531 2353 678 2383 autem
706 2338 829 2400 super
853 2353 934 2381 nos
958 2355 1010 2383 ex
1034 2337 1104 2382 illa
1127 2353 1263 2399 parte,
1289 2354 1374 2398 qua
1398 2336 1601 2383 nondum

223 2409 359 2454 fuerat
402 2407 606 2454 foffatum
646 2408 933 2470 completum,
981 2406 1126 2469 ibique
1167 2407 1357 2453 infinitus
1399 2426 1601 2455 numerus

223 2497 375 2525 eorum
408 2480 657 2526 interfeclus
689 2480 761 2539 cst,
799 2478 1170 2541 obtinueruntque
1198 2479 1427 2525 Christiani
1456 2482 1497 2526 in
1530 2481 1602 2528 illa

223 2549 294 2596 dic
321 2552 560 2597 victoriam.

286 2621 519 2667 XIX-XXI.
548 2625 701 2667 lterum
732 2624 888 2668 ocstava
914 2620 983 2666 die
1004 2621 1144 2679 Martii
1169 2638 1380 2668 venerunt
1398 2621 1600 2668 soldanus
1620 2639 1708 2670 Mart.
1727 2630 1758 2669 εξ

273 2791 283 2811 1
308 2780 344 2812 In
363 2778 513 2821 margine
535 2790 608 2812 vox
627 2778 762 2812 carestia
780 2778 966 2822 explicatur
979 2793 988 2810 .·
1008 2777 1155 2822 penuria.
