2216 3435
608 180 678 239 viij
1150 192 1445 226 PRAEFATIO.

608 337 684 376 rico
703 338 746 376 de
766 336 931 389 Albano,
940 338 1046 396 sedis
1065 338 1269 392 apostolica·
1285 337 1414 389 legato,
1430 335 1612 376 Mar-tino
1634 336 1844 393 Parzfienfi
1857 338 1990 378 abbate

609 403 653 442 ἅθ’
676 402 806 442 Iacobo
826 404 869 443 de
895 402 935 445 V
931 404 1063 443 itriaco
1079 414 1091 434 ¹
1117 402 1254 443 habitae
1262 402 1373 459 sunt,
1400 400 1522 441 adhuc
1541 402 1696 456 rzssare,
1717 404 1867 456 constat,
1888 412 1990 443 atta-

608 483 687 508 men
703 467 732 520 ij
747 467 862 507 valde
879 478 1025 518 errant,
1042 469 1104 521 qui
1119 485 1160 508 ex
1177 467 1290 518 titulo,
1307 467 1423 506 libello
1437 468 1557 523 nostro
1571 467 1683 522 ineffi’
1699 467 1830 508 Crucis
1840 468 1990 522 plenam

603 533 920 587 praedicationem,
941 533 1178 586 colligendum
1195 533 1264 587 effi’
1274 541 1415 585 putent.
1437 532 1580 573 Etenim
1597 534 1669 574 eius
1677 535 1833 592 summa
1853 532 1892 572 di
1929 547 1991 571 er-

609 599 697 639 tatio
716 599 921 652 dogmatica
942 601 1003 653 est,
1032 614 1106 652 qua
1126 605 1257 639 audior
1278 599 1320 638 de
1347 614 1454 639 coena
1474 599 1632 639 Domini
1650 601 1695 640 {9⁹
1715 615 1821 640 cruce
1845 597 1992 652 Chrssi,

608 666 645 703 in
662 666 811 719 mystica
831 666 875 704 δέ
897 665 1096 718 allegorica
1117 663 1251 718 exegefi
1269 663 1384 720 nisus,
1400 664 1578 720 disputat,
1583 666 1663 722 sub
1673 665 1788 720 finem
1805 679 1896 705 vero
1899 664 1992 721 ser—

610 745 710 770 mone
730 730 862 770 Crucis
886 731 1149 784 praedicatoris
1171 730 1301 768 utitur.

663 796 861 836 Aridiorem
892 798 1056 849 nostrum
1087 796 1217 835 virum
1251 794 1357 834 haud
1385 796 1525 835 modica
1540 794 1666 850 suff
1695 795 1876 846 dob'trina,
1894 795 1995 853 satis

608 862 692 901 inde
713 871 885 916 apparet,
907 862 1004 914 quod
1022 878 1063 901 ex
1085 862 1213 914 hymno
1235 877 1251 897 (ι
1273 860 1342 900 Te
1365 859 1506 900 Deum
1526 860 1753 912 laudamus,
1772 877 1787 897 ³>
1812 877 1828 900 e
1847 860 1996 901 canticis

611 926 747 967 Adami
774 928 816 967 de
849 928 883 967 S.
924 926 963 968 V
959 927 1082 977 iffz‘ore,
1110 942 1152 965 ex
1182 924 1376 979 Augustini
1400 927 1444 965 ἐῢ
1474 925 1652 979 Gregorff
1663 925 1832 983 scriptis,
1865 925 1999 966 laudat

610 993 757 1048 versus,
784 994 945 1046 quodque
976 992 1181 1045 Scriptura?
1214 992 1356 1042 Sacrae,
1387 992 1588 1044 ubicunque
1607 991 1703 1046 fieri
1722 993 1846 1046 potest,
1871 991 1997 1032 verbis

612 1058 743 1097 utitur.
778 1058 974 1097 Praeterea
997 1057 1228 1097 audientibus
1249 1057 1388 1096 acriter
1407 1057 1532 1107 instat,
1555 1066 1596 1096 ut
1614 1056 1770 1096 Crucem
1791 1056 1998 1111 affumant,

613 1124 670 1174 ἅθ’,
695 1123 918 1180 quibusdam
947 1122 1288 1178 crucestgnatorum
1311 1122 1479 1175 exemplis
1509 1122 1646 1172 allatis,
1672 1121 1798 1161 divino
1828 1122 1998 1174 instinc‘lu

613 1189 751 1229 animos
770 1189 958 1242 concitare
961 1189 1094 1241 studet.
1116 1187 1250 1242 ,Quum
1272 1203 1363 1227 vero
1385 1194 1570 1228 trafflatus
1588 1187 1648 1227 ille
1662 1188 1705 1226 de
1720 1202 1829 1227 coena
1844 1188 2002 1228 Domini

614 1255 659 1294 Εἴ
694 1270 801 1295 cruce
831 1254 972 1307 Christi
1009 1268 1078 1292 non
1114 1259 1215 1293 ανέῖε
1249 1252 1496 1306 coniungatur
1530 1269 1610 1293 cum
1632 1254 1821 1311 sermone,
1855 1268 1924 1306 quo
1949 1253 2004 1293 ad

664 1388 678 1408 1
711 1374 828 1408 Iacobi
857 1374 1066 1407 vitriacenfis
1102 1373 1263 1419 praedica-

614 1429 732 1471 tiones,
771 1431 936 1462 Sermones
970 1429 1038 1461 duo
1069 1430 1118 1461 ad
1146 1431 1266 1463 Cruce-

604 1483 748 1527 stgnatos
772 1484 801 1516 δέ
823 1482 891 1515 duo
915 1484 963 1515 ad
984 1481 1186 1526 Peregrinos,
1209 1480 1265 1525 qui

613 1538 645 1569 in
665 1537 808 1570 eiusdem
830 1536 1034 1570 Sermonibus
1047 1536 1213 1580 adflatus,
1231 1536 1263 1567 in

615 1590 726 1623 multis
739 1590 914 1623 codicibus
926 1591 956 1622 Sc
971 1589 1148 1634 praesertim
1164 1589 1194 1621 in
1210 1600 1265 1621 co-

614 1644 688 1677 dice
700 1642 1266 1687 Parifienfifflibl.nat.,n017590,

616 1710 659 1730 m.
683 1697 755 1731 saec.
775 1698 875 1739 XIII)
895 1695 1079 1737 asservatis,
1097 1696 1266 1733 exstant,a

616 1751 688 1784 viro
700 1749 885 1783 doffissimo
895 1751 1008 1794 Lecoy
1023 1749 1107 1782 dela
1123 1748 1267 1782 Marche

617 1804 684 1847 (La
703 1803 818 1836 chaire
824 1803 1004 1847 franfaise
1016 1815 1060 1835 au
1071 1814 1175 1846 moyen
1193 1803 1267 1846 fige,

617 1870 648 1902 p.
671 1858 793 1898 66-67)
818 1857 883 1889 iam
913 1856 988 1888 satis
1013 1856 1158 1890 laudatae
1184 1855 1266 1889 sunt.

616 1909 858 1944 Difficillimum
888 1909 932 1942 est
963 1908 1161 1950 diiudicatu,
1200 1920 1268 1953 quo

618 1972 770 2008 tempore
795 1963 846 1997 hae
866 1963 1033 1996 orationes
1052 1961 1176 1996 habitae
1199 1962 1270 1995 fue-

618 2018 691 2050 rint.
702 2019 815 2055 Quum
827 2028 906 2050 vero
915 2017 1030 2050 auftor
1038 2017 1072 2058 (f.
1084 2029 1126 2059 94
1135 2016 1270 2060 b)‚p0st-

617 2083 718 2116 quarn
731 2071 772 2104 de
784 2070 1033 2115 expugnatione
1049 2070 1137 2102 urbis
1150 2069 1269 2103 sanfflae

617 2125 649 2158 in
662 2124 786 2158 flebiles
800 2124 1054 2158 lamentationes
1071 2123 1270 2168 profuderit,

617 2180 721 2212 verba
757 2177 914 2211 Iohannis
951 2177 1116 2222 (Apocal.
1150 2188 1199 2217 XI,
1235 2178 1269 2218 2)

619 2231 717 2266 citet:
737 2231 920 2265 Civitatem
934 2231 1091 2274 sanciam
1109 2230 1271 2264 conculca-

619 2292 747 2319 verunt
773 2285 927 2328 menfibus
951 2284 993 2318 xl
1013 2285 1133 2318 duobus
1163 2285 1193 2317 δι
1212 2284 1271 2317 ad-

618 2339 698 2372 dat:
721 2353 734 2370 (ι
754 2339 905 2373 Peccatis
925 2338 1137 2383 exigentibus
1165 2350 1270 2371 annus

619 2404 682 2437 pro
698 2392 804 2436 mense
822 2393 919 2425 datus
939 2393 982 2426 est
1001 2391 1110 2433 nobis,
1126 2406 1138 2422 »
1161 2390 1271 2435 colligi

620 2446 739 2491 potest,
758 2447 926 2479 orationes
946 2458 1034 2479 anno
1060 2446 1273 2490 quadragesi-

621 2511 677 2532 mo
697 2500 842 2533 secundo
864 2500 934 2544 post
949 2501 1065 2533 urbem
1082 2512 1101 2532 a
1117 2499 1273 2532 Saladino

620 2561 767 2597 captam,
793 2553 906 2598 itaque
932 2565 1019 2586 anno
1041 2554 1273 2587 MCCXXIX

621 2607 750 2640 habitas
766 2606 873 2640 fuiffe.
895 2608 1038 2640 Iacobus
1059 2615 1170 2639 auten·
1185 2618 1273 2639 anno

621 2661 851 2694 MCCXXIX
882 2660 1106 2693 cardinalatus
1139 2660 1272 2693 honori—

622 2715 684 2748 bus
715 2721 852 2747 ornatus
882 2714 1084 2760 praedicator
1114 2726 1181 2748 non
1212 2713 1273 2748 fuit

1258 2788 1283 2798 s*

1351 1374 1547 1407 constitutus
1575 1375 1775 1419 (Matzner,
1807 1375 1859 1408 De
1891 1372 2002 1407 Iacobi

1351 1427 1435 1460 Vitr.
1455 1429 1706 1470 vita‚Monast.
1728 1431 1823 1470 1863,
1846 1427 1999 1470 12⁰‚62).

1351 1481 1627 1514 Verifimillimum
1646 1481 1747 1526 igitur
1757 1480 1852 1514 nobis
1873 1479 1937 1514 effe
1955 1479 2003 1513 vi-

1351 1535 1458 1577 detur,
1468 1536 1526 1568 has
1535 1535 1701 1568 orationes
1712 1548 1741 1568 a.
1753 1535 2001 1568 MCCXXVII

1350 1588 1481 1621 habitas
1492 1588 1671 1634 fuiffe‚quo
1684 1588 1866 1622 Iacobusin
1881 1587 2002 1632 Belgio

1352 1642 1457 1675 crucis
1482 1643 1683 1687 praedicator
1712 1650 1782 1675 erat
1816 1642 2002 1685 (Matzner‚

1353 1696 1416 1739 61)
1438 1697 1468 1729 &
1489 1696 1658 1741 expeditio
1676 1694 1836 1728 Friderici
1858 1695 2001 1739 impera-

1353 1749 1433 1781 toris
1461 1749 1491 1782 in
1511 1750 1692 1782 Saracenos
1719 1748 1862 1781 instabat
1889 1747 2002 1791 (Reh-

1353 1802 1449 1844 richt,
1474 1802 1643 1846 Beitraegtg
1668 1803 1695 1843 I,
1722 1813 1752 1846 p.
1783 1801 1917 1845 17-19)‚
1937 1812 2004 1845 qua

1352 1855 1515 1889 christiani
1536 1868 1653 1889 onmes
1678 1856 1806 1888 summa
1830 1855 1886 1899 spe
1911 1865 2005 1888 recu-

1354 1909 1531 1954 perationis
1568 1910 1689 1943 Terrae
1727 1909 1854 1942 SamSIae
1889 1907 2006 1952 imple-

1354 1965 1487 2004 bantur,
1527 1963 1720 2008 praesertim,
1759 1973 1875 2007 quum,
1917 1972 2006 1994 anno

1354 2017 1581 2050 MCCXXIX
1609 2015 1710 2048 issami
1741 2026 1885 2048 errorem
1909 2014 2006 2059 plane

1354 2070 1550 2115 periturum,
1569 2069 1695 2114 ubique
1721 2069 1885 2102 creditum
1906 2067 2006 2101 fuerit

1356 2123 1554 2167 (Reshricht‚
1575 2122 1743 2167 Bam-ege,
1756 2124 1784 2164 Ι,
1799 2134 1831 2167 p.
1853 2134 1908 2164 79,
1925 2129 2006 2155 nota

1356 2188 1421 2220 235
1451 2177 1509 2209 sub
1538 2176 1633 2221 fine).
1668 2178 1769 2209 Hanc
1797 2176 1899 2220 igitur
1929 2187 2007 2221 pro-

1355 2230 1502 2274 phetiam
1542 2231 1697 2274 sequutus
1746 2230 1892 2263 Iacobus
1939 2229 2006 2262 iam

1355 2295 1444 2316 anno
1491 2285 1753 2325 MCCXXVII,
1802 2290 1837 2316 ut
1879 2283 2007 2316 animos

1356 2337 1606 2370 christianorum
1621 2338 1729 2370 acrius
1742 2336 1906 2379 incitaret,
1916 2348 2010 2370 recu-

1356 2391 1563 2436 perationem
1596 2391 1717 2424 Terrae
1754 2390 1884 2424 Sanfitae
1920 2402 2009 2423 anno

1359 2447 1592 2480 MCCXXIX
1625 2446 1809 2487 imminere,
1850 2446 2011 2491 praedica-

1356 2499 1436 2533 viffe
1448 2499 1543 2533 nobis
1559 2500 1700 2533 videtur.
1717 2501 1893 2533 Sermones
1908 2498 2011 2543 igitur

1358 2553 1548 2598 praedietos5
1574 2561 1692 2598 utpote
1710 2553 1752 2586 ad
1776 2565 1845 2586 rem
1865 2552 2007 2585 nostram

1358 2615 1458 2641 aetate
1486 2619 1553 2640 non
1584 2607 1780 2652 speetantes,
1806 2607 1839 2639 in
1867 2606 2008 2651 praesens

1359 2661 1514 2694 volumen
1533 2661 1672 2694 inserere
1693 2672 1758 2694 non
1780 2659 1913 2707 placuit.
