<?xml version="1.0" encoding="UTF-8"?>
<!DOCTYPE html PUBLIC "-//W3C//DTD XHTML 1.0 Transitional//EN"
    "http://www.w3.org/TR/xhtml1/DTD/xhtml1-transitional.dtd">
<html xmlns="http://www.w3.org/1999/xhtml" xml:lang="en" lang="en">
 <head>
  <title>
</title>
<meta http-equiv="Content-Type" content="text/html;charset=utf-8" />
  <meta name='ocr-system' content='tesseract 3.04.00' />
  <meta name='ocr-capabilities' content='ocr_page ocr_carea ocr_par ocr_line ocrx_word'/>
</head>
<body>
  <div class='ocr_page' id='page_1' title='image "./p1itinerahierosoly1tobl_0513.png"; bbox 0 0 2216 3435; ppageno 0'>
   <div class='ocr_carea' id='block_1_1' title="bbox 843 272 1677 307">
    <p class='ocr_par' dir='ltr' id='par_1_1' title="bbox 843 272 1677 307">
     <span class='ocr_line' id='line_1_1' title="bbox 843 272 1677 307; baseline 0.001 -1"><span class='ocrx_word' id='word_1_1' title='bbox 843 272 1138 307; x_wconf 84' lang='lat' dir='ltr'><strong>PRAEFATIO.</strong></span> <span class='ocrx_word' id='word_1_2' title='bbox 1621 279 1677 307; x_wconf 89' lang='lat' dir='ltr'><em>XV</em></span> 
     </span>
    </p>
   </div>
   <div class='ocr_carea' id='block_1_2' title="bbox 282 416 1685 2421">
    <p class='ocr_par' dir='ltr' id='par_1_2' title="bbox 282 416 1685 2421">
     <span class='ocr_line' id='line_1_2' title="bbox 296 416 1676 474; baseline -0.001 -15"><span class='ocrx_word' id='word_1_3' title='bbox 296 419 447 459; x_wconf 83' lang='lat' dir='ltr'><em>crimine</em></span> <span class='ocrx_word' id='word_1_4' title='bbox 471 417 602 472; x_wconf 82' lang='lat' dir='ltr'><em>positos</em></span> <span class='ocrx_word' id='word_1_5' title='bbox 621 416 836 474; x_wconf 86' lang='lat' dir='ltr'><em>Nuffienses</em></span> <span class='ocrx_word' id='word_1_6' title='bbox 855 417 1034 473; x_wconf 67' lang='lat' dir='ltr'><em>sanetum</em></span> <span class='ocrx_word' id='word_1_7' title='bbox 1054 416 1279 470; x_wconf 54' lang='lat' dir='ltr'><em>Quirinum,</em></span> <span class='ocrx_word' id='word_1_8' title='bbox 1296 427 1307 447; x_wconf 92' lang='lat'>1</span> <span class='ocrx_word' id='word_1_9' title='bbox 1334 418 1437 458; x_wconf 88' lang='lat' dir='ltr'><em>urbis</em></span> <span class='ocrx_word' id='word_1_10' title='bbox 1459 428 1676 471; x_wconf 83' lang='lat' dir='ltr'><em>patronum,</em></span> 
     </span>
     <span class='ocr_line' id='line_1_3' title="bbox 291 479 1678 539; baseline 0 -16"><span class='ocrx_word' id='word_1_11' title='bbox 291 483 464 536; x_wconf 87' lang='lat' dir='ltr'><em>precibus</em></span> <span class='ocrx_word' id='word_1_12' title='bbox 480 479 686 536; x_wconf 80' lang='lat' dir='ltr'><em>fatigaffi,</em></span> <span class='ocrx_word' id='word_1_13' title='bbox 717 482 761 520; x_wconf 62' lang='grc' dir='ltr'><em>ἔθ’</em></span> <span class='ocrx_word' id='word_1_14' title='bbox 788 497 904 522; x_wconf 86' lang='lat' dir='ltr'><em>naves</em></span> <span class='ocrx_word' id='word_1_15' title='bbox 923 481 1116 537; x_wconf 82' lang='lat' dir='ltr'><em>diſjipatas</em></span> <span class='ocrx_word' id='word_1_16' title='bbox 1136 482 1215 539; x_wconf 84' lang='lat' dir='ltr'><em>sub</em></span> <span class='ocrx_word' id='word_1_17' title='bbox 1238 481 1355 535; x_wconf 85' lang='lat' dir='ltr'><em>finem</em></span> <span class='ocrx_word' id='word_1_18' title='bbox 1385 483 1519 536; x_wconf 83' lang='lat' dir='ltr'><em>aprilis</em></span> <span class='ocrx_word' id='word_1_19' title='bbox 1540 483 1678 538; x_wconf 75' lang='lat' dir='ltr'><em>Meffl-</em></span> 
     </span>
     <span class='ocr_line' id='line_1_4' title="bbox 296 545 1678 603; baseline 0.002 -18"><span class='ocrx_word' id='word_1_20' title='bbox 296 562 384 586; x_wconf 90' lang='lat' dir='ltr'><em>nam</em></span> <span class='ocrx_word' id='word_1_21' title='bbox 406 545 733 603; x_wconf 65' lang='lat' dir='ltr'><em>appuls‘asfuiffiJ.</em></span> <span class='ocrx_word' id='word_1_22' title='bbox 756 545 985 603; x_wconf 84' lang='lat' dir='ltr'><em>Insequenti</em></span> <span class='ocrx_word' id='word_1_23' title='bbox 1001 561 1094 586; x_wconf 87' lang='lat' dir='ltr'><em>vero</em></span> <span class='ocrx_word' id='word_1_24' title='bbox 1113 555 1211 585; x_wconf 87' lang='lat' dir='ltr'><em>textu</em></span> <span class='ocrx_word' id='word_1_25' title='bbox 1240 545 1463 587; x_wconf 89' lang='lat' dir='ltr'>Rhenanus</span> <span class='ocrx_word' id='word_1_26' title='bbox 1484 547 1522 586; x_wconf 85' lang='lat'>&amp;</span> <span class='ocrx_word' id='word_1_27' title='bbox 1543 549 1678 588; x_wconf 88' lang='lat' dir='ltr'><em>iterum</em></span> 
     </span>
     <span class='ocr_line' id='line_1_5' title="bbox 297 609 1678 667; baseline 0.001 -16"><span class='ocrx_word' id='word_1_28' title='bbox 297 610 554 652; x_wconf 85' lang='lat' dir='ltr'><em>Colonienfis</em></span> <span class='ocrx_word' id='word_1_29' title='bbox 566 611 797 661; x_wconf 82' lang='lat' dir='ltr'><em>conveniunt,</em></span> <span class='ocrx_word' id='word_1_30' title='bbox 803 609 882 666; x_wconf 87' lang='lat' dir='ltr'><em>soli</em></span> <span class='ocrx_word' id='word_1_31' title='bbox 894 626 987 650; x_wconf 86' lang='lat' dir='ltr'><em>vero</em></span> <span class='ocrx_word' id='word_1_32' title='bbox 999 609 1235 651; x_wconf 83' lang='lat' dir='ltr'><em>Colonienfi</em></span> <span class='ocrx_word' id='word_1_33' title='bbox 1248 612 1392 650; x_wconf 66' lang='lat' dir='ltr'><em>aul&#39;t&#39;ori</em></span> <span class='ocrx_word' id='word_1_34' title='bbox 1400 612 1566 651; x_wconf 85' lang='lat' dir='ltr'><em>debemus</em></span> <span class='ocrx_word' id='word_1_35' title='bbox 1581 622 1678 667; x_wconf 90' lang='lat' dir='ltr'><em>topo-</em></span> 
     </span>
     <span class='ocr_line' id='line_1_6' title="bbox 290 674 1679 730; baseline 0.001 -15"><span class='ocrx_word' id='word_1_36' title='bbox 290 675 498 729; x_wconf 84' lang='lat' dir='ltr'><em>graphiam</em></span> <span class='ocrx_word' id='word_1_37' title='bbox 519 675 734 725; x_wconf 85' lang='lat' dir='ltr'><em>Damiatae,</em></span> <span class='ocrx_word' id='word_1_38' title='bbox 753 674 875 714; x_wconf 84' lang='lat' dir='ltr'><em>adhuc</em></span> <span class='ocrx_word' id='word_1_39' title='bbox 894 675 1067 728; x_wconf 84' lang='lat' dir='ltr'><em>ignotam.</em></span> <span class='ocrx_word' id='word_1_40' title='bbox 1091 674 1290 715; x_wconf 80' lang='lat' dir='ltr'><em>Praeterea</em></span> <span class='ocrx_word' id='word_1_41' title='bbox 1309 676 1443 729; x_wconf 87' lang='lat' dir='ltr'><em>refert,</em></span> <span class='ocrx_word' id='word_1_42' title='bbox 1463 675 1679 730; x_wconf 70' lang='lat' dir='ltr'><em>christiano-</em></span> 
     </span>
     <span class='ocr_line' id='line_1_7' title="bbox 295 738 1679 792; baseline 0.001 -12"><span class='ocrx_word' id='word_1_43' title='bbox 295 756 382 780; x_wconf 91' lang='lat' dir='ltr'><em>rum</em></span> <span class='ocrx_word' id='word_1_44' title='bbox 415 739 606 779; x_wconf 89' lang='lat' dir='ltr'><em>machinas</em></span> <span class='ocrx_word' id='word_1_45' title='bbox 642 755 658 776; x_wconf 83' lang='grc'><em>&lt;&lt;</em></span> <span class='ocrx_word' id='word_1_46' title='bbox 682 739 750 778; x_wconf 86' lang='lat' dir='ltr'><em>vix</em></span> <span class='ocrx_word' id='word_1_47' title='bbox 776 738 985 792; x_wconf 84' lang='lat' dir='ltr'><em>pulverem</em></span> <span class='ocrx_word' id='word_1_48' title='bbox 1015 740 1133 779; x_wconf 86' lang='lat' dir='ltr'><em>turris</em></span> <span class='ocrx_word' id='word_1_49' title='bbox 1168 738 1414 790; x_wconf 83' lang='lat' dir='ltr'><em>concussiffe,</em></span> <span class='ocrx_word' id='word_1_50' title='bbox 1440 756 1455 775; x_wconf 88' lang='lat'>»</span> <span class='ocrx_word' id='word_1_51' title='bbox 1491 743 1535 781; x_wconf 48' lang='grc' dir='ltr'><em>ἐϋ</em></span> <span class='ocrx_word' id='word_1_52' title='bbox 1561 742 1679 782; x_wconf 87' lang='lat' dir='ltr'><em>civem</em></span> 
     </span>
     <span class='ocr_line' id='line_1_8' title="bbox 297 795 1680 862; baseline 0.002 -18"><span class='ocrx_word' id='word_1_53' title='bbox 297 805 540 862; x_wconf 87' lang='lat' dir='ltr'><em>Coloniensem</em></span> <span class='ocrx_word' id='word_1_54' title='bbox 562 803 614 843; x_wconf 89' lang='lat' dir='ltr'><em>H</em></span> <span class='ocrx_word' id='word_1_55' title='bbox 613 805 778 843; x_wconf 86' lang='lat' dir='ltr'><em>enricum</em></span> <span class='ocrx_word' id='word_1_56' title='bbox 799 805 842 843; x_wconf 91' lang='lat' dir='ltr'><em>de</em></span> <span class='ocrx_word' id='word_1_57' title='bbox 862 803 909 842; x_wconf 91' lang='lat' dir='ltr'><em>H</em></span> <span class='ocrx_word' id='word_1_58' title='bbox 913 803 1086 843; x_wconf 85' lang='lat' dir='ltr'><em>ernothe2</em></span> <span class='ocrx_word' id='word_1_59' title='bbox 1116 804 1170 843; x_wconf 93' lang='lat' dir='ltr'><em>ad</em></span> <span class='ocrx_word' id='word_1_60' title='bbox 1195 795 1388 844; x_wconf 87' lang='lat' dir='ltr'><em>machinas</em></span> <span class='ocrx_word' id='word_1_61' title='bbox 1417 806 1680 857; x_wconf 87' lang='lat' dir='ltr'><em>construendas</em></span> 
     </span>
     <span class='ocr_line' id='line_1_9' title="bbox 294 869 1624 927; baseline 0.001 -18"><span class='ocrx_word' id='word_1_62' title='bbox 294 885 472 923; x_wconf 84' lang='lat' dir='ltr'><em>magnam</em></span> <span class='ocrx_word' id='word_1_63' title='bbox 487 870 657 923; x_wconf 82' lang='lat' dir='ltr'><em>pecuniae</em></span> <span class='ocrx_word' id='word_1_64' title='bbox 673 870 752 909; x_wconf 85' lang='lat' dir='ltr'><em>vim</em></span> <span class='ocrx_word' id='word_1_65' title='bbox 769 869 970 923; x_wconf 68' lang='lat' dir='ltr'><em>contulff,</em></span> <span class='ocrx_word' id='word_1_66' title='bbox 979 870 1056 927; x_wconf 86' lang='lat' dir='ltr'><em>sed</em></span> <span class='ocrx_word' id='word_1_67' title='bbox 1067 870 1183 924; x_wconf 88' lang='lat' dir='ltr'><em>paulo</em></span> <span class='ocrx_word' id='word_1_68' title='bbox 1197 872 1280 922; x_wconf 76' lang='lat' dir='ltr'><em>post</em></span> <span class='ocrx_word' id='word_1_69' title='bbox 1292 880 1479 909; x_wconf 85' lang='lat' dir='ltr'><em>mortuum</em></span> <span class='ocrx_word' id='word_1_70' title='bbox 1488 871 1624 926; x_wconf 68' lang='lat' dir='ltr'><em>fuiffiz.</em></span> 
     </span>
     <span class='ocr_line' id='line_1_10' title="bbox 348 933 1680 989; baseline 0.002 -15"><span class='ocrx_word' id='word_1_71' title='bbox 348 935 453 989; x_wconf 54' lang='lat' dir='ltr'><em>Qua:</em></span> <span class='ocrx_word' id='word_1_72' title='bbox 474 949 584 988; x_wconf 92' lang='lat' dir='ltr'><em>quum</em></span> <span class='ocrx_word' id='word_1_73' title='bbox 603 935 657 974; x_wconf 90' lang='lat' dir='ltr'><em>ita</em></span> <span class='ocrx_word' id='word_1_74' title='bbox 666 933 758 988; x_wconf 82' lang='lat' dir='ltr'><em>stnt,</em></span> <span class='ocrx_word' id='word_1_75' title='bbox 785 934 906 974; x_wconf 84' lang='lat' dir='ltr'><em>adhuc</em></span> <span class='ocrx_word' id='word_1_76' title='bbox 927 937 1054 985; x_wconf 68' lang='lat' dir='ltr'><em>restat,</em></span> <span class='ocrx_word' id='word_1_77' title='bbox 1075 945 1116 974; x_wconf 89' lang='lat' dir='ltr'><em>ut</em></span> <span class='ocrx_word' id='word_1_78' title='bbox 1134 951 1175 974; x_wconf 86' lang='lat' dir='ltr'><em>ex</em></span> <span class='ocrx_word' id='word_1_79' title='bbox 1196 934 1249 975; x_wconf 88' lang='lat' dir='ltr'><em>his</em></span> <span class='ocrx_word' id='word_1_80' title='bbox 1270 936 1432 975; x_wconf 87' lang='lat' dir='ltr'><em>omnibus</em></span> <span class='ocrx_word' id='word_1_81' title='bbox 1453 935 1680 989; x_wconf 86' lang='lat' dir='ltr'><em>colligamus,</em></span> 
     </span>
     <span class='ocr_line' id='line_1_11' title="bbox 296 999 1682 1058; baseline 0.002 -21"><span class='ocrx_word' id='word_1_82' title='bbox 296 1000 394 1052; x_wconf 90' lang='lat' dir='ltr'><em>quod</em></span> <span class='ocrx_word' id='word_1_83' title='bbox 421 1001 521 1040; x_wconf 84' lang='lat' dir='ltr'><em>nobis</em></span> <span class='ocrx_word' id='word_1_84' title='bbox 560 999 876 1055; x_wconf 83' lang='lat' dir='ltr'><em>verifimillimum</em></span> <span class='ocrx_word' id='word_1_85' title='bbox 907 1000 979 1054; x_wconf 70' lang='lat' dir='ltr'><em>effe</em></span> <span class='ocrx_word' id='word_1_86' title='bbox 1009 1000 1211 1039; x_wconf 86' lang='lat' dir='ltr'><em>videatur:</em></span> <span class='ocrx_word' id='word_1_87' title='bbox 1241 1006 1408 1040; x_wconf 67' lang='lat' dir='ltr'><em>amores</em></span> <span class='ocrx_word' id='word_1_88' title='bbox 1428 1000 1575 1058; x_wconf 87' lang='lat' dir='ltr'><em>scilicet</em></span> <span class='ocrx_word' id='word_1_89' title='bbox 1603 1001 1682 1054; x_wconf 72' lang='lat' dir='ltr'><em>ssos</em></span> 
     </span>
     <span class='ocr_line' id='line_1_12' title="bbox 296 1062 1681 1122; baseline 0.001 -19"><span class='ocrx_word' id='word_1_90' title='bbox 296 1062 362 1103; x_wconf 84' lang='lat' dir='ltr'><em>Fri</em></span> <span class='ocrx_word' id='word_1_91' title='bbox 370 1063 521 1116; x_wconf 87' lang='lat' dir='ltr'><em>sonem,</em></span> <span class='ocrx_word' id='word_1_92' title='bbox 539 1064 831 1106; x_wconf 82' lang='lat' dir='ltr'><em>Coloniensem</em></span> <span class='ocrx_word' id='word_1_93' title='bbox 843 1064 881 1104; x_wconf 87' lang='lat'>&amp;</span> <span class='ocrx_word' id='word_1_94' title='bbox 893 1065 1152 1115; x_wconf 70' lang='lat' dir='ltr'><em>Rhenanam,</em></span> <span class='ocrx_word' id='word_1_95' title='bbox 1169 1081 1211 1103; x_wconf 88' lang='lat' dir='ltr'><em>ex</em></span> <span class='ocrx_word' id='word_1_96' title='bbox 1223 1065 1443 1122; x_wconf 85' lang='lat' dir='ltr'><em>quibusdam</em></span> <span class='ocrx_word' id='word_1_97' title='bbox 1456 1065 1681 1120; x_wconf 86' lang='lat' dir='ltr'><em>diariisstve</em></span> 
     </span>
     <span class='ocr_line' id='line_1_13' title="bbox 297 1129 1680 1186; baseline 0.001 -18"><span class='ocrx_word' id='word_1_98' title='bbox 297 1131 577 1180; x_wconf 81' lang='lat' dir='ltr'><em>commentariis,</em></span> <span class='ocrx_word' id='word_1_99' title='bbox 599 1146 681 1183; x_wconf 84' lang='lat' dir='ltr'><em>quae</em></span> <span class='ocrx_word' id='word_1_100' title='bbox 701 1131 886 1184; x_wconf 68' lang='lat' dir='ltr'><em>refirunt,</em></span> <span class='ocrx_word' id='word_1_101' title='bbox 907 1129 1081 1184; x_wconf 72' lang='lat' dir='ltr'><em>haufiffi’,</em></span> <span class='ocrx_word' id='word_1_102' title='bbox 1101 1130 1169 1169; x_wconf 87' lang='lat' dir='ltr'><em>vel</em></span> <span class='ocrx_word' id='word_1_103' title='bbox 1183 1130 1277 1186; x_wconf 86' lang='lat' dir='ltr'><em>ipsos</em></span> <span class='ocrx_word' id='word_1_104' title='bbox 1295 1130 1332 1169; x_wconf 88' lang='lat' dir='ltr'><em>in</em></span> <span class='ocrx_word' id='word_1_105' title='bbox 1354 1131 1572 1183; x_wconf 78' lang='lat' dir='ltr'><em>expeditione</em></span> <span class='ocrx_word' id='word_1_106' title='bbox 1591 1146 1680 1170; x_wconf 90' lang='lat' dir='ltr'><em>cru-</em></span> 
     </span>
     <span class='ocr_line' id='line_1_14' title="bbox 296 1193 1681 1253; baseline 0.002 -20"><span class='ocrx_word' id='word_1_107' title='bbox 296 1193 564 1249; x_wconf 86' lang='lat' dir='ltr'><em>cestgnatorum</em></span> <span class='ocrx_word' id='word_1_108' title='bbox 581 1195 752 1251; x_wconf 86' lang='lat' dir='ltr'><em>versatos</em></span> <span class='ocrx_word' id='word_1_109' title='bbox 758 1195 897 1249; x_wconf 74' lang='lat' dir='ltr'><em>fuiſje.</em></span> <span class='ocrx_word' id='word_1_110' title='bbox 929 1195 1099 1235; x_wconf 83' lang='lat' dir='ltr'><em>Primum</em></span> <span class='ocrx_word' id='word_1_111' title='bbox 1120 1196 1212 1234; x_wconf 87' lang='lat' dir='ltr'><em>enim</em></span> <span class='ocrx_word' id='word_1_112' title='bbox 1229 1193 1337 1233; x_wconf 86' lang='lat' dir='ltr'><em>Emo</em></span> <span class='ocrx_word' id='word_1_113' title='bbox 1356 1195 1431 1253; x_wconf 89' lang='lat' dir='ltr'><em>ipse</em></span> <span class='ocrx_word' id='word_1_114' title='bbox 1445 1205 1601 1244; x_wconf 86' lang='lat' dir='ltr'><em>narrat,</em></span> <span class='ocrx_word' id='word_1_115' title='bbox 1615 1206 1630 1236; x_wconf 85' lang='lat'>3</span> <span class='ocrx_word' id='word_1_116' title='bbox 1632 1196 1681 1253; x_wconf 89' lang='lat' dir='ltr'><em>se</em></span> 
     </span>
     <span class='ocr_line' id='line_1_15' title="bbox 297 1258 1682 1314; baseline 0.001 -17"><span class='ocrx_word' id='word_1_117' title='bbox 297 1273 321 1297; x_wconf 89' lang='lat' dir='ltr'><em>a</em></span> <span class='ocrx_word' id='word_1_118' title='bbox 328 1259 531 1312; x_wconf 85' lang='lat' dir='ltr'><em>familiari</em></span> <span class='ocrx_word' id='word_1_119' title='bbox 550 1260 706 1311; x_wconf 87' lang='lat' dir='ltr'><em>quodam</em></span> <span class='ocrx_word' id='word_1_120' title='bbox 727 1258 886 1313; x_wconf 71' lang='lat' dir='ltr'><em>hssoriae</em></span> <span class='ocrx_word' id='word_1_121' title='bbox 905 1268 1040 1298; x_wconf 90' lang='lat' dir='ltr'><em>textum</em></span> <span class='ocrx_word' id='word_1_122' title='bbox 1061 1260 1196 1314; x_wconf 81' lang='lat' dir='ltr'><em>nostrae</em></span> <span class='ocrx_word' id='word_1_123' title='bbox 1217 1260 1405 1313; x_wconf 70' lang='lat' dir='ltr'><em>accepffl’.</em></span> <span class='ocrx_word' id='word_1_124' title='bbox 1434 1259 1568 1313; x_wconf 55' lang='lat' dir='ltr'><em>Quum</em></span> <span class='ocrx_word' id='word_1_125' title='bbox 1590 1275 1682 1299; x_wconf 86' lang='lat' dir='ltr'><em>vero</em></span> 
     </span>
     <span class='ocr_line' id='line_1_16' title="bbox 294 1322 1681 1378; baseline 0.003 -17"><span class='ocrx_word' id='word_1_126' title='bbox 294 1322 387 1362; x_wconf 90' lang='lat' dir='ltr'><em>Emo</em></span> <span class='ocrx_word' id='word_1_127' title='bbox 412 1324 568 1376; x_wconf 72' lang='lat' dir='ltr'><em>claustri</em></span> <span class='ocrx_word' id='word_1_128' title='bbox 589 1323 1014 1378; x_wconf 71' lang='lat' dir='ltr'><em>Praemonsi&#39;ratenstum,</em></span> <span class='ocrx_word' id='word_1_129' title='bbox 1046 1325 1144 1376; x_wconf 88' lang='lat' dir='ltr'><em>quod</em></span> <span class='ocrx_word' id='word_1_130' title='bbox 1165 1324 1302 1364; x_wconf 84' lang='lat' dir='ltr'><em>dicitur</em></span> <span class='ocrx_word' id='word_1_131' title='bbox 1323 1325 1499 1365; x_wconf 84' lang='lat' dir='ltr'><em>Floridus</em></span> <span class='ocrx_word' id='word_1_132' title='bbox 1518 1324 1681 1375; x_wconf 86' lang='lat' dir='ltr'><em>Hortus,</em></span> 
     </span>
     <span class='ocr_line' id='line_1_17' title="bbox 295 1388 1682 1444; baseline 0.002 -18"><span class='ocrx_word' id='word_1_133' title='bbox 295 1388 564 1441; x_wconf 83' lang='lat' dir='ltr'><em>abbasfuerit,</em></span> <span class='ocrx_word' id='word_1_134' title='bbox 592 1389 636 1428; x_wconf 48' lang='grc' dir='ltr'><em>ξεῖ</em></span> <span class='ocrx_word' id='word_1_135' title='bbox 658 1395 784 1427; x_wconf 64' lang='lat' dir='ltr'><em>auctor</em></span> <span class='ocrx_word' id='word_1_136' title='bbox 812 1397 928 1428; x_wconf 85' lang='lat' dir='ltr'><em>textus</em></span> <span class='ocrx_word' id='word_1_137' title='bbox 948 1389 990 1427; x_wconf 90' lang='lat' dir='ltr'><em>de</em></span> <span class='ocrx_word' id='word_1_138' title='bbox 1010 1389 1177 1428; x_wconf 84' lang='lat' dir='ltr'><em>navibus</em></span> <span class='ocrx_word' id='word_1_139' title='bbox 1198 1405 1222 1428; x_wconf 91' lang='lat' dir='ltr'><em>a</em></span> <span class='ocrx_word' id='word_1_140' title='bbox 1241 1388 1485 1430; x_wconf 83' lang='lat' dir='ltr'><em>Lauwerzee</em></span> <span class='ocrx_word' id='word_1_141' title='bbox 1509 1390 1682 1444; x_wconf 65' lang='lat' dir='ltr'><em>prosectis</em></span> 
     </span>
     <span class='ocr_line' id='line_1_18' title="bbox 293 1451 1681 1512; baseline 0.002 -21"><span class='ocrx_word' id='word_1_142' title='bbox 293 1454 338 1492; x_wconf 68' lang='lat'><em>{5⁹</em></span> <span class='ocrx_word' id='word_1_143' title='bbox 354 1452 390 1491; x_wconf 88' lang='lat' dir='ltr'><em>F</em></span> <span class='ocrx_word' id='word_1_144' title='bbox 389 1453 554 1510; x_wconf 87' lang='lat' dir='ltr'><em>risonum</em></span> <span class='ocrx_word' id='word_1_145' title='bbox 570 1451 674 1492; x_wconf 74' lang='lat' dir='ltr'><em>heroe</em></span> <span class='ocrx_word' id='word_1_146' title='bbox 687 1452 834 1506; x_wconf 85' lang='lat' dir='ltr'><em>Popteto</em></span> <span class='ocrx_word' id='word_1_147' title='bbox 848 1454 970 1492; x_wconf 84' lang='lat' dir='ltr'><em>verba</em></span> <span class='ocrx_word' id='word_1_148' title='bbox 974 1453 1130 1506; x_wconf 84' lang='lat' dir='ltr'><em>fecerit,</em></span> <span class='ocrx_word' id='word_1_149' title='bbox 1147 1469 1215 1493; x_wconf 88' lang='lat' dir='ltr'><em>non</em></span> <span class='ocrx_word' id='word_1_150' title='bbox 1231 1455 1392 1494; x_wconf 87' lang='lat' dir='ltr'><em>alienum</em></span> <span class='ocrx_word' id='word_1_151' title='bbox 1405 1456 1474 1509; x_wconf 81' lang='lat' dir='ltr'><em>eſje</em></span> <span class='ocrx_word' id='word_1_152' title='bbox 1487 1455 1681 1512; x_wconf 86' lang='lat' dir='ltr'><em>censemus,</em></span> 
     </span>
     <span class='ocr_line' id='line_1_19' title="bbox 295 1515 1529 1573; baseline 0.002 -16"><span class='ocrx_word' id='word_1_153' title='bbox 295 1519 392 1571; x_wconf 89' lang='lat' dir='ltr'><em>quod</em></span> <span class='ocrx_word' id='word_1_154' title='bbox 405 1515 483 1573; x_wconf 88' lang='lat' dir='ltr'><em>ipse</em></span> <span class='ocrx_word' id='word_1_155' title='bbox 502 1517 655 1557; x_wconf 83' lang='lat' dir='ltr'><em>clericus</em></span> <span class='ocrx_word' id='word_1_156' title='bbox 673 1519 717 1557; x_wconf 65' lang='lat'><em>{5²</em></span> <span class='ocrx_word' id='word_1_157' title='bbox 737 1517 864 1573; x_wconf 88' lang='lat' dir='ltr'><em>Frifia</em></span> <span class='ocrx_word' id='word_1_158' title='bbox 884 1527 984 1557; x_wconf 87' lang='lat' dir='ltr'><em>ortus</em></span> <span class='ocrx_word' id='word_1_159' title='bbox 1004 1518 1193 1558; x_wconf 86' lang='lat' dir='ltr'><em>habendus</em></span> <span class='ocrx_word' id='word_1_160' title='bbox 1213 1519 1285 1573; x_wconf 67' lang='lat' dir='ltr'><em>‘&#39;ff‘&#39;</em></span> <span class='ocrx_word' id='word_1_161' title='bbox 1305 1520 1529 1559; x_wconf 77' lang='lat' dir='ltr'><em>videatur.4</em></span> 
     </span>
     <span class='ocr_line' id='line_1_20' title="bbox 348 1581 1681 1636; baseline 0.002 -16"><span class='ocrx_word' id='word_1_162' title='bbox 348 1581 482 1634; x_wconf 86' lang='lat' dir='ltr'><em>Neque</em></span> <span class='ocrx_word' id='word_1_163' title='bbox 500 1597 561 1622; x_wconf 81' lang='lat' dir='ltr'><em>nos</em></span> <span class='ocrx_word' id='word_1_164' title='bbox 580 1597 718 1621; x_wconf 87' lang='lat' dir='ltr'><em>errare</em></span> <span class='ocrx_word' id='word_1_165' title='bbox 731 1591 923 1636; x_wconf 87' lang='lat' dir='ltr'><em>putamus,</em></span> <span class='ocrx_word' id='word_1_166' title='bbox 953 1583 1118 1633; x_wconf 87' lang='lat' dir='ltr'><em>dicentes,</em></span> <span class='ocrx_word' id='word_1_167' title='bbox 1143 1584 1240 1636; x_wconf 87' lang='lat' dir='ltr'><em>pari</em></span> <span class='ocrx_word' id='word_1_168' title='bbox 1257 1584 1359 1623; x_wconf 87' lang='lat' dir='ltr'><em>modo</em></span> <span class='ocrx_word' id='word_1_169' title='bbox 1379 1593 1516 1623; x_wconf 86' lang='lat' dir='ltr'><em>textum</em></span> <span class='ocrx_word' id='word_1_170' title='bbox 1538 1585 1681 1624; x_wconf 88' lang='lat' dir='ltr'><em>Anna-</em></span> 
     </span>
     <span class='ocr_line' id='line_1_21' title="bbox 294 1644 1685 1707; baseline 0.002 -21"><span class='ocrx_word' id='word_1_171' title='bbox 294 1647 395 1686; x_wconf 88' lang='lat' dir='ltr'><em>lium</em></span> <span class='ocrx_word' id='word_1_172' title='bbox 418 1644 743 1698; x_wconf 85' lang='lat' dir='ltr'><em>Colonienfium‚</em></span> <span class='ocrx_word' id='word_1_173' title='bbox 764 1662 845 1699; x_wconf 85' lang='lat' dir='ltr'><em>quo,</em></span> <span class='ocrx_word' id='word_1_174' title='bbox 865 1662 947 1700; x_wconf 83' lang='lat' dir='ltr'><em>quae</em></span> <span class='ocrx_word' id='word_1_175' title='bbox 968 1647 1193 1704; x_wconf 85' lang='lat' dir='ltr'><em>Colonienses</em></span> <span class='ocrx_word' id='word_1_176' title='bbox 1212 1649 1685 1707; x_wconf 67' lang='lat' dir='ltr'><em>geffi’runt&amp;paffisunt</em></span> 
     </span>
     <span class='ocr_line' id='line_1_22' title="bbox 294 1712 1682 1775; baseline 0.002 -24"><span class='ocrx_word' id='word_1_177' title='bbox 294 1728 330 1752; x_wconf 79' lang='grc' dir='ltr'><em>ιη</em></span> <span class='ocrx_word' id='word_1_178' title='bbox 330 1713 368 1770; x_wconf 97' lang='lat' dir='ltr'><em>s</em></span> <span class='ocrx_word' id='word_1_179' title='bbox 362 1727 456 1752; x_wconf 88' lang='lat' dir='ltr'><em>acra</em></span> <span class='ocrx_word' id='word_1_180' title='bbox 466 1712 684 1765; x_wconf 84' lang='lat' dir='ltr'><em>expeditione</em></span> <span class='ocrx_word' id='word_1_181' title='bbox 693 1712 832 1752; x_wconf 84' lang='lat' dir='ltr'><em>navali</em></span> <span class='ocrx_word' id='word_1_182' title='bbox 841 1728 902 1752; x_wconf 89' lang='lat' dir='ltr'><em>con</em></span> <span class='ocrx_word' id='word_1_183' title='bbox 904 1713 1032 1763; x_wconf 73' lang='lat' dir='ltr'><em>stitutz</em></span> <span class='ocrx_word' id='word_1_184' title='bbox 1041 1714 1284 1764; x_wconf 86' lang='lat' dir='ltr'><em>continentur,</em></span> <span class='ocrx_word' id='word_1_185' title='bbox 1293 1729 1309 1753; x_wconf 91' lang='lat' dir='ltr'><em>e</em></span> <span class='ocrx_word' id='word_1_186' title='bbox 1322 1715 1592 1754; x_wconf 87' lang='lat' dir='ltr'><em>commentariis</em></span> <span class='ocrx_word' id='word_1_187' title='bbox 1601 1715 1682 1775; x_wconf 85' lang='lat' dir='ltr'><em>qui-</em></span> 
     </span>
     <span class='ocr_line' id='line_1_23' title="bbox 296 1775 1682 1835; baseline 0.002 -19"><span class='ocrx_word' id='word_1_188' title='bbox 296 1775 454 1833; x_wconf 81' lang='lat' dir='ltr'><em>busdam</em></span> <span class='ocrx_word' id='word_1_189' title='bbox 467 1776 618 1832; x_wconf 89' lang='lat' dir='ltr'><em>compos</em></span> <span class='ocrx_word' id='word_1_190' title='bbox 604 1786 694 1816; x_wconf 89' lang='lat' dir='ltr'><em>tum</em></span> <span class='ocrx_word' id='word_1_191' title='bbox 697 1776 826 1830; x_wconf 66' lang='lat' dir='ltr'><em>fuiffe</em></span> <span class='ocrx_word' id='word_1_192' title='bbox 842 1779 890 1817; x_wconf 90' lang='lat' dir='ltr'><em>ab</em></span> <span class='ocrx_word' id='word_1_193' title='bbox 903 1778 1026 1830; x_wconf 89' lang='lat' dir='ltr'><em>aliquo</em></span> <span class='ocrx_word' id='word_1_194' title='bbox 1039 1779 1240 1832; x_wconf 88' lang='lat' dir='ltr'><em>peregrino</em></span> <span class='ocrx_word' id='word_1_195' title='bbox 1254 1779 1321 1818; x_wconf 89' lang='lat' dir='ltr'><em>vel</em></span> <span class='ocrx_word' id='word_1_196' title='bbox 1331 1779 1461 1819; x_wconf 86' lang='lat' dir='ltr'><em>clerico</em></span> <span class='ocrx_word' id='word_1_197' title='bbox 1474 1773 1682 1835; x_wconf 81' lang='lat' dir='ltr'><em>Colonienst,</em></span> 
     </span>
     <span class='ocr_line' id='line_1_24' title="bbox 296 1842 1684 1900; baseline 0.002 -18"><span class='ocrx_word' id='word_1_198' title='bbox 296 1859 412 1897; x_wconf 84' lang='lat' dir='ltr'><em>quem,</em></span> <span class='ocrx_word' id='word_1_199' title='bbox 427 1842 636 1882; x_wconf 85' lang='lat' dir='ltr'><em>Ulixibonae</em></span> <span class='ocrx_word' id='word_1_200' title='bbox 650 1842 879 1893; x_wconf 84' lang='lat' dir='ltr'><em>hiemantem,</em></span> <span class='ocrx_word' id='word_1_201' title='bbox 895 1844 1074 1884; x_wconf 88' lang='lat' dir='ltr'><em>Carmen</em></span> <span class='ocrx_word' id='word_1_202' title='bbox 1091 1843 1248 1900; x_wconf 86' lang='lat' dir='ltr'><em>Gosuini</em></span> <span class='ocrx_word' id='word_1_203' title='bbox 1259 1845 1303 1884; x_wconf 55' lang='grc' dir='ltr'><em>Εἴ</em></span> <span class='ocrx_word' id='word_1_204' title='bbox 1312 1843 1494 1897; x_wconf 85' lang='lat' dir='ltr'><em>Epistola</em></span> <span class='ocrx_word' id='word_1_205' title='bbox 1507 1844 1684 1885; x_wconf 84' lang='lat' dir='ltr'><em>Guilelmi</em></span> 
     </span>
     <span class='ocr_line' id='line_1_25' title="bbox 295 1907 1682 1966; baseline 0.002 -19"><span class='ocrx_word' id='word_1_206' title='bbox 295 1908 429 1948; x_wconf 87' lang='lat' dir='ltr'><em>comitis</em></span> <span class='ocrx_word' id='word_1_207' title='bbox 447 1922 514 1946; x_wconf 88' lang='lat' dir='ltr'><em>non</em></span> <span class='ocrx_word' id='word_1_208' title='bbox 535 1907 742 1957; x_wconf 87' lang='lat' dir='ltr'><em>latuerunt,</em></span> <span class='ocrx_word' id='word_1_209' title='bbox 759 1907 813 1947; x_wconf 90' lang='lat' dir='ltr'><em>ita</em></span> <span class='ocrx_word' id='word_1_210' title='bbox 834 1918 875 1947; x_wconf 84' lang='lat' dir='ltr'><em>ut</em></span> <span class='ocrx_word' id='word_1_211' title='bbox 893 1924 935 1948; x_wconf 83' lang='lat' dir='ltr'><em>ex</em></span> <span class='ocrx_word' id='word_1_212' title='bbox 954 1908 1010 1958; x_wconf 88' lang='lat' dir='ltr'><em>iis,</em></span> <span class='ocrx_word' id='word_1_213' title='bbox 1028 1923 1110 1961; x_wconf 85' lang='lat' dir='ltr'><em>quae</em></span> <span class='ocrx_word' id='word_1_214' title='bbox 1129 1908 1204 1966; x_wconf 88' lang='lat' dir='ltr'><em>ipse</em></span> <span class='ocrx_word' id='word_1_215' title='bbox 1220 1909 1363 1948; x_wconf 82' lang='lat' dir='ltr'><em>viderit</em></span> <span class='ocrx_word' id='word_1_216' title='bbox 1381 1911 1425 1949; x_wconf 47' lang='grc' dir='ltr'><em>ἐξ</em></span> <span class='ocrx_word' id='word_1_217' title='bbox 1447 1910 1622 1961; x_wconf 86' lang='lat' dir='ltr'><em>audierit,</em></span> <span class='ocrx_word' id='word_1_218' title='bbox 1638 1911 1682 1950; x_wconf 63' lang='lat'><em>{52²</em></span> 
     </span>
     <span class='ocr_line' id='line_1_26' title="bbox 282 1970 1681 2026; baseline 0.003 -16"><span class='ocrx_word' id='word_1_219' title='bbox 282 1973 455 2026; x_wconf 77' lang='lat' dir='ltr'><em>fontibus</em></span> <span class='ocrx_word' id='word_1_220' title='bbox 463 1972 536 2026; x_wconf 87' lang='lat' dir='ltr'><em>istis</em></span> <span class='ocrx_word' id='word_1_221' title='bbox 547 1970 804 2012; x_wconf 85' lang='lat' dir='ltr'><em>Colonienfis</em></span> <span class='ocrx_word' id='word_1_222' title='bbox 817 1974 1076 2012; x_wconf 86' lang='lat' dir='ltr'><em>narrationem</em></span> <span class='ocrx_word' id='word_1_223' title='bbox 1089 1973 1318 2026; x_wconf 87' lang='lat' dir='ltr'><em>conscribere</em></span> <span class='ocrx_word' id='word_1_224' title='bbox 1327 1974 1499 2026; x_wconf 80' lang='lat' dir='ltr'><em>potuerit.</em></span> <span class='ocrx_word' id='word_1_225' title='bbox 1509 1974 1681 2014; x_wconf 85' lang='lat' dir='ltr'><em>Ceterum</em></span> 
     </span>
     <span class='ocr_line' id='line_1_27' title="bbox 295 2035 1681 2091; baseline 0.002 -15"><span class='ocrx_word' id='word_1_226' title='bbox 295 2052 386 2077; x_wconf 86' lang='lat' dir='ltr'><em>vero</em></span> <span class='ocrx_word' id='word_1_227' title='bbox 422 2035 646 2075; x_wconf 81' lang='lat' dir='ltr'><em>Annalium</em></span> <span class='ocrx_word' id='word_1_228' title='bbox 683 2035 992 2075; x_wconf 78' lang='lat' dir='ltr'><em>Colonienfium</em></span> <span class='ocrx_word' id='word_1_229' title='bbox 1027 2045 1209 2076; x_wconf 63' lang='lat' dir='ltr'><em>auctorem</em></span> <span class='ocrx_word' id='word_1_230' title='bbox 1251 2038 1422 2091; x_wconf 86' lang='lat' dir='ltr'><em>Oliverij</em></span> <span class='ocrx_word' id='word_1_231' title='bbox 1458 2038 1681 2079; x_wconf 88' lang='lat' dir='ltr'><em>Historiam</em></span> 
     </span>
     <span class='ocr_line' id='line_1_28' title="bbox 297 2100 1617 2159; baseline 0.001 -17"><span class='ocrx_word' id='word_1_232' title='bbox 297 2100 577 2142; x_wconf 86' lang='lat' dir='ltr'><em>Damiatinam</em></span> <span class='ocrx_word' id='word_1_233' title='bbox 587 2101 680 2154; x_wconf 85' lang='lat' dir='ltr'><em>fere</em></span> <span class='ocrx_word' id='word_1_234' title='bbox 699 2102 815 2140; x_wconf 86' lang='lat' dir='ltr'><em>verbo</em></span> <span class='ocrx_word' id='word_1_235' title='bbox 835 2111 935 2140; x_wconf 89' lang='lat' dir='ltr'><em>tenus</em></span> <span class='ocrx_word' id='word_1_236' title='bbox 954 2102 1196 2159; x_wconf 76' lang='lat' dir='ltr'><em>exscripstffe,</em></span> <span class='ocrx_word' id='word_1_237' title='bbox 1215 2102 1292 2142; x_wconf 87' lang='lat' dir='ltr'><em>iam</em></span> <span class='ocrx_word' id='word_1_238' title='bbox 1313 2104 1488 2143; x_wconf 89' lang='lat' dir='ltr'><em>neminem</em></span> <span class='ocrx_word' id='word_1_239' title='bbox 1496 2104 1617 2157; x_wconf 85' lang='lat' dir='ltr'><em>fugit.</em></span> 
     </span>
     <span class='ocr_line' id='line_1_29' title="bbox 354 2165 1682 2223; baseline 0.002 -17"><span class='ocrx_word' id='word_1_240' title='bbox 354 2165 479 2206; x_wconf 84' lang='lat' dir='ltr'><em>Tertio</em></span> <span class='ocrx_word' id='word_1_241' title='bbox 499 2166 693 2223; x_wconf 84' lang='lat' dir='ltr'><em>censemus,</em></span> <span class='ocrx_word' id='word_1_242' title='bbox 723 2167 837 2205; x_wconf 82' lang='lat' dir='ltr'><em>textui</em></span> <span class='ocrx_word' id='word_1_243' title='bbox 855 2167 1014 2207; x_wconf 65' lang='lat' dir='ltr'><em>auctoris</em></span> <span class='ocrx_word' id='word_1_244' title='bbox 1033 2166 1213 2206; x_wconf 65' lang='lat' dir='ltr'><em>Rhenum·</em></span> <span class='ocrx_word' id='word_1_245' title='bbox 1234 2177 1382 2221; x_wconf 80' lang='lat' dir='ltr'><em>praeter</em></span> <span class='ocrx_word' id='word_1_246' title='bbox 1405 2167 1575 2221; x_wconf 58' lang='lat' dir='ltr'><em>Oliverff</em></span> <span class='ocrx_word' id='word_1_247' title='bbox 1589 2169 1682 2209; x_wconf 87' lang='lat' dir='ltr'><em>His-</em></span> 
     </span>
     <span class='ocr_line' id='line_1_30' title="bbox 296 2230 1680 2289; baseline 0.002 -18"><span class='ocrx_word' id='word_1_248' title='bbox 296 2232 441 2272; x_wconf 88' lang='lat' dir='ltr'><em>toriam</em></span> <span class='ocrx_word' id='word_1_249' title='bbox 473 2231 626 2289; x_wconf 59' lang='lat' dir='ltr'><em>subeſj}</em></span> <span class='ocrx_word' id='word_1_250' title='bbox 667 2232 941 2271; x_wconf 80' lang='lat' dir='ltr'><em>commentarios</em></span> <span class='ocrx_word' id='word_1_251' title='bbox 993 2230 1186 2288; x_wconf 76' lang='lat' dir='ltr'><em>cuiusdam</em></span> <span class='ocrx_word' id='word_1_252' title='bbox 1224 2232 1422 2286; x_wconf 85' lang='lat' dir='ltr'><em>peregrini</em></span> <span class='ocrx_word' id='word_1_253' title='bbox 1467 2232 1680 2289; x_wconf 55' lang='lat' dir='ltr'><em>iN&#39;zgffiensis.</em></span> 
     </span>
     <span class='ocr_line' id='line_1_31' title="bbox 295 2295 1684 2355; baseline 0.003 -20"><span class='ocrx_word' id='word_1_254' title='bbox 295 2295 429 2348; x_wconf 81' lang='lat' dir='ltr'><em>Neque</em></span> <span class='ocrx_word' id='word_1_255' title='bbox 450 2297 758 2349; x_wconf 84' lang='lat' dir='ltr'><em>praetereundum</em></span> <span class='ocrx_word' id='word_1_256' title='bbox 778 2299 840 2349; x_wconf 86' lang='lat' dir='ltr'><em>est,</em></span> <span class='ocrx_word' id='word_1_257' title='bbox 867 2297 1082 2355; x_wconf 66' lang='lat' dir='ltr'><em>Caesarium</em></span> <span class='ocrx_word' id='word_1_258' title='bbox 1109 2295 1450 2351; x_wconf 64' lang='lat' dir='ltr'><em>Hesterbacensem</em></span> <span class='ocrx_word' id='word_1_259' title='bbox 1471 2299 1547 2338; x_wconf 90' lang='lat' dir='ltr'><em>iam</em></span> <span class='ocrx_word' id='word_1_260' title='bbox 1568 2301 1684 2351; x_wconf 69' lang='lat' dir='ltr'><em>nostri</em></span> 
     </span>
     <span class='ocr_line' id='line_1_32' title="bbox 296 2361 1681 2421; baseline 0.001 -20"><span class='ocrx_word' id='word_1_261' title='bbox 296 2362 457 2402; x_wconf 67' lang='lat' dir='ltr'><em>amoris</em></span> <span class='ocrx_word' id='word_1_262' title='bbox 478 2361 698 2401; x_wconf 86' lang='lat' dir='ltr'><em>narratione</em></span> <span class='ocrx_word' id='word_1_263' title='bbox 716 2362 759 2400; x_wconf 88' lang='lat' dir='ltr'><em>de</em></span> <span class='ocrx_word' id='word_1_264' title='bbox 783 2363 919 2416; x_wconf 86' lang='lat' dir='ltr'><em>pugnis</em></span> <span class='ocrx_word' id='word_1_265' title='bbox 939 2362 976 2401; x_wconf 88' lang='lat' dir='ltr'><em>in</em></span> <span class='ocrx_word' id='word_1_266' title='bbox 1000 2361 1228 2415; x_wconf 85' lang='lat' dir='ltr'><em>Portugalia</em></span> <span class='ocrx_word' id='word_1_267' title='bbox 1250 2363 1437 2418; x_wconf 84' lang='lat' dir='ltr'><em>commiffis</em></span> <span class='ocrx_word' id='word_1_268' title='bbox 1458 2364 1564 2421; x_wconf 86' lang='lat' dir='ltr'><em>usum</em></span> <span class='ocrx_word' id='word_1_269' title='bbox 1584 2364 1681 2418; x_wconf 54' lang='grc' dir='ltr'><em>ψ,-</em></span> 
     </span>
    </p>
   </div>
   <div class='ocr_carea' id='block_1_3' title="bbox 296 2491 1738 2750">
    <p class='ocr_par' dir='ltr' id='par_1_3' title="bbox 296 2491 1738 2750">
     <span class='ocr_line' id='line_1_33' title="bbox 347 2491 1447 2539; baseline 0.004 -15"><span class='ocrx_word' id='word_1_270' title='bbox 347 2505 360 2524; x_wconf 93' lang='lat'>1</span> <span class='ocrx_word' id='word_1_271' title='bbox 393 2493 445 2525; x_wconf 88' lang='lat' dir='ltr'><em>De</em></span> <span class='ocrx_word' id='word_1_272' title='bbox 472 2492 583 2525; x_wconf 67' lang='lat' dir='ltr'>sanSm</span> <span class='ocrx_word' id='word_1_273' title='bbox 602 2491 743 2530; x_wconf 83' lang='lat' dir='ltr'><em>Quirino</em></span> <span class='ocrx_word' id='word_1_274' title='bbox 770 2492 942 2527; x_wconf 81' lang='lat' dir='ltr'><em>conferas:</em></span> <span class='ocrx_word' id='word_1_275' title='bbox 1030 2505 1131 2538; x_wconf 86' lang='lat' dir='ltr'><em>quam</em></span> <span class='ocrx_word' id='word_1_276' title='bbox 1152 2493 1282 2538; x_wconf 82' lang='lat' dir='ltr'><em>reperiri</em></span> <span class='ocrx_word' id='word_1_277' title='bbox 1304 2493 1447 2539; x_wconf 84' lang='lat' dir='ltr'><em>poffunt.</em></span> 
     </span>
     <span class='ocr_line' id='line_1_34' title="bbox 296 2544 1365 2592; baseline 0.002 -13"><span class='ocrx_word' id='word_1_278' title='bbox 296 2546 380 2579; x_wconf 58' lang='lat' dir='ltr'><em>Aeta</em></span> <span class='ocrx_word' id='word_1_279' title='bbox 399 2546 450 2577; x_wconf 90' lang='lat' dir='ltr'><em>SS.</em></span> <span class='ocrx_word' id='word_1_280' title='bbox 471 2544 560 2586; x_wconf 89' lang='lat' dir='ltr'><em>Boll.‚</em></span> <span class='ocrx_word' id='word_1_281' title='bbox 586 2553 682 2578; x_wconf 86' lang='lat' dir='ltr'>mart.</span> <span class='ocrx_word' id='word_1_282' title='bbox 703 2556 760 2586; x_wconf 84' lang='lat'><em>111,</em></span> <span class='ocrx_word' id='word_1_283' title='bbox 780 2549 945 2590; x_wconf 82' lang='lat'><em>811-815,</em></span> <span class='ocrx_word' id='word_1_284' title='bbox 1080 2558 1094 2587; x_wconf 89' lang='lat'>3</span> <span class='ocrx_word' id='word_1_285' title='bbox 1119 2549 1218 2589; x_wconf 88' lang='lat' dir='ltr'><em>Emo,</em></span> <span class='ocrx_word' id='word_1_286' title='bbox 1237 2559 1266 2592; x_wconf 93' lang='lat' dir='ltr'><em>p.</em></span> <span class='ocrx_word' id='word_1_287' title='bbox 1287 2551 1365 2590; x_wconf 87' lang='lat'>478.</span> 
     </span>
     <span class='ocr_line' id='line_1_35' title="bbox 297 2597 1738 2643; baseline 0.003 -12"><span class='ocrx_word' id='word_1_288' title='bbox 297 2598 434 2642; x_wconf 86' lang='lat' dir='ltr'><em>eiusque</em></span> <span class='ocrx_word' id='word_1_289' title='bbox 457 2597 499 2630; x_wconf 92' lang='lat' dir='ltr'><em>de</em></span> <span class='ocrx_word' id='word_1_290' title='bbox 523 2597 737 2631; x_wconf 85' lang='lat' dir='ltr'><em>transsatione</em></span> <span class='ocrx_word' id='word_1_291' title='bbox 761 2610 848 2632; x_wconf 85' lang='lat' dir='ltr'><em>anno</em></span> <span class='ocrx_word' id='word_1_292' title='bbox 871 2601 944 2632; x_wconf 85' lang='lat' dir='ltr'><em>ML</em></span> <span class='ocrx_word' id='word_1_293' title='bbox 1076 2613 1098 2641; x_wconf 88' lang='lat'>4</span> <span class='ocrx_word' id='word_1_294' title='bbox 1126 2599 1226 2634; x_wconf 88' lang='lat' dir='ltr'><em>Conf.</em></span> <span class='ocrx_word' id='word_1_295' title='bbox 1256 2601 1421 2643; x_wconf 86' lang='lat' dir='ltr'><em>Gelhorn,</em></span> <span class='ocrx_word' id='word_1_296' title='bbox 1451 2601 1515 2635; x_wconf 81' lang='lat' dir='ltr'><em>Die</em></span> <span class='ocrx_word' id='word_1_297' title='bbox 1540 2603 1681 2636; x_wconf 81' lang='lat' dir='ltr'><em>Chronik</em></span> <span class='ocrx_word' id='word_1_298' title='bbox 1735 2629 1738 2631; x_wconf 21' lang='grc' dir='ltr'><strong>Α</strong></span> 
     </span>
     <span class='ocr_line' id='line_1_36' title="bbox 297 2650 1680 2701; baseline 0.004 -17"><span class='ocrx_word' id='word_1_299' title='bbox 297 2650 397 2693; x_wconf 63' lang='grc' dir='ltr'><em>ῐειξὶᾶ,</em></span> <span class='ocrx_word' id='word_1_300' title='bbox 418 2651 758 2694; x_wconf 70' lang='lat' dir='ltr'><em>Lbhrer,Geschichte</em></span> <span class='ocrx_word' id='word_1_301' title='bbox 772 2655 833 2685; x_wconf 82' lang='lat' dir='ltr'><em>der</em></span> <span class='ocrx_word' id='word_1_302' title='bbox 853 2654 947 2685; x_wconf 81' lang='lat' dir='ltr'><em>Stadt</em></span> <span class='ocrx_word' id='word_1_303' title='bbox 1029 2654 1084 2686; x_wconf 82' lang='lat' dir='ltr'><em>des</em></span> <span class='ocrx_word' id='word_1_304' title='bbox 1129 2654 1204 2686; x_wconf 85' lang='lat' dir='ltr'><em>Emo</em></span> <span class='ocrx_word' id='word_1_305' title='bbox 1245 2656 1316 2687; x_wconf 87' lang='lat' dir='ltr'><em>und</em></span> <span class='ocrx_word' id='word_1_306' title='bbox 1352 2655 1485 2696; x_wconf 78' lang='lat' dir='ltr'><em>Menke,</em></span> <span class='ocrx_word' id='word_1_307' title='bbox 1536 2656 1680 2701; x_wconf 84' lang='lat' dir='ltr'><em>Danzig‚</em></span> 
     </span>
     <span class='ocr_line' id='line_1_37' title="bbox 297 2705 1679 2750; baseline 0.004 -13"><span class='ocrx_word' id='word_1_308' title='bbox 297 2705 415 2748; x_wconf 82' lang='lat' dir='ltr'><em>Neuss,</em></span> <span class='ocrx_word' id='word_1_309' title='bbox 440 2708 539 2746; x_wconf 78' lang='lat'><em>1840,</em></span> <span class='ocrx_word' id='word_1_310' title='bbox 558 2709 677 2747; x_wconf 87' lang='lat'><strong>44-46.</strong></span> <span class='ocrx_word' id='word_1_311' title='bbox 1034 2709 1133 2746; x_wconf 83' lang='lat'><em>1872,</em></span> <span class='ocrx_word' id='word_1_312' title='bbox 1152 2718 1182 2750; x_wconf 85' lang='lat' dir='ltr'><em>p.</em></span> <span class='ocrx_word' id='word_1_313' title='bbox 1198 2719 1236 2749; x_wconf 87' lang='lat'><em>4;</em></span> <span class='ocrx_word' id='word_1_314' title='bbox 1255 2707 1377 2749; x_wconf 85' lang='lat' dir='ltr'><em>Wind,</em></span> <span class='ocrx_word' id='word_1_315' title='bbox 1397 2708 1478 2741; x_wconf 86' lang='lat' dir='ltr'><em>Bibl.</em></span> <span class='ocrx_word' id='word_1_316' title='bbox 1492 2710 1532 2741; x_wconf 88' lang='lat' dir='ltr'><em>de</em></span> <span class='ocrx_word' id='word_1_317' title='bbox 1545 2710 1679 2743; x_wconf 84' lang='lat' dir='ltr'><em>Nederl.</em></span> 
     </span>
    </p>
   </div>
   <div class='ocr_carea' id='block_1_4' title="bbox 347 2758 1349 2803">
    <p class='ocr_par' dir='ltr' id='par_1_4' title="bbox 347 2758 1349 2803">
     <span class='ocr_line' id='line_1_38' title="bbox 347 2758 1349 2803; baseline 0.001 -12"><span class='ocrx_word' id='word_1_318' title='bbox 347 2772 366 2791; x_wconf 89' lang='lat'><em>2</em></span> <span class='ocrx_word' id='word_1_319' title='bbox 396 2758 489 2791; x_wconf 86' lang='lat' dir='ltr'><em>Istius</em></span> <span class='ocrx_word' id='word_1_320' title='bbox 519 2759 668 2803; x_wconf 79' lang='lat' dir='ltr'><em>personae</em></span> <span class='ocrx_word' id='word_1_321' title='bbox 702 2758 836 2803; x_wconf 84' lang='lat' dir='ltr'><em>vestigia</em></span> <span class='ocrx_word' id='word_1_322' title='bbox 869 2758 943 2791; x_wconf 89' lang='lat' dir='ltr'><em>nus—</em></span> <span class='ocrx_word' id='word_1_323' title='bbox 1030 2759 1211 2802; x_wconf 64' lang='lat' dir='ltr'><em>Geschie&#39;d,</em></span> <span class='ocrx_word' id='word_1_324' title='bbox 1234 2765 1349 2801; x_wconf 82' lang='lat'>34-36.</span> 
     </span>
    </p>
   </div>
  </div>
 </body>
</html>
