2216 3435
657 117 738 176 148
1208 127 1465 159 ARCULFUS

646 275 781 320 menti
817 289 985 336 partem
1023 293 1045 319 e
1082 275 1260 338 regione
1305 274 1620 337 respicientem,
1655 272 1918 334 culmenque
1953 271 2027 318 de-

646 346 770 408 super
795 345 958 391 humile
984 347 1178 391 eminens
1206 344 1504 391 fabrefac‘lum.
1533 349 1575 391 In
1602 362 1691 407 quo
1717 344 1867 406 utique
1893 344 2029 407 sepul-

645 434 720 462 cro
768 416 975 463 duodene
1022 415 1262 479 lampadeS,
1314 417 1429 462 iuxta
1478 427 1738 462 numerum*
1791 414 2030 461 duodecim

645 489 962 552 apostolorum,
1001 489 1168 551 semper
1200 487 1270 533 die
1311 505 1362 533 ac
1400 491 1530 534 110&oe
1561 487 1761 534 ardentes
1785 487 1946 546 lucent,
1980 505 2031 533 ex

646 559 801 622 quibus
834 577 1023 622 quatuor
1052 562 1094 604 in
1121 561 1212 604 imo
1238 559 1347 604 illius
1371 559 1517 605 lectuli
1543 558 1787 622 sepulcralis
1836 558 1938 603 loco
1966 559 2030 603 in-

648 632 772 678 ferius
803 630 954 694 posite,
986 632 1067 677 alie
1097 648 1200 677 vero
1225 629 1287 676 bis
1315 631 1601 692 quaternales,
1632 630 1757 692 super
1788 630 2033 693 marginem

647 704 735 748 eius
762 704 951 766 superius
984 703 1199 748 collocate
1225 701 1281 747 ad
1310 702 1420 748 latus
1445 702 1661 762 dextrum,
1689 701 1791 747 oleo
1819 701 2034 748 nutriente

648 775 829 839 fulgent.

713 846 795 892 Sed
821 849 865 892 ὅ(
897 846 982 890 hoc
1008 846 1139 890 etiam
1165 844 1411 891 notandum
1444 843 1530 890 effe
1554 843 1738 903 videtur,
1767 843 1890 906 quod
1914 861 2036 890 mau-

649 918 813 964 soleum
854 917 922 963 vel
962 916 1204 978 sepulcrum
1238 916 1486 976 Salvamris,
1518 916 1605 961 hoc
1640 916 1697 961 est
1728 916 1827 978 sepe
1864 932 2035 961 memo-

649 1006 790 1035 ratum
837 989 1078 1052 tugurium,
1124 988 1319 1051 speleum
1366 986 1449 1034 sive
1476 990 1674 1049 spelunca
1727 991 1841 1033 reete
1886 986 2040 1034 vocari

648 1061 789 1124 possit,
823 1060 877 1106 de
914 1078 1000 1122 qua
1024 1058 1240 1118 videlicet,
1279 1060 1481 1105 Domino
1507 1060 1655 1105 nostro
1683 1060 1768 1104 Iesu
1794 1058 1967 1105 Christo
1991 1058 2035 1102 in

649 1150 699 1178 ea
722 1132 907 1195 sepulto,
929 1131 1147 1194 propheta
1178 1133 1458 1188 vaticinatur,
1481 1130 1646 1176 dicens:
1668 1133 1751 1176 Hic
1774 1133 1970 1176 habitabit
1994 1133 2035 1174 in

649 1205 803 1265 excelsa
827 1205 1024 1265 spelunca
1050 1220 1164 1262 petre
1185 1204 1420 1262 forriffime.
1461 1202 1505 1247 Et
1535 1202 1666 1264 paulo
1699 1203 1795 1265 post
1832 1201 1886 1248 de
1910 1199 2037 1264 ipsius

651 1276 835 1320 Domini
871 1274 1178 1320 resurreetione
1212 1273 1267 1319 ad
1304 1274 1527 1336 apostolos
1576 1273 1854 1319 letificandos
1896 1272 2038 1319 subin—

648 1346 803 1391 fertur:
832 1350 983 1407 R’gem
1009 1364 1095 1390 cum
1120 1348 1260 1407 gloria
1287 1349 1495 1391 videbitis.

714 1419 850 1480 Supra
896 1416 1009 1463 dicle
1044 1418 1175 1481 igitur
1218 1416 1391 1463 ecclesie
1432 1418 1669 1463 formulam
1705 1435 1806 1463 curn
1845 1417 2038 1464 rotundo

653 1489 875 1553 tuguriolo
914 1490 957 1533 in
988 1489 1076 1534 eius
1108 1487 1258 1534 medio
1294 1489 1536 1547 collocato,
1575 1490 1618 1534 in
1654 1490 1773 1534 cuius
1799 1489 2039 1552 aquilonali

653 1576 774 1621 parte
811 1558 1086 1604 dominicum
1118 1558 1301 1605 habetur
1332 1560 1592 1623 sepulcrum,
1625 1559 1814 1606 lubiedht
1849 1559 2040 1606 declarat

654 1632 834 1692 pistura,
877 1648 1055 1676 necnon
1084 1632 1129 1676 ὃς
1174 1633 1303 1676 trium
1344 1631 1527 1677 aliarum
1568 1631 1706 1695 figure
1749 1630 2038 1691 ecclefiarum‚

653 1701 707 1746 de
735 1700 891 1763 quibus
916 1702 1091 1747 inferius
1116 1700 1400 1747 intimabitur.

720 1774 811 1818 Has
853 1774 1001 1835 itaque
1044 1773 1365 1835 quaternalium
1400 1772 1559 1836 figuras
1601 1772 1878 1820 ecclesiarum
1922 1775 2040 1820 iuxta

656 1844 896 1907 exemplar³
937 1843 1059 1906 quod
1093 1844 1218 1903 mihi,
1256 1861 1302 1889 ut
1328 1845 1518 1907 superius
1556 1844 1721 1891 dictum
1757 1845 1829 1905 est,
1872 1846 2041 1891 sanequs

658 1916 861 1961 Arculfus
892 1917 936 1962 in
962 1916 1171 1979 paginula
1200 1915 1401 1979 figuravit
1434 1933 1589 1976 cerata,
1623 1915 1913 1979 depinximus,
1950 1935 2041 1963 non

656 1986 778 2051 quod
802 1987 931 2051 poffit
963 2005 1109 2033 earum
1142 1986 1376 2033 similitudo
1410 1988 1592 2034 formari
1616 1989 1660 2033 in
1685 1989 1867 2051 picium,
1899 1988 1972 2034 sed
1998 2006 2043 2034 ut

657 2060 935 2106 dominicum
968 2075 1324 2118 monumentum,
1352 2059 1454 2105 licet
1490 2060 1563 2105 tali
1596 2059 1861 2124 figuratione
1894 2061 1967 2107 vili
1997 2063 2041 2106 in

657 2130 891 2177 medietate
946 2130 1133 2176 rotunde
1198 2129 1371 2177 ecclesle
1430 2132 1712 2176 constitutum
1769 2133 2043 2191 monstretur,

658 2203 806 2265 utique
821 2214 834 2231 ι’
870 2203 970 2248 huic
1006 2203 1212 2265 proprior
1255 2201 1431 2248 ecclefia
1474 2203 1543 2249 vel
1585 2220 1669 2265 que
1711 2204 1878 2249 eminus
1905 2202 2044 2267 pofita

660 2275 909 2321 declaretur.

708 2430 736 2450 a.
757 2417 807 2451 Al.
822 2430 985 2459 normam,
1000 2418 1147 2451 nomina.
1161 2439 1203 2442 —
1228 2419 1258 2451 b.
1275 2419 1307 2451 L.
1393 2426 1450 2451 aut
1468 2431 1541 2463 que.

663 2469 821 2514 sepulchri
848 2470 926 2504 aliis.
956 2492 997 2496 —
1026 2483 1054 2504 c.
1091 2473 1147 2514 B„
1182 2474 1235 2514 G„
1263 2471 1307 2504 al.

2072 1558 2159 1587 Hanc
2184 1557 2216 1595 fig

2058 1599 2123 1629 vide
2143 1608 2216 1630 comt
