2216 3435
591 196 656 228 DE
682 195 863 229 TERRA
887 195 1109 229 SANCTA.
1482 197 1540 247 75

180 343 363 405 triginta.
401 343 468 388 De
494 340 648 387 Adana
682 343 814 404 usque
839 346 1107 403 mamistram
1143 344 1329 406 triginta.
1367 345 1434 389 De
1459 345 1550 389 Ma-

181 413 323 458 mistra
356 413 488 474 usque
521 412 577 458 ad
608 418 856 476 eAnastafiam
890 452 897 459 .
938 452 943 459 .
983 453 990 459 .
1028 414 1160 475 usque
1191 413 1245 459 ad
1283 418 1414 475 Egeas
1439 415 1551 460 sexa-

181 484 314 547 ginta.
351 485 418 528 De
445 483 562 546 Egeis
588 484 720 545 usque
743 483 799 529 ad
828 486 1123 530 c-Alexandriam
1149 485 1410 531 Graviosam
1437 486 1551 530 sexa-

179 556 313 618 ginta.
362 553 432 600 Ab
472 554 733 600 Alexandria
774 553 862 600 ada
896 560 1160 601 cAntioclziam
1201 556 1431 618 sexaginta.
1484 557 1552 602 De

180 624 412 671 Antiochia
437 626 569 687 usque
593 626 637 670 in
663 625 848 686 Cyr·u1n‚‘³
872 624 944 671 ubi
977 627 1071 673 sunt
1102 627 1268 673 sanctus
1298 626 1484 672 Cosmas
1508 629 1553 672 ὃς

180 696 433 754 Damianus‚
459 697 533 758 qui
558 695 617 741 ibi
641 698 685 741 ὃς
715 696 892 758 percussi
927 697 1035 755 sunt,
1072 698 1301 762 sexaginta.
1338 699 1406 743 De
1431 698 1552 758 Cyro

181 768 314 830 usque
345 768 660 827 ‘Ba1·bal{ffum,⁶
683 766 755 812 ubi
780 767 876 813 sunt
906 768 1084 830 percussi
1116 769 1284 814 sanetus
1314 768 1484 831 Sergius
1509 770 1554 814 ὃς

181 838 385 898 Bacchus,
414 838 546 883 millia
569 838 799 901 sexaginta.
836 840 903 884 De
923 838 1155 885 Barbalisso
1180 840 1312 901 usque
1331 838 1385 885 ad
1405 843 1553 885 Hiera-

173 909 367 972 polimd.
396 948 402 955 .
433 946 439 953 .
481 912 524 953 In
552 911 784 955 Canalicum
810 910 943 955 millia
965 912 1205 973 ocftoginta.
1243 912 1310 956 De
1334 911 1554 956 Canolico

180 981 313 1043 usque
347 981 391 1025 in
418 982 712 1041 Constantinam
744 980 876 1026 millia
906 981 1135 1044 sexaginta.
1173 983 1241 1027 De
1265 982 1556 1028 Constantina

179 1054 221 1098 in
259 1053 461 1112 Edeffame
485 1053 728 1114 ofsoginta,
776 1051 848 1097 ubi
872 1051 1072 1116 Abgarus
1107 1070 1193 1111 reX,
1230 1053 1337 1115 quis
1355 1054 1554 1099 Domino

182 1123 354 1169 Christo
396 1120 568 1185 scripsit,
605 1121 821 1168 manebat.
858 1124 926 1168 De
962 1121 1108 1169 Edessa
1149 1125 1281 1186 usque
1316 1125 1359 1169 in
1399 1129 1554 1170 ‘Daram

181 1210 358 1240 centum
382 1194 546 1257 viginti.
586 1194 653 1238 De
678 1195 795 1239 Dara
819 1194 862 1238 in
888 1197 1082 1239 c-Amidam
1107 1196 1350 1258 octoginta,
1385 1213 1470 1257 que
1500 1196 1557 1241 est

182 1264 238 1311 ad
263 1265 371 1310 fines
395 1265 621 1310 Persarum.
660 1266 728 1310 De
754 1264 915 1310 Amida
941 1265 1074 1327 usque
1102 1269 1277 1328 Ramusa
1304 1306 1310 1312 .
1352 1306 1357 1312 .
1398 1304 1405 1312 .

248 1336 445 1382 XXXVI.
483 1334 718 1382 fabricavit
750 1335 990 1381 Anastasius
1026 1337 1069 1381 in
1107 1338 1425 1399 Mesopotamia
1457 1355 1557 1400 pro-

184 1408 327 1454 vincia
340 1407 573 1466 civitatem,
594 1424 678 1469 que
697 1412 814 1452 ‘Dara
839 1405 1019 1467 dicitur3
1047 1424 1163 1454 tenet
1176 1409 1220 1453 in
1235 1408 1559 1472 longitudinem

182 1479 315 1524 millia
334 1479 423 1523 tria.
455 1479 630 1541 Propter
649 1478 801 1537 Persas,
823 1478 1001 1540 quando
1020 1481 1063 1524 in
1084 1480 1359 1543 provinciam
1374 1481 1559 1544 impera-

185 1551 287 1596 toris
310 1549 367 1595 ad
391 1548 668 1612 predandum
692 1547 938 1609 veniebant,
964 1549 1022 1596 ibi
1049 1549 1205 1596 foffata
1227 1550 1435 1615 figebant,
1459 1553 1561 1614 quia

182 1638 296 1682 aque
322 1620 566 1666 nullatenus
591 1621 868 1667 inveniuntur
892 1620 966 1666 nifi
993 1620 1052 1667 ibi
1074 1645 1082 1668 :
1107 1623 1151 1667 in
1178 1640 1263 1684 qua
1288 1624 1460 1669 civitate
1484 1622 1562 1669 flu-

179 1693 272 1739 vius
310 1692 408 1751 exit,
446 1691 502 1737 ad
537 1707 668 1754 caput
705 1692 885 1738 civitatis
921 1694 1078 1757 mergit
1107 1693 1183 1740 sub
1217 1710 1339 1754 terra,
1375 1695 1451 1757 qui
1473 1696 1563 1758 ipse

180 1762 334 1809 fluvius
370 1763 512 1807 omnis
548 1780 676 1808 muro
717 1763 881 1809 cinctus
919 1765 988 1810 est.
1037 1765 1203 1812 Civitas
1241 1768 1488 1812 meliteneg
1517 1767 1562 1812 in

182 1832 311 1880 Persia
338 1835 543 1880 Armenie
575 1834 646 1892 est,
678 1834 768 1896 ipsa
792 1836 837 1880 ὃς
869 1837 1156 1898 metropoli53
1191 1837 1273 1883 alia
1300 1839 1447 1885 civitas
1483 1840 1561 1884 Ar-

183 1906 328 1964 canso,
350 1904 433 1950 alia
450 1905 666 1963 Cocurso,
689 1906 770 1951 alia
790 1909 1061 1952 Germanicia.
1091 1911 1192 1969 Susa
1213 1908 1368 1954 dicitur
1387 1911 1561 1973 triginta

183 1975 238 2022 de
263 1978 500 2036 Babylonia.
540 1974 599 2021 Ibi
623 1976 718 2021 sunt
741 1978 786 2021 ὃ(
810 1993 891 2022 tres
919 1979 1067 2040 pueri:
1099 1979 1142 2023 in
1177 1996 1261 2041 qua
1288 1981 1458 2026 civitate
1486 1980 1559 2026 ha-

181 2045 334 2093 bitatio
362 2047 593 2092 hominum
618 2064 709 2092 non
730 2048 786 2092 est
806 2065 984 2111 propter
1012 2049 1227 2111 serpentes
1253 2051 1297 2095 ὃς
1318 2050 1558 2114 hippocen-

182 2120 365 2164 tauross'
389 2119 492 2163 I-Ioc
527 2117 739 2163 Eudoxius
769 2118 888 2177 dixit,
923 2120 996 2182 qui
1030 2119 1083 2166 de
1112 2121 1202 2183 ipsa
1233 2123 1458 2184 provincia
1487 2123 1556 2170 est.

245 2190 457 2236 XXXVII.
494 2191 561 2236 De
585 2188 810 2235 montibus
836 2192 1041 2237 Armenie
1067 2209 1222 2237 exeunt
1247 2192 1335 2238 duo
1362 2192 1557 2253 flumina,

182 2262 322 2323 ‘Tigris
346 2263 390 2306 ὃς
408 2265 640 2323 Euphrates.
680 2261 724 2306 Et
745 2262 892 2325 irrigat
909 2263 1049 2326 Tigris
1076 2280 1203 2309 terras
1223 2263 1492 2324 Assyriorum
1513 2268 1558 2311 ὃς

181 2332 410 2395 Euphrates
427 2333 573 2396 irrigat
598 2349 726 2378 terras
749 2333 1095 2395 Mesopotamie3
1124 2338 1275 2397 ῬΙιζβοη
1301 2352 1445 2381 autem
1471 2338 1557 2382 irri-

182 2419 257 2466 gat
293 2421 473 2449 omnem
509 2421 665 2449 terram
700 2403 895 2466 Ethiopie
928 2407 972 2450 ὅς
1009 2408 1192 2467 perrexit
1230 2406 1285 2452 ad
1329 2407 1554 2472 Egyptum.

185 2478 295 2520 Geon
321 2476 431 2537 rigat
456 2491 611 2521 terram
637 2474 797 2520 Euilath
822 2477 866 2520 ὃ(
892 2475 1036 2522 tranfit
1060 2477 1175 2524 iuxta
1201 2479 1481 2526 Hierusalem.

247 2546 475 2592 XXXVIII.
522 2546 694 2593 Deinde
736 2548 777 2591 in
820 2552 972 2609 Egffito
1014 2549 1162 2594 civitas
1204 2553 1440 2612 memphis,
1487 2550 1557 2597 ubi

223 2681 252 2702 a.
271 2671 302 2702 Ρ.
317 2677 417 2702 acuto
431 2669 520 2702 sausa
536 2670 621 2703 Ant.
644 2690 685 2695 —
706 2671 736 2703 b.
757 2671 822 2703 Ms.
955 2684 981 2704 e.
1003 2671 1065 2704 Ed.
1082 2670 1193 2704 Dessa.
1216 2691 1257 2696 --
1280 2672 1300 2704 f.
1321 2674 1414 2706 Addo
1428 2674 1494 2718 qui.
1515 2693 1556 2698 ——-

180 2721 294 2761 Quiro.
327 2741 371 2746 —
400 2734 427 2755 c.
462 2723 528 2755 Ms.
549 2723 749 2758 Barbariffo.
779 2744 821 2749 —
907 2737 939 2768 g.
970 2725 1034 2758 Ed.
1064 2725 1240 2758 Metellini.
1271 2745 1311 2750 —
1340 2726 1370 2759 h.
1392 2727 1453 2759 Ed.
1476 2739 1554 2773 epo-

181 2776 213 2809 d.
237 2777 268 2808 P.
290 2775 486 2820 Heneapoli·
907 2785 1092 2810 centauros.

1592 362 1753 392 Mamistra.

1592 429 1753 459 Anastasia.

1592 470 1713 507 AEgaea.

1593 512 1784 543 Alexandria.

1593 576 1768 606 Antiochia.

1594 642 1698 680 Cyrus.

1595 780 1775 813 Barbalissus.

1595 851 1773 891 Hierapolis.

1596 923 1783 954 Canolicum,

1596 993 1800 1023 Constantina.

1599 1066 1711 1097 Edessa.

1597 1136 1684 1167 Dara.

1598 1212 1720 1241 Amida.

1598 1285 1740 1316 Ramusa.

1599 1425 1686 1455 Dara.

1602 1782 1756 1813 Melitene.

1601 1927 1680 1957 Susa.

1600 1996 1770 2036 Babylonia.

1598 2276 1707 2316 Tigris.

1599 2318 1768 2358 Euphrates.

1599 2361 1719 2391 Phison.

1599 2492 1698 2521 Geon.

1599 2543 1764 2605 Mempliis.
