2216 3435
240 656 401 686 Romania.

242 881 454 921 Longobardia.

240 952 384 983 Britones.

241 1457 322 1488 Geth
328 1458 451 1488 semani.

524 223 617 274 320
766 224 1123 257 ITINERARIUM
1151 224 1416 256 BERNARDI
1454 224 1709 257 MONACHI.

523 370 767 435 superbiam
799 371 1122 428 interfecerunt,
1164 371 1209 415 δε
1248 370 1394 434 legem
1418 370 1766 417 Christianorum
1802 370 1910 416 mul-

522 461 615 490 tum
642 442 949 489 destruxerunt.
986 440 1158 488 Deinde
1183 442 1292 487 rixas
1324 444 1370 487 ὅς
1402 443 1709 488 contentiones
1733 444 1844 489 inter
1870 443 1911 488 se

522 514 781 572 habuerunt,
814 514 959 560 donec
977 513 1274 571 'Ludovicusfl
1302 513 1487 573 Lotharij
1518 516 1563 559 ὅ(
1587 514 1737 560 Karoli
1768 514 1911 573 frater,

523 586 619 650 ipsis
666 605 767 633 eum
811 587 1123 632 Beneventanis
1158 584 1454 643 invitantibus,
1491 587 1616 649 super
1653 603 1728 631 eos
1772 587 1911 650 irnpe-

523 661 635 704 rium
667 659 847 720 accepit.
877 661 917 702 ln
947 661 1150 719 ‘Romania
1172 674 1276 703 vero
1308 658 1444 703 multa
1464 658 1578 703 mala
1601 657 1725 714 fiunt,
1747 660 1792 704 ὃ(
1816 659 1912 704 sunt

522 730 582 776 ibi
616 731 817 776 homines
845 729 946 774 mali
975 729 1086 774 fures
1117 731 1162 774 ὃς
1185 729 1390 787 latrones,
1418 731 1463 774 ὃ(
1487 728 1589 774 ideo
1616 747 1707 775 non
1733 728 1913 792 possunt

521 803 737 859 homines,
761 800 818 847 acl
838 802 1045 847 Samstum
1065 801 1232 846 Petrum
1252 802 1311 845 ire
1331 801 1544 859 volentes,
1566 818 1643 864 per
1661 819 1760 846 eam
1779 801 1911 846 trans-

522 876 596 932 ire,
625 872 698 919 nifi
721 872 799 919 lint
817 873 1052 935 plurimi&
1078 873 1243 918 armati.
1267 875 1309 917 {n
1329 875 1627 933 Longobardia‚
1658 871 1912 918 Ludovicob

522 962 769 991 memorato
797 961 1024 1008 regnante,
1049 942 1169 988 bona
1193 944 1289 988 satis
1312 961 1397 1006 pax
1418 943 1488 989 est.
1515 947 1705 989 Ἑνίτοηεε
1733 960 1912 1005 quoque

522 1034 680 1080 pacem
716 1015 878 1062 habent
914 1017 1025 1062 inter
1059 1016 1112 1061 se.
1149 1015 1309 1078 Legem
1348 1016 1482 1060 etiam
1517 1013 1695 1072 habent,
1735 1015 1914 1076 qualem

519 1088 644 1136 vobis
670 1087 786 1146 dico,
814 1099 826 1117 ι’
862 1087 942 1133 ut‘l
968 1086 993 1132 fi
1019 1088 1126 1133 alius
1153 1086 1221 1144 alij
1247 1087 1449 1132 iniuriam
1476 1087 1638 1145 fecerit,
1673 1087 1814 1132 statim
1841 1105 1912 1133 ve-

521 1161 613 1206 niat
628 1172 640 1189 ³
665 1160 823 1217 tertius,
851 1160 1118 1221 quicumque
1136 1156 1197 1217 lit,
1224 1159 1298 1220 qui
1317 1158 1403 1203 hoc
1426 1157 1596 1216 viderit,
1620 1159 1665 1203 ὃς
1686 1153 1913 1204 vindicet-f

521 1249 623 1277 eum
649 1228 764 1293 quafi
789 1242 809 1269 g
828 1232 916 1275 eius
954 1227 1096 1275 fuisset
1126 1230 1364 1291 proximus.
1403 1229 1448 1274 Et
1478 1227 1506 1273 fi
1538 1228 1911 1293 comprobatumll

521 1303 714 1365 aliquem
738 1303 983 1350 invenerint
1008 1301 1062 1347 de
1090 1301 1203 1346 furto
1224 1301 1333 1346 ultra
1351 1301 1393 1347 iv
1419 1300 1637 1360 denarios,
1663 1319 1765 1346 eum
1785 1302 1914 1348 inter-

521 1373 673 1420 ficiunt
697 1392 770 1420 aut
803 1376 813 1402 ἰ
835 1376 878 1419 in
904 1371 1137 1437 patibulos
1159 1371 1438 1435 suspendunt.

577 1446 715 1492 XXV.
744 1447 945 1508 Denique
975 1446 1019 1490 in
1049 1446 1156 1490 valle
1177 1444 1482 1505 Getlisemani‚k
1504 1442 1692 1489 vidimus
1722 1443 1914 1491 eiusdem

527 1516 768 1564 subtilitatis
794 1533 1068 1563 marmoreos
1085 1514 1252 1579 lapides
1273 1514 1524 1577 quadratOS,
1542 1531 1587 1560 ut
1609 1515 1620 1543 l
1639 1516 1683 1560 in
1704 1516 1762 1560 eis
1782 1516 1914 1563 veluti

526 1587 571 1633 in
597 1589 776 1652 speculo
802 1591 954 1635 omnia
985 1604 1264 1650 quecumque
1289 1588 1474 1633 voluerit
1497 1586 1636 1631 homo
1673 1588 1916 1650 conspicari

524 1660 666 1723 poffit.
691 1671 716 1688 m

569 1822 598 1843 a.
617 1810 654 1842 L.
674 1809 909 1842 Hludowicus.
933 1809 1017 1841 —b.
1039 1809 1074 1841 L.
1090 1807 1175 1840 Hlu-
1302 1808 1327 1851 j.
1346 1809 1383 1841 V.
1403 1808 1527 1852 patulo.
1540 1808 1630 1840 ——k.
1654 1810 1692 1842 V.
1709 1808 1915 1842 Getsemani.

521 1863 649 1896 devico.
679 1883 726 1886 —
743 1874 771 1895 c.
796 1863 828 1896 L.
849 1862 975 1895 dicunt.
1009 1881 1051 1885 —
1082 1861 1113 1893 d.
1136 1862 1172 1894 L.
1260 1862 1379 1894 —1.L.
1393 1861 1514 1894 ubi.—
1533 1873 1575 1894 m.
1590 1862 1667 1896 Haec
1678 1862 1793 1895 ultima
1804 1862 1917 1895 verba

522 1917 588 1950 ubi.
610 1937 653 1941 —
673 1930 700 1950 e.
721 1918 757 1949 L.
780 1916 878 1949 venit.
905 1936 948 1940 —
967 1915 988 1948 f.
1012 1916 1044 1948 L.
1071 1914 1176 1947 vindi·
1250 1918 1345 1960 forte
1357 1914 1390 1947 in
1402 1914 1818 1960 capituloXIII(v.sup.p.
1831 1915 1915 1959 316)

521 1979 589 2005 cat.
618 1991 660 1995 —
688 1983 720 2015 g.
740 1971 773 2004 L.
795 1970 885 2015 quia.
916 1990 960 1994 —
984 1970 1017 2003 h.
1040 1970 1076 2003 L.
1103 1981 1179 2014 pro-
1263 1968 1448 2002 collocanda
1456 1968 1601 2013 ficiffent.

521 2027 652 2059 batum.
675 2045 720 2048 —
739 2024 758 2057 i.
778 2025 812 2058 L.
833 2032 956 2057 autem.
