2216 3435
626 294 692 327 DE
731 294 868 327 LOCIS
903 293 1123 326 SANCTIS.
1472 295 1561 345 225

195 441 340 507 p0s1tis
363 439 781 487 &inhabitatoribus
804 440 1093 486 Chananeis.‘³
1118 439 1369 486 Duodecim
1386 441 1566 503 lapides,

196 531 306 576 quos
339 513 458 558 Iosue
488 510 542 557 de
573 511 756 558 Iordane
787 512 880 557 tolli
909 527 1178 574 preceperat,
1209 512 1252 556 in
1283 514 1439 575 ecc-[esta
1468 514 1568 557 Gal-

192 586 303 647 galis
326 584 440 630 fac‘ca
463 583 739 628 intrinsecusb
762 583 878 628 iuxta
904 584 1085 644 parietes
1110 581 1298 627 eiusdem
1322 583 1478 640 iacent,
1499 583 1569 627 vix

194 654 347 718 singuli
369 671 486 700 nunc
507 652 678 699 duobus
698 655 794 700 viris
814 653 1054 712 elevabiles,
1079 671 1266 715 quorum
1298 670 1406 698 unus
1425 654 1568 699 nescio

197 743 286 788 quo
320 727 417 771 casu
443 727 614 785 fracffus,
643 725 716 772 sed
748 726 859 771 ferro
892 725 1135 771 mediantes
1167 725 1471 769 reconiumstus
1499 725 1568 770 est.

195 797 241 842 Et
263 799 380 843 iuxta
405 797 565 843 Iericho
592 797 690 843 fons
716 795 820 843 uber
846 795 901 841 ad
919 813 1091 859 potum,
1115 796 1287 858 pinguis
1312 794 1368 840 ad
1390 796 1570 860 irrigan-

196 867 316 928 dum,
342 869 429 930 qui,
457 868 686 931 quondam
709 868 852 913 sterilis
876 867 932 913 ad
954 866 1269 931 generandum,
1288 884 1443 929 parum
1465 868 1574 914 salu-

194 938 278 985 bris
303 938 358 984 ad
377 939 640 1002 potandum,
666 957 742 1002 per
758 941 967 1000 Heliseum
992 938 1270 1001 prophetam,
1298 937 1404 983 dum
1427 935 1513 984 sald
1529 940 1571 983 in

197 1028 297 1056 eum
327 1011 528 1071 mitteret,
553 1011 723 1056 sanatus
747 1011 816 1056 est.
836 1010 1037 1071 Denique
1062 1027 1242 1072 campus
1267 1027 1368 1055 eum
1392 1011 1572 1055 circum-

195 1083 306 1129 iacet
335 1082 608 1146 septuaginta
637 1081 873 1128 stadiorum
907 1082 949 1127 in
980 1079 1308 1144 longitudinem
1339 1083 1383 1126 &
1418 1081 1573 1144 viginti

195 1155 239 1199 in
262 1152 535 1199 latitudinem
559 1171 729 1217 patens,
753 1154 797 1199 in
823 1170 912 1215 quo
937 1150 1140 1197 mirabilis
1165 1151 1393 1197 hortorum
1417 1153 1570 1215 gratia,

197 1225 314 1272 varia
339 1224 610 1287 palmarume
633 1243 810 1289 genera,
836 1223 1149 1287 prestantiffimi
1169 1224 1319 1286 apium
1338 1224 1462 1269 fetus.
1490 1224 1575 1270 Illic

199 1293 533 1358 opobalsamum
551 1296 756 1359 gignitur,
783 1294 905 1357 quod
928 1293 1030 1340 ideo
1055 1311 1156 1339 cum
1181 1293 1425 1341 adieclione
1449 1293 1577 1358 signi-

197 1365 392 1424 ficamus,
420 1367 519 1428 quia
538 1366 729 1430 agricole
748 1367 908 1412 cortice
932 1382 1080 1412 tenues
1105 1366 1292 1429 virgulas
1312 1367 1446 1412 acutis
1470 1366 1576 1429 lapi-

199 1435 321 1482 dibus
357 1436 568 1495 incidunt,
606 1437 651 1481 in
691 1435 844 1498 quibus
880 1435 1069 1482 balsama
1104 1454 1380 1500 generantur,
1421 1454 1466 1482 ut
1501 1453 1580 1499 per

197 1507 287 1553 illas
312 1525 516 1554 cavernas
543 1508 753 1571 paulatim
775 1507 987 1554 destillans
1012 1508 1170 1553 humor
1193 1509 1233 1554 se
1254 1509 1433 1572 colligat
1455 1508 1577 1553 lacri-

199 1581 278 1625 mis
315 1580 494 1643 pulchre
529 1578 790 1638 rorantibus,
829 1597 1012 1626 caverna
1049 1597 1195 1626 autem
1228 1598 1360 1644 greco
1398 1581 1578 1626 nomine

199 1652 279 1708 ὀπή
303 1650 469 1697 dicitur.
497 1650 581 1696 Illic
601 1668 798 1713 cyprum,
820 1651 904 1696 illic
923 1649 1257 1711 myrobalanum
1280 1651 1394 1696 nasci
1422 1651 1580 1714 ferunt.

199 1720 341 1782 Aqua,
379 1738 425 1766 ut
453 1739 594 1768 cetera
625 1722 828 1781 fontium,
860 1722 946 1767 illic
975 1738 1119 1766 tamen
1149 1722 1418 1784 prestantior,
1453 1723 1580 1768 estate

200 1792 372 1856 frigida,
391 1793 534 1838 hieme
551 1809 720 1855 tepens,
746 1797 819 1838 a'er
836 1793 1023 1851 mollior,
1043 1809 1089 1838 ut
1107 1793 1274 1838 summa
1298 1793 1440 1839 hieme
1458 1794 1581 1840 lineis

202 1880 374 1909 utantur
411 1863 688 1910 indumentis.
730 1863 841 1910 Urbs
883 1864 972 1926 ipsa
1008 1863 1187 1909 condita
1220 1865 1264 1909 in
1302 1882 1478 1928 campo,
1515 1867 1581 1911 cui

201 1935 490 1997 supereminet
507 1952 634 1980 mons
656 1933 845 1979 diffufior
867 1936 912 1980 ὅς
933 1934 1073 1981 nudus
1090 1936 1384 1999 gignentium:
1405 1938 1584 1999 agrumf

200 2007 319 2051 enim
359 2008 430 2051 &g
464 2007 657 2052 ieiunum
688 2006 841 2065 solum,
879 2008 924 2051 &
953 2005 1054 2051 ideo
1087 2004 1140 2051 ab
1175 2007 1328 2052 incolis
1360 2005 1582 2053 desertum.

204 2077 291 2122 I-Iic
315 2095 340 2122 a
367 2077 644 2139 Scythopolis
672 2075 785 2123 urbis
811 2094 920 2123 terra
950 2078 1082 2139 usque
1106 2076 1161 2122 ad
1188 2078 1414 2140 regionem
1439 2078 1581 2124 Sodo-

204 2149 415 2193 mitanam
446 2151 492 2194 ὃς
513 2148 761 2210 Asphaltios
792 2148 899 2195 fines
930 2149 1051 2194 locus
1077 2147 1250 2194 diffusus
1275 2148 1469 2195 habetur.
1494 2150 1584 2196 Ad-

206 2220 349 2266 versus
368 2219 493 2265 huicll
520 2236 648 2265 mons
672 2220 796 2282 supra
814 2218 1044 2265 Iordanem
1068 2219 1123 2265 ab
1143 2218 1246 2265 urbe
1272 2219 1430 2266 Iuliade
1450 2222 1582 2284 usque

206 2289 262 2336 ad
303 2291 475 2336 Zoaros
515 2289 675 2336 Arabie
718 2291 860 2336 Petree
907 2292 1207 2337 conterminos
1253 2307 1472 2350 extentus,
1512 2290 1586 2336 ubi

205 2363 335 2407 etiam
381 2380 508 2408 mons
546 2364 714 2408 ferreus
757 2364 813 2408 est
855 2380 1141 2426 nuncupatus.
1197 2366 1305 2408 Inter
1351 2362 1430 2407 hos
1476 2362 1585 2409 duos

210 2449 380 2478 montes
400 2450 577 2496 campus
603 2434 727 2492 iacet,
753 2450 885 2495 quem
904 2450 1066 2480 veteres
1089 2452 1272 2495 magnum
1295 2434 1585 2496 appellavere,

210 2501 414 2549 hebra'ice
465 2520 609 2549 autern
656 2505 773 2549 aulon
789 2542 800 2561 ‚
851 2505 969 2549 cuius
1016 2504 1250 2568 longitudo
1297 2504 1587 2551 ducentorum

259 2651 289 2672 a.
319 2640 375 2672 Pb.
407 2639 506 2672 addit
533 2638 672 2683 spatium
702 2651 767 2672 non
801 2639 854 2672 est.
943 2641 997 2673 Pa.
1023 2642 1059 2673 ἔφ’
1081 2643 1129 2674 Pe.
1153 2653 1281 2685 egrum‚
1308 2643 1358 2675 ed.
1387 2653 1528 2686 aegrum,
1551 2643 1589 2674 O.

210 2711 254 2717 —
273 2693 304 2724 b.
324 2693 390 2734 Pb„
415 2691 460 2724 al.
477 2691 674 2726 altrinsecus.
691 2712 736 2717 ——-
750 2704 777 2725 c.
799 2693 853 2725 Pb.
944 2705 1018 2727 aere
1038 2694 1118 2738 five
1137 2706 1222 2728 acre.
1249 2714 1293 2718 —
1323 2707 1355 2739 g.
1387 2696 1442 2728 Pb.
1467 2696 1519 2728 est.
1541 2715 1584 2719 -

209 2744 337 2778 ἰηῐεξίο.
373 2765 417 2769 -
446 2745 477 2777 d.
519 2746 591 2788 Pb.;
619 2745 664 2778 αΙ.
692 2757 748 2778 vas
779 2745 860 2778 salis.
945 2747 976 2780 h.
998 2748 1057 2781 Ed.
1081 2748 1177 2780 hunc.

209 2818 254 2822 —
279 2810 307 2831 e.
336 2799 390 2831 Pb.
421 2809 610 2843 pomorum.
640 2818 685 2823 —
713 2798 734 2831 f.
759 2799 863 2841 Med.‚

1412 2897 1451 2929 29
