2216 3435
380 355 469 384 Mons
487 353 569 384 Sion.

375 1212 564 1250 Martyrium.

376 1352 540 1391 Golgotha.

375 1400 534 1430 Anastasis.

374 1855 552 1894 Templum.

372 2354 527 2386 Bethesda.

646 189 701 240 52
1054 189 1280 222 SANCTUS
1314 188 1597 222 EUCHERIUS

705 341 745 384 ΙΙ.
785 341 926 385 &sons
950 342 1048 384 Sion
1074 338 1206 384 latere
1242 355 1348 397 uim,
1388 337 1511 399 quod
1547 338 1803 400 aquilonem
1838 339 2022 402 respicit,

639 410 896 456 clericorum
920 410 1312 473 religiosorumque
1332 408 1671 455 habitationibus
1692 410 2021 472 sequestratura:

636 483 756 528 cuius
790 484 833 528 in
871 483 1029 529 vertice
1070 482 1295 544 planitiem
1344 480 1668 526 monachorum
1715 482 1867 527 cellule
1911 481 2022 527 obti-

636 554 851 600 nueruntb
871 551 1093 599 ecclefiam
1119 550 1457 611 circilmdante8‚
1484 570 1569 614 que
1599 553 1700 611 illic,
1727 570 1773 599 ut
1797 554 1942 613 fertur,
1967 553 2022 599 ab

635 625 841 688 apostolis
869 624 1048 670 fundata
1079 641 1159 686 pro
1186 624 1273 669 loci
1299 624 1616 669 resurrefflonis
1649 624 1872 670 dominice
1905 643 2023 672 reve-

636 698 800 743 rentia:
838 695 895 741 ob
937 695 1060 757 quod
1097 693 1359 758 promissum
1396 695 1627 757 quondam
1661 713 1737 759 per
1771 697 2020 743 Dominum

634 767 855 831 paracleto
880 768 1033 830 repleti
1057 768 1153 813 sunt
1178 768 1337 830 spiritu.

701 844 758 886 111.
796 839 1071 886 Celebriores
1111 856 1193 885 tres
1232 839 1327 884 sunt
1366 854 1593 902 portarum
1633 840 1793 887 exitus:
1832 859 1940 887 unus
1965 841 2020 888 ab

634 913 805 971 occasu,
842 912 947 958 alter
982 910 1036 958 ab
1073 913 1253 970 oriente,
1292 911 1438 956 tertius
1477 929 1501 957 a
1531 911 1858 975 septentrionali
1896 929 2019 977 parte

634 983 760 1029 urbis,

699 1055 768 1100 1V.
805 1054 993 1099 Primum
1019 1052 1073 1100 de
1096 1054 1203 1100 locis
1228 1055 1395 1100 sancffis.

700 1127 776 1171 Pro
813 1125 1072 1172 conditione
1097 1127 1340 1190 platearum
1365 1125 1675 1172 divertendum
1712 1126 1771 1172 est
1809 1126 1867 1173 ad
1913 1126 2019 1173 basi-

632 1198 778 1255 licam,
818 1214 903 1258 que
927 1202 1157 1258 martyrium
1185 1198 1444 1262 appellatur,
1471 1216 1495 1243 a
1518 1198 1813 1244 Constantino
1851 1217 2019 1263 magno

635 1269 751 1315 cultu
785 1269 1004 1315 exstrucia.
1042 1270 1216 1315 Dehinc
1251 1269 1503 1315 coherentia
1537 1268 1591 1315 ab
1632 1271 1788 1316 occasu
1829 1271 2023 1318 visuntur

636 1342 843 1402 Golgotlm
879 1357 1010 1402 atque
1049 1347 1263 1405 anastafis3
1305 1341 1378 1387 sed
1414 1339 1611 1387 anastafis
1640 1343 1685 1387 in
1723 1342 1828 1387 loco
1865 1344 1924 1388 est
1959 1361 2021 1389 re-

636 1412 920 1470 surref'tionis,
946 1412 1179 1476 Golgotha
1202 1431 1322 1472 vei-0,
1349 1411 1520 1458 medius
1547 1414 1658 1459 inter
1690 1413 1916 1460 anastafim
1945 1427 2023 1460 acc

634 1485 903 1544 martyrium,
937 1484 1059 1529 locus
1095 1485 1154 1530 est
1186 1484 1409 1530 dominice
1434 1484 1663 1548 passionis:
1700 1486 1744 1529 in
1772 1502 1861 1547 quo
1889 1487 2020 1532 etiam

633 1574 758 1620 rupes
796 1572 992 1620 apparet,
1046 1573 1130 1618 que
1178 1554 1407 1619 quondam
1452 1556 1606 1618 ipsam,
1653 1555 1785 1602 affixo
1834 1558 2020 1604 Domini

633 1647 834 1693 corpore,
883 1647 1060 1675 crucem
1109 1630 1297 1692 pertulit.
1346 1631 1494 1692 Atque
1546 1629 1658 1676 hecd
1685 1641 1857 1676 camene
1903 1646 2022 1676 extra

633 1718 833 1747 montem
866 1703 971 1748 Sion
1000 1700 1140 1765 posita
1174 1719 1424 1761 cernuntur,
1463 1719 1552 1763 quo
1590 1702 1632 1747 se
1670 1700 1727 1747 ad
1764 1701 2020 1764 aquilonem

635 1772 839 1820 deficiens
875 1775 963 1820 loci
989 1791 1139 1820 tumor
1163 1776 1359 1838 porrigit.

698 1847 753 1892 V.
791 1847 995 1908 Templum
1024 1864 1144 1905 vero,
1175 1847 1220 1891 in
1256 1847 1452 1892 inferiori
1484 1861 1607 1909 parte
1644 1843 1758 1891 urbis
1789 1846 1833 1890 in
1863 1846 2023 1893 vicinia

633 1918 744 1963 muri
762 1916 814 1963 ab
835 1919 1003 1964 oriente
1019 1918 1217 1964 locatum
1238 1918 1562 1982 magnificeque
1584 1918 1857 1976 exstruetum,
1879 1935 2020 1980 quon-

633 1987 737 2034 dam
756 1989 1015 2035 miraculum
1041 1990 1134 2049 fuit,
1160 2008 1211 2035 ex
1237 2007 1326 2052 quo
1347 1991 1520 2053 parietis
1546 1990 1672 2035 unius
1696 1989 1739 2034 in
1759 1989 1890 2034 ruinis
1913 2007 2018 2051 que-

632 2060 735 2107 dam
756 2062 891 2124 pinna
910 2060 1142 2124 superest‚f
1162 2061 1334 2124 reliquis
1365 2061 1422 2107 acl
1449 2060 1738 2107 fundamenta
1764 2061 1898 2123 usque
1926 2059 2018 2106 des-

633 2135 791 2179 [ruetis.
820 2134 954 2179 Pauce
973 2133 1058 2178 illic
1084 2134 1262 2179 cisterne
1281 2134 1327 2178 in
1352 2134 1474 2179 usum
1494 2150 1712 2196 aquarum
1731 2131 2018 2178 ostenduntur

630 2206 674 2251 in
699 2222 749 2250 ea
775 2221 896 2267 parte
922 2205 1121 2265 civitatis,
1150 2221 1233 2267 que
1265 2204 1321 2250 acl
1342 2205 1685 2268 septentrionem
1715 2203 1954 2250 ostenditur
1971 2205 2017 2249 in

630 2276 790 2322 vicinia
815 2275 981 2338 templi.

694 2347 765 2393 VI.
803 2350 1031 2410 fBezlzffdag
1055 2349 1238 2412 gemino
1264 2363 1447 2411 apparet
1469 2346 1646 2412 insignis
1676 2348 1790 2407 lacu,
1827 2364 2016 2410 quorum

632 2419 737 2464 alter
768 2418 955 2466 hibernis
979 2421 1236 2484 plerumque
1259 2419 1464 2483 impletur
1487 2417 1713 2480 imbribus,
1745 2419 1850 2465 alter
1881 2418 2016 2466 rubris

633 2491 692 2536 est
715 2490 906 2536 discolor
930 2493 1065 2554 aquis.

697 2563 784 2609 VH.
821 2561 890 2608 Ab
928 2581 978 2608 ea
1014 2564 1157 2610 fronte
1195 2565 1358 2609 montis
1394 2565 1514 2623 Sion,
1552 2580 1637 2626 que
1669 2580 1876 2626 prerupta
1911 2581 2015 2626 rupe

683 2705 715 2726 a.
739 2693 804 2726 Ed.
825 2692 1065 2738 frequentatur.
1086 2714 1129 2718 —-
1162 2695 1191 2727 b.
1213 2694 1276 2727 Ed.
1363 2693 1425 2726 hic.
1448 2713 1489 2718 ——
1517 2705 1544 2726 e.
1572 2694 1635 2727 Ed.
1656 2701 1739 2727 tum.
1759 2695 1852 2728 Forte
1869 2701 2012 2727 tantum.

632 2745 795 2779 obtinent.
816 2767 859 2771 —-
879 2758 903 2779 c.
927 2747 1006 2788 Ms„
1025 2747 1076 2780 ed.
1098 2747 1228 2781 medius
1247 2747 1280 2780 in
1365 2767 1406 2772 ——
1430 2749 1466 2790 J?
1495 2747 1559 2780 Ed.
1581 2747 1641 2780 stat
1659 2748 1763 2792 super.
1797 2767 1839 2772 -—-
1859 2759 1897 2792 g.
1928 2748 2010 2792 Mn,

633 2800 803 2834 anastasim
825 2808 868 2835 at,
889 2822 924 2827 «-
945 2802 978 2836 d.
1002 2801 1149 2844 Ms.‚ed.
1166 2802 1281 2848 Aquae
1367 2801 1417 2835 ed.
1439 2799 1628 2834 Bethsaida.
