2216 3435
624 191 710 254 136
1018 206 1276 241 IOHANNES
1300 208 1366 242 DE
1390 209 1586 244 TULBIA

517 369 594 400 ¹2¹9
614 368 712 399 runt
730 354 774 398 &
798 370 953 400 omnes
974 356 1205 418 principes,
1230 356 1388 416 clerici,
1415 357 1528 418 laici,
1553 359 1766 419 mulieres,
1792 362 1994 425 infantes,

612 426 867 485 potenciam
893 427 1079 473 Domini
1115 426 1367 488 exorabant,
1401 431 1446 475 ὃς
1473 431 1648 478 Beatam
1672 433 1857 479 Mariam
1892 451 1993 480 cum

611 496 816 542 omnibus
855 499 1020 545 Sandlis
1060 501 1104 545 ὅ(
1143 500 1321 545 Beatum
1364 501 1640 549 Leonardum
1677 504 1909 568 rogabant,
1949 522 1995 552 ut

610 568 829 629 Damiata,
856 588 940 632 que
967 571 1073 616 olim
1100 571 1178 616 fuit
1201 572 1406 635 spelunca
1423 573 1658 635 latronum,
1686 576 1869 623 cathena
1890 594 1992 641 cap-

608 640 811 697 tivorum,
837 640 995 687 domus
1032 643 1274 689 lcortorum
1299 646 1343 690 ὃς
1369 644 1691 693 lodomitorum
1719 652 1778 705 &,
1805 647 1876 694 nisi
1902 650 1992 695 Ma-

605 710 756 758 humet
780 712 1058 772 adorabatur,
1091 713 1196 761 esset
1220 715 1379 762 domus
1405 718 1488 762 Dei
1512 720 1556 764 ὃ(
1582 721 1822 765 oratorium
1846 721 1991 767 Chris-

605 784 837 831 tianorum.

669 855 752 902 LV.
796 857 1003 919 Cumque
1039 858 1340 921 crepusculum
1374 859 1507 906 finem
1542 860 1678 921 daret,
1723 862 1812 908 dies
1854 864 1990 910 clarus

603 929 818 990 apparuit,
851 928 955 985 dies,
989 930 1033 974 in
1066 947 1152 992 qua
1179 930 1369 976 Christus
1403 930 1645 995 baptizatus
1676 934 1776 991 fuit,
1813 936 1987 993 scilicet,

603 997 694 1044 dies
719 1000 880 1058 Martis,
907 1001 1078 1059 scilicet,
1104 1003 1147 1046 in
1170 1019 1255 1064 qua
1280 1020 1414 1049 omne
1441 1002 1611 1049 bonum
1632 1006 1818 1052 contulit
1841 1007 1988 1054 Chris·

602 1071 741 1128 tianis,
776 1074 974 1135 protinus
1005 1073 1207 1119 viderunt
1240 1075 1445 1120 vexillum
1480 1077 1635 1122 San6ie
1670 1077 1826 1124 Crucis
1864 1079 1989 1142 super

601 1158 748 1201 turres,
767 1146 812 1189 ὃ(
832 1161 1000 1201 omnes,
1016 1147 1090 1207 qui
1105 1144 1353 1208 plorabant,
1367 1147 1520 1193 oculos
1533 1150 1578 1194 ὅς
1593 1166 1747 1195 manus
1767 1149 1824 1196 ad
1843 1152 1987 1197 celum

600 1213 853 1262 levaverunt
877 1218 921 1262 ὅ(
947 1218 1002 1262 ‘Te
1021 1221 1153 1262 ‘Deum
1176 1220 1384 1264 laudamus
1408 1221 1454 1265 ὅς
1475 1223 1622 1265 Gloria
1647 1225 1688 1266 in
1713 1224 1873 1285 excelsis
1893 1226 1985 1270 ‘Deo

600 1302 894 1334 cantaverunt.
922 1289 1024 1334 Hoc
1049 1290 1280 1351 respiciens
1306 1289 1524 1350 soldanus,
1549 1293 1720 1354 putavit
1743 1294 1986 1341 succurrere

600 1359 777 1419 civitati,
803 1361 922 1406 venit
940 1377 1041 1405 cum
1062 1377 1154 1407 tota
1178 1378 1310 1425 gente
1332 1363 1403 1408 sua
1422 1380 1523 1410 ante
1550 1363 1757 1410 fossatum
1776 1367 1984 1424 nostrum,

598 1431 642 1475 ὅ(
667 1428 780 1477 bene
808 1432 975 1478 invenit
997 1432 1042 1478 id
1063 1442 1074 1461 ¹
1105 1434 1339 1493 munitum,
1376 1437 1421 1481 ὃς
1448 1436 1535 1498 ipse
1565 1453 1642 1499 pre
1665 1438 1804 1482 nimio
1831 1436 1986 1484 dolore

600 1501 716 1564 quasi
742 1520 938 1549 mortuus
962 1505 1005 1550 in
1033 1521 1190 1550 terram
1216 1505 1386 1564 cecidit,
1420 1508 1465 1552 ὃς
1490 1525 1655 1553 nomen
1682 1509 1766 1554 Dei
1790 1509 1850 1554 sui
1875 1507 1984 1554 blas·

597 1573 850 1636 phemabat,
874 1578 919 1621 &
945 1574 1142 1622 dicebat:
1170 1580 1208 1623 Ο
1234 1580 1475 1634 mahumet,
1512 1582 1631 1642 usque
1661 1583 1782 1625 lzodie
1817 1582 1985 1644 dilufisti

597 1665 670 1703 me,
696 1664 798 1691 certe
817 1653 845 1704 fi
871 1650 1093 1708 Christiani
1116 1653 1278 1710 capiunt
1299 1654 1549 1706 Damiatam,
1576 1670 1645 1696 nec
1665 1654 1722 1696 ‘Te
1743 1653 1888 1708 colam,
1915 1671 1984 1698 nec

596 1719 653 1763 ‘Te
671 1720 848 1764 adomho
869 1722 917 1764 de
936 1724 1081 1765 cetero!
1101 1720 1438 1784 Cognoscentes
1457 1721 1531 1780 illi,
1552 1723 1625 1784 qui
1644 1740 1785 1800 prope
1804 1724 1983 1769 Damia-

595 1805 685 1834 tam
712 1807 848 1849 erant,
889 1787 1086 1836 banerias
1121 1791 1283 1837 nostras
1317 1792 1441 1855 luper
1474 1809 1606 1838 turres
1644 1794 1842 1853 civitatis,
1882 1811 1983 1840 cum

595 1878 762 1924 magno
795 1861 950 1908 dolore
982 1879 1260 1925 perrexerunt
1285 1863 1340 1909 ad
1366 1863 1597 1910 soldanum
1621 1867 1666 1910 &
1690 1864 1889 1911 dixerunt
1920 1866 1981 1911 ei:

596 1936 788 1992 Domine,
809 1938 969 1995 amifisti
989 1938 1242 1993 Damiatam,
1262 1938 1310 1979 de
1330 1953 1458 1981 cetero
1465 1939 1546 1997 sua
1567 1955 1642 1982 non
1662 1941 1767 1982 erit!
1789 1935 1982 1982 Audiens

595 2004 685 2066 ipse
711 2004 812 2051 talia
834 2006 975 2051 statim
1009 2005 1234 2068 loquelam
1272 2006 1461 2069 perdidit
1489 2009 1534 2053 ὃς
1557 2007 1666 2054 iuffit
1689 2009 1835 2071 capita
1865 2025 1981 2054 trun-

594 2077 681 2122 cari
716 2075 810 2139 ipsis
843 2078 1025 2135 nunciis,
1066 2094 1256 2139 cumque
1294 2095 1371 2140 per
1403 2077 1510 2124 duas
1540 2078 1668 2124 horas
1699 2078 1802 2125 effet
1826 2080 1870 2126 in
1898 2079 1982 2126 hac

594 2148 778 2207 tristicia,
820 2148 962 2195 subito
988 2149 1029 2194 se
1067 2150 1212 2208 erexit,
1250 2151 1295 2195 ὃς
1330 2152 1500 2213 accepit
1523 2150 1735 2213 gladium,
1777 2168 1867 2214 quo
1893 2167 1982 2197 erat

593 2221 813 2265 accine‘lus
837 2222 882 2266 ὃς
902 2222 1116 2267 truncavit
1140 2219 1214 2266 sibi
1237 2219 1433 2281 barbam,
1458 2224 1503 2267 ἃ
1526 2239 1679 2268 omnes
1702 2224 1761 2268 sui
1783 2223 1842 2268 ita
1867 2222 1980 2268 fece-

594 2307 706 2349 runt,
746 2293 791 2337 ὃς
816 2293 955 2337 eciam
990 2290 1149 2337 caudas
1175 2293 1311 2354 equis,
1355 2295 1400 2338 ὃς
1423 2294 1512 2356 ipse
1533 2294 1649 2356 cepit
1671 2293 1909 2340 lamentare
1935 2295 1980 2339 ἃ

594 2361 757 2409 dicere:
787 2365 825 2408 Ο
850 2366 1064 2421 Damiata,
1090 2382 1162 2423 que
1175 2368 1300 2424 fuisti
1324 2367 1449 2427 usque
1473 2383 1573 2410 nunc
1598 2366 1757 2411 lucerna
1787 2369 1979 2426 Pagano-

592 2452 697 2493 rum,
733 2437 850 2480 modo
884 2436 1091 2496 obscurata
1127 2453 1168 2480 es
1198 2439 1336 2480 nobis!
1370 2440 1457 2497 Ego
1494 2439 1628 2497 miser,
1665 2439 1763 2496 quid
1785 2440 1979 2494 faciam?

597 2507 689 2567 Qo
715 2508 815 2551 ibo?
843 2509 979 2568 Qare
1003 2525 1078 2551 non
1105 2524 1282 2552 mortuus
1295 2511 1372 2567 fui
1397 2512 1436 2552 in
1462 2524 1595 2552 ventre
1620 2512 1762 2553 matris
1786 2526 1881 2564 mee,
1910 2524 1979 2552 aut

593 2595 679 2621 cum
707 2594 824 2622 natus
837 2581 928 2637 fui,
956 2596 1025 2623 cur
1048 2596 1124 2623 non
1141 2582 1286 2638 statim
1313 2583 1426 2639 peris
1451 2576 1812 2641 (lob.,111,11)?
1843 2583 1977 2624 cAnte-

593 2666 709 2708 quam
721 2650 800 2709 sub
821 2666 905 2693 meo
930 2651 1090 2694 domino
1112 2653 1231 2710 virgo
1251 2653 1447 2694 ‘Damiata
1467 2651 1572 2710 effer,
1600 2615 1810 2711 ap’erfidis
1835 2652 1975 2711 01171]-

592 2722 717 2764 tianis
752 2720 904 2764 violata
940 2720 980 2764 ὃ»
1010 2723 1225 2780 corrupta!
1258 2719 1302 2765 Et
1337 2719 1465 2765 dixit:
1505 2724 1650 2765 Pereat
1685 2722 1787 2777 dies,
1828 2725 1868 2766 in
1899 2739 1975 2785 qua
