2216 3435
683 202 1087 236 PEREGRINATIO.

1514 200 1537 251 3
1554 205 1567 233 I

206 350 261 395 ab
287 367 339 395 eo
366 348 515 394 diebus
540 364 704 394 retenta
729 349 787 394 est
811 366 902 394 non
927 349 970 393 in
996 347 1293 406 refectionem,
1330 362 1375 390 ut
1410 346 1480 390 ille
1512 363 1575 391 ar-

205 419 397 478 bitratur,
432 418 504 464 sed
535 420 580 464 in
615 437 725 482 opus
763 421 860 478 Dei,
892 435 937 464 ut
969 417 1093 464 rebus
1131 416 1473 480 comprobatum
1503 418 1572 462 est.

205 490 320 535 Nam
363 490 511 534 omnia
544 489 654 534 illius
690 491 879 554 regionis
921 489 1099 534 lustrans
1139 487 1411 546 monasteria,
1448 502 1578 549 prout

204 562 368 624 potuit,
412 562 630 625 refrigeria
678 562 897 607 sumtuum
937 558 1134 606 fratribus
1175 558 1421 620 dereliquit,
1468 575 1576 620 quos

207 650 331 678 amor
354 633 487 678 sansti
513 634 590 679 viri
617 632 670 678 de
695 650 790 678 toto
817 633 918 678 illuc
945 631 1049 678 orbe
1078 629 1359 677 conduxerat.

271 704 338 749 IV.
378 704 478 750 Inde
511 703 629 750 brevi
660 705 779 749 cursu
815 704 1099 749 transfretavit
1137 703 1373 757 Seleuciam,
1415 699 1469 746 de
1494 718 1580 763 qua

205 773 439 821 ascendens
473 779 735 820 <Antiochiam
773 775 905 820 sancii
942 773 1195 820 confefforis
1241 773 1400 819 Paulini
1434 771 1577 817 modi-

204 862 306 890 cum
330 847 503 891 caritate
529 845 718 905 detenta,
749 844 894 890 media
917 845 1059 890 hieme
1091 845 1258 890 calente
1284 843 1438 889 ardore
1462 843 1577 902 fidei,

205 917 368 962 femina
400 915 572 975 nobilis,
609 933 692 977 que
722 917 838 978 prius
876 916 1174 962 eunuchorum
1210 913 1408 960 manibus
1433 930 1578 977 porta-

205 985 342 1045 batur,
373 986 501 1032 asello
534 985 684 1032 sedens
708 987 906 1049 profecta
932 987 1003 1031 est.
1042 987 1217 1032 Omitto
1257 988 1373 1031 Celes
1396 989 1510 1045 Syrie
1534 988 1578 1031 ὃς

208 1062 396 1103 Phenicis
431 1060 536 1104 iter:
588 1075 731 1119 neque
773 1060 890 1104 enim
931 1057 1237 1120 hodeporicon
1281 1059 1350 1103 ei‘²
1390 1057 1579 1119 disposui

205 1127 416 1189 scribere3
448 1147 498 1174 ea
522 1145 690 1175 tantum
718 1129 818 1174 loca
842 1128 1101 1188 nominabo,
1129 1147 1213 1191 que
1244 1130 1368 1174 sacris
1392 1127 1578 1175 volumi-

205 1199 330 1246 nibus
355 1204 646 1248 continentur.
684 1206 846 1262 Beryto,
884 1218 1067 1247 romana
1099 1201 1288 1258 colonia,
1326 1202 1370 1245 ὃς
1399 1200 1579 1260 antiqua

206 1270 310 1316 urbe
334 1275 484 1317 Sidone
508 1272 724 1331 derelic'la,
749 1274 792 1318 in
817 1276 980 1334 Sarepta>
1000 1272 1144 1317 littore
1169 1271 1294 1317 Helie
1319 1271 1376 1316 est
1394 1268 1580 1334 ingressa

205 1343 468 1403 turriculam,
494 1345 537 1390 in
566 1362 665 1406 qua,
692 1343 877 1389 adorato
905 1344 1104 1389 Domino
1131 1343 1355 1401 salvatore,
1388 1359 1466 1405 per
1489 1358 1579 1386 are-

205 1432 281 1460 nas
313 1417 422 1475 Tyri,
461 1416 505 1460 in
536 1415 691 1478 quibus
721 1432 867 1478 genua
898 1415 1044 1460 Paulus
1074 1414 1178 1473 fixit,
1215 1414 1411 1476 pervenit
1440 1415 1579 1471 Acco,

1619 714 1760 743 Seleucia.

1619 777 1790 808 Antiochia.

1618 997 1771 1036 Celesyria.

1619 1061 1761 1091 Phenice.

1620 1208 1752 1246 Berytus.

1619 1271 1720 1302 Sidon.
1730 1273 1857 1311 Sarepta.

1620 1418 1731 1456 Tyrus.

208 1504 292 1549 que
317 1504 433 1532 nunc
460 1489 682 1532 Ptolemais
707 1486 876 1544 dicitur,
901 1489 946 1532 ὃ(
970 1504 1046 1549 per
1071 1503 1252 1548 campos
1278 1483 1490 1548 Megiddo
1518 1487 1580 1529 Io·
1600 1485 1857 1534 Pt0}em³1⁵-M‘³·

205 1555 258 1603 s1e
283 1558 398 1603 necis
424 1558 624 1603 conscios
649 1559 823 1604 intravit
848 1574 1004 1603 terram
1030 1557 1243 1602 Philistim.

268 1629 321 1674 V.
359 1630 512 1674 Mirata
551 1630 691 1674 ruinas
731 1631 841 1688 Dor,
877 1627 991 1674 urbis
1017 1627 1246 1691 quondam
1275 1626 1581 1690 potentiffime,

205 1702 263 1759 &,
295 1700 413 1745 versa
444 1701 552 1759 vice,
591 1701 801 1746 Stratonis
836 1701 985 1745 turrim
1015 1699 1069 1745 ab
1103 1698 1299 1758 Herode,
1336 1716 1436 1761 rege
1466 1697 1582 1756 lude,

206 1770 248 1815 in
279 1771 494 1817 honorem
518 1773 686 1817 Cesaris
726 1772 907 1835 Augusti
940 1774 1152 1833 Cqsaream
1189 1786 1504 1834 nuncupatam,
1537 1771 1581 1814 in

208 1859 292 1903 qua
317 1843 510 1900 Cornelij
537 1842 738 1901 domum,
757 1842 915 1888 Christi
938 1842 1045 1888 vidit
1069 1841 1305 1901 ecclefiam,
1331 1845 1376 1887 ὃς
1401 1841 1583 1904 Philippi

207 1910 395 1957 ediculas
425 1915 469 1957 ὃς
500 1911 748 1958 cubiculum
785 1929 970 1974 quatuor
993 1914 1214 1976 virginum
1241 1913 1580 1975 prophetarum,

207 1982 366 2029 deinde
387 1987 709 2045 cAntipatridam,
737 1985 987 2029 semirutum
1007 1983 1285 2046 oppidulum,
1305 1981 1426 2045 quod
1450 1983 1580 2046 patris

208 2072 257 2099 ex
283 2056 462 2100 nomine
488 2054 689 2100 Herodes
714 2072 960 2114 vocaverat,
986 2053 1176 2106 visitavit,
1205 2057 1250 2100 ὃς
1283 2057 1457 2115 Lyddam
1487 2072 1579 2100 ver-

206 2126 295 2172 sam
319 2128 362 2171 in
388 2127 650 2189 Diospolim,
676 2127 891 2173 Dorcadis
909 2144 1039 2189 atque
1066 2127 1172 2172 Enee
1198 2128 1505 2173 resur-rectione
1530 2144 1580 2172 ac

204 2198 381 2243 sanitate
406 2198 627 2257 inclytam,
655 2198 771 2244 haud
799 2199 952 2261 procul
976 2197 1030 2244 ab
1056 2216 1105 2244 ea
1130 2203 1425 2256 oqrimmlziam,
1463 2199 1580 2244 vicu-

202 2268 293 2314 lum
328 2268 493 2332 loseph,
531 2270 604 2331 qui
642 2271 890 2315 Dominum
922 2270 1126 2332 sepelivit,
1153 2272 1197 2314 &
1230 2272 1388 2330 Μοὺθ,
1429 2267 1581 2314 urbem

205 2339 432 2400 quondam
460 2340 749 2400 sacerdotum,
792 2360 907 2387 nunc
941 2342 1155 2387 tumulum
1195 2342 1453 2400 occisorum,
1490 2345 1580 2403 Iop-

196 2430 275 2473 pen
312 2428 505 2473 quoquc,
543 2413 746 2475 fugientis
772 2429 949 2475 portum
994 2416 1093 2458 [one
1129 2414 1188 2471 ὃς,
1215 2429 1260 2458 ut
1293 2411 1457 2474 aliquid
1483 2429 1579 2474 per—

205 2483 411 2545 stringam
431 2481 485 2527 dc
512 2481 663 2528 fabulis
688 2500 933 2546 poetarum,
958 2484 1133 2547 religate
1157 2483 1212 2528 ad
1239 2484 1386 2529 laxum
1407 2482 1580 2528 Andro-

205 2552 332 2598 mede
355 2553 676 2615 lpeclatricem3
702 2556 976 2617 repetitoque
999 2556 1162 2613 itinere,
1187 2556 1468 2617 Qicopolim,
1497 2571 1580 2616 quc

205 2624 317 2683 prius
347 2628 530 2670 Emmaus
555 2624 808 2683 vocabatur,
849 2625 965 2687 apud
992 2643 1125 2687 quam
1149 2627 1192 2670 in
1218 2626 1431 2671 staffione
1458 2624 1579 2686 panis

250 2795 282 2814 α.
314 2783 391 2825 Ms.;
415 2783 480 2816 cius
499 2784 550 2817 etl.

1641 1530 1738 1566 glddo.

1622 1569 1781 1599 Philistim.

1622 1776 1754 1807 Cesarea.

1621 1994 1819 2035 Antipatrida.

1622 2065 1730 2104 Lydda.

1620 2210 1798 2241 Arimathia.

1621 2277 1719 2306 Nobe.

1621 2345 1723 2385 Ioppe.

1626 2632 1772 2662 Emmaus.
