2216 3435
593 220 683 272 250
807 222 1246 255 SANCTIMONIALIS
1280 223 1758 257 HEYDENHEIMENSIS

587 369 757 431 semper
784 370 964 432 superne
981 372 1148 433 pietatis
1167 370 1397 416 clementia
1412 388 1542 434 agere
1558 372 1677 430 solet,
1695 383 1713 401 α
1731 372 1968 418 secundum

588 443 895 504 propheticum
923 442 1237 505 prophetarum
1268 443 1534 501 vaticinium,
1560 461 1610 489 ex
1636 461 1711 490 ore
1735 445 1968 490 infantium

586 531 663 560 ceu
684 514 937 560 laelantium
960 514 1166 577 perficere
1189 513 1262 559 fibi
1284 514 1390 560 solet
1414 515 1600 562 laudem.
1625 516 1797 562 Deinde
1822 518 1967 578 itaque

584 603 686 631 cum
711 587 754 631 in
778 604 831 632 eo
850 585 971 631 simul
990 603 1207 631 annorum
1228 603 1316 632 etas
1336 589 1578 650 mentisque
1594 588 1802 651 sagacitas
1822 587 1968 634 divine

584 656 913 719 dispensationis
950 657 1252 703 moderamine
1291 659 1497 721 pullulare
1523 676 1711 722 ceperat,
1751 661 1796 704 ὃς
1829 658 1966 703 multo

582 730 722 793 magis
741 730 783 774 in
808 747 861 775 eo
884 730 969 774 iam
995 727 1114 774 tamb
1138 727 1284 775 divina
1311 731 1475 793 spiritus
1502 732 1636 777 sanasti
1660 731 1811 795 gratia,
1832 747 1965 792 quam

581 802 777 863 corporis
808 799 1070 864 magnitudo
1099 817 1292 846 creverat
1317 819 1391 847 aut
1413 802 1716 849 membrorum
1740 802 1965 862 valetudo,

581 873 783 934 totusque
803 873 891 917 iam
916 872 985 917 ille
1010 872 1054 916 in
1073 872 1156 917 Dei
1182 889 1380 918 amorem
1400 875 1629 921 conversus
1649 893 1813 939 magna
1841 892 1963 921 men-

579 944 630 988 tis
656 943 946 1005 diuturnaque
971 942 1258 989 meditatione
1279 945 1510 992 tractando
1530 948 1850 993 monasterialia
1870 965 1966 993 mo-

579 1013 816 1060 derationis
843 1017 1127 1061 instrumenta
1154 1018 1513 1081 monachalisque
1544 1020 1631 1065 vite
1663 1020 1967 1065 monarchiam

577 1087 621 1131 in
647 1085 795 1132 abdita
820 1089 977 1133 mentis
1009 1087 1264 1151 quietudine
1291 1088 1361 1135 die
1381 1092 1606 1152 noc‘luque
1638 1091 1818 1136 sollicite
1843 1091 1966 1138 volu-

579 1157 710 1218 tabat,
737 1159 971 1221 quomodo
997 1161 1173 1206 illorum
1193 1162 1233 1207 se
1259 1162 1486 1224 copularet
1504 1162 1615 1207 caste
1641 1162 1965 1208 monachorum

577 1231 789 1290 clientele,
815 1249 888 1277 aut
910 1233 1092 1295 qualiter
1110 1233 1286 1279 illorum
1303 1235 1448 1280 faustis
1468 1234 1673 1280 interfore
1692 1233 1820 1298 poffit
1840 1234 1965 1279 fami-

574 1302 688 1348 liaris
712 1304 800 1350 vite
827 1304 1075 1368 disciplinis.

860 1470 935 1516 Vl.
969 1474 1258 1533 Peregrinatio
1284 1475 1324 1515 in
1350 1487 1516 1515 mentem
1542 1472 1660 1515 venir.
1680 1478 1693 1496 ί

643 1594 866 1657 Cumque,
900 1595 974 1641 ista
1005 1594 1150 1641 sedule
1176 1596 1287 1640 intra
1322 1595 1476 1640 mentis
1512 1591 1833 1639 volubilitatem
1868 1591 1962 1639 vol-

575 1684 694 1725 vens,
731 1670 915 1713 traffiiare
946 1668 1076 1730 cepit,
1112 1667 1295 1729 qualiter
1324 1666 1399 1712 ista
1423 1666 1635 1730 cogitatio
1662 1664 1960 1727 depromereri

573 1738 845 1800 proferrique
867 1739 1028 1801 poterit
1054 1740 1098 1784 in
1123 1737 1342 1794 effecium,
1376 1753 1422 1783 ut
1447 1736 1614 1782 caduca
1638 1739 1796 1782 cuneta
1822 1736 1960 1781 cosmi

571 1809 684 1855 istius
705 1826 989 1856 contemnere
1014 1808 1097 1857 sive
1123 1808 1421 1872 derelinquere
1447 1809 1602 1870 quiret,
1628 1810 1673 1854 &
1700 1825 1792 1853 non
1817 1807 1960 1853 solum

571 1882 834 1944 temporales
871 1898 1138 1927 terrenarum
1168 1899 1310 1926 rerum
1336 1879 1357 1908 d
1371 1879 1557 1938 divitias,
1595 1879 1668 1925 sed
1706 1881 1751 1925 &
1773 1880 1960 1943 patriam

572 1954 617 1997 ὃς
641 1969 841 2016 parentes
874 1970 1005 2015 atque
1041 1954 1319 2016 propinquos
1352 1951 1559 2008 deserere,
1589 1952 1960 2014 peregrinatione-

572 2041 657 2085 que
682 2041 848 2070 tentare
872 2025 1068 2070 tellurem
1089 2027 1133 2070 &
1152 2025 1307 2088 ignota
1329 2024 1591 2070 exteriorum
1612 2023 1826 2084 requirere
1850 2039 1960 2068 rura.

570 2096 795 2157 Cumque,
805 2096 1026 2157 aliquanta
1036 2112 1289 2159 temporum
1301 2094 1627 2157 intercapedine
1637 2093 1959 2154 transacffafille

569 2167 658 2212 iam
682 2167 780 2230 post
800 2167 822 2206 f
831 2167 1076 2213 infantiales
1098 2169 1187 2213 eius
1213 2165 1519 2213 obleetationis
1541 2165 1728 2212 ludicras
1753 2167 1798 2211 &
1816 2167 1960 2228 pueri-

571 2238 689 2284 tiales
728 2240 1051 2285 incentivorum
1078 2239 1286 2297 lascivias,
1322 2236 1623 2284 illecebrosam
1647 2235 1811 2283 lubrice
1836 2237 1957 2283 etatis

572 2310 860 2372 petulantiam
885 2327 961 2373 per
980 2308 1240 2356 indefessam
1264 2327 1394 2372 atque
1412 2307 1681 2354 ineffabilem
1706 2307 1852 2355 divine
1877 2307 1956 2354 dis-

570 2382 835 2444 pensationis
862 2383 1050 2445 gratiam
1084 2380 1141 2427 ad
1164 2381 1422 2444 lanuginem
1452 2383 1496 2426 &
1520 2379 1757 2443 pubertatis
1789 2378 1957 2426 adoles-

571 2453 760 2498 centiam
787 2452 1072 2516 pervenisset:
1108 2454 1346 2499 maximam
1376 2454 1420 2497 in
1456 2450 1748 2498 contubernio
1774 2451 1956 2497 fratrum

570 2523 887 2570 dilefflonemg
905 2541 982 2587 per
1016 2522 1266 2570 obedientie
1302 2523 1522 2583 affetstum,
1560 2521 1958 2582 mansuetudinem,

614 2647 644 2668 a.
664 2637 698 2668 C.
717 2635 816 2668 addit
833 2644 878 2668 ut.
901 2655 943 2660 —
965 2637 997 2669 b.
1020 2637 1051 2668 F.
1075 2628 1219 2669 tiinc.——-
1303 2636 1388 2669 atsto.
1408 2655 1453 2660 ——
1472 2635 1494 2668 f.
1519 2636 1588 2679 post
1602 2637 1635 2668 d.
1647 2635 1680 2668 in
1692 2637 1727 2669 C.
1747 2653 1792 2658 —
1806 2645 1840 2678 g.
1853 2633 1953 2666 dilec—

568 2699 594 2720 c.
619 2688 746 2721 ‘situlus
765 2690 796 2721 d.
817 2688 849 2720 in
868 2691 914 2728 0,
934 2690 965 2722 P.
987 2709 1033 2714 —-
1055 2690 1086 2722 d.
1109 2701 1216 2722 retum
1304 2688 1428 2721 tionem
1448 2691 1482 2721 d.
1502 2688 1535 2721 in
1556 2689 1590 2721 C.

569 2744 600 2774 α’.
621 2740 654 2773 ἱη
674 2743 708 2775 C.
723 2761 768 2765 —
787 2754 810 2774 e.
837 2744 870 2774 C.
892 2742 1219 2786 aliquanto...trans-
1274 2792 1278 2793 ⁷
