2216 3435
547 202 610 250 74
1152 196 1321 231 GESTA

454 360 528 389 1218
550 351 893 396 Christianorum
906 350 1108 403 exercitu,
1127 349 1255 409 quiin
1270 347 1429 393 auxilio
1438 348 1567 393 Terre
1576 348 1729 393 Saneie
1738 343 1929 407 proficis-

387 794 458 823 Mai.
477 804 525 833 29.

550 422 772 479 cebantur‚
792 424 832 468 in
848 439 1003 468 terram
1019 422 1155 483 Egipti
1166 421 1337 477 intrare,
1351 436 1529 482 gentem
1543 435 1722 481 quoque
1737 418 1929 480 Pagano-

550 513 644 540 rum
659 497 703 540 ὅ(
722 496 1057 540 Sarracenorum
1077 502 1086 521 ¹
1109 493 1279 554 penitus
1297 501 1314 520 2
1332 489 1559 553 subiugare
1574 492 1618 536 ὃς
1639 488 1928 552 suppeditare.

616 570 658 611 ll.
693 567 985 629 Cognoscant
1011 561 1204 620 universi,
1232 561 1288 608 ad
1315 579 1427 624 quos
1452 562 1532 607 hec
1552 562 1756 624 scriptura
1781 577 1930 623 perve-

548 639 671 693 nerit,
698 637 818 700 quod
844 639 884 682 in
906 636 1138 683 medietate
1157 644 1170 673 3
1190 632 1343 680 menfis
1366 633 1499 692 Madij
1521 633 1753 679 Christiani
1777 648 1931 677 omnes

549 712 591 755 in
632 709 813 756 navibus
856 707 1143 754 ascenderunt
1189 708 1234 752 ὃς
1273 707 1315 751 in
1361 706 1554 767 sequenti
1601 702 1919 750 hebdomada4

547 782 747 845 quodam
779 781 848 827 die
874 782 1019 826 Martis
1053 781 1097 825 in
1122 796 1282 825 terram
1312 778 1454 841 Egipti
1479 778 1755 823 intraverunt.
1782 776 1934 821 Castra

548 853 727 917 quidem
762 855 833 899 sua
862 871 1001 916 prope
1027 853 1247 898 civitatem
1277 851 1482 895 Damiate
1512 848 1741 908 fixerunt‚5
1771 849 1816 893 in
1848 866 1934 911 qua

547 928 678 972 etiam
713 926 883 971 civitate
913 924 1046 970 Maria
1076 922 1317 988 Egyptiana
1341 923 1386 967 &
1411 921 1579 982 Moyses
1618 922 1738 967 suam
1772 919 1934 966 habue-

547 1015 644 1044 runt
683 998 912 1061 originem.
950 995 1254 1041 Castrametati
1285 1011 1433 1040 autem
1468 993 1640 1039 fuerunt
1671 994 1715 1038 in
1742 992 1935 1055 quadam

546 1069 682 1115 insula
707 1070 816 1115 inter
838 1086 956 1113 mare
981 1069 1026 1113 ὃς
1052 1065 1231 1114 fluvium
1258 1064 1452 1124 Paradisi,
1487 1066 1563 1127 qui
1579 1066 1596 1094 ⁶
1615 1064 1770 1111 dicitur
1793 1065 1932 1121 Cion,

547 1160 598 1188 ex
623 1157 744 1204 parte
769 1140 977 1187 meridiei.
1007 1143 1049 1185 In
1075 1156 1161 1200 qua
1184 1137 1320 1184 insula
1345 1136 1561 1200 propheta
1589 1138 1786 1183 leremias
1810 1151 1935 1182 natus

549 1215 639 1273 fuit,
665 1216 709 1259 δε
735 1212 857 1276 quod
877 1213 964 1257 hoc
990 1209 1036 1256 s1t
1056 1228 1208 1258 verum
1232 1212 1277 1256 ὃς
1302 1207 1521 1269 credibile,
1547 1209 1686 1271 potest
1710 1208 1936 1273 cognosci,

548 1288 651 1348 quia
676 1285 835 1332 domus
865 1286 952 1331 eius
974 1284 1107 1346 usque
1133 1284 1175 1328 in
1196 1282 1438 1345 presentem
1457 1291 1473 1318 7
1492 1278 1609 1326 diem
1627 1296 1827 1344 apparet,
1853 1298 1937 1343 que

548 1358 706 1404 domus
728 1358 899 1404 ieremie
918 1356 1134 1420 prophete
1154 1354 1313 1400 domus
1333 1354 1391 1399 est
1411 1352 1538 1400 dicsta.
1560 1352 1738 1399 Gaudia
1757 1370 1937 1416 quoque

549 1433 594 1476 &
628 1429 942 1487 tribulationes,
989 1427 1204 1491 passiones
1228 1429 1274 1472 ὃς
1302 1427 1537 1490 languores
1576 1425 1592 1454 8
1612 1441 1743 1488 atque
1773 1424 1939 1472 diversa
2213 1461 2216 1481 Α

549 1519 781 1561 tormenta,
805 1519 889 1564 que
919 1500 1152 1546 Christiani
1175 1500 1218 1544 in
1245 1499 1340 1561 ipso
1372 1498 1557 1543 exercitu
1583 1512 1889 1559 permanentes
1918 1506 1936 1536 9
2214 1502 2216 1538 i

549 1573 651 1637 paffi
689 1574 873 1633 fuerunt,
913 1570 1156 1637 legentibus
1187 1573 1232 1617 ὃς
1259 1568 1534 1616 audientibus
1570 1568 1768 1629 breviter,
1806 1584 1938 1632 prout
2214 1558 2216 1576 ⁵

551 1647 834 1709 potuerimus,
862 1662 912 1691 ex
937 1660 1058 1707 parte
1084 1660 1302 1706 exponere
1326 1642 1701 1705 proposuimus‚¹0

616 1721 673 1763 ΙΙΙ.
701 1717 793 1763 Erat
813 1718 977 1779 quippe
997 1716 1145 1762 civitas
1164 1715 1235 1760 illa
1248 1712 1324 1760 situ
1340 1715 1385 1759 δε
1398 1729 1486 1759 arte
1501 1712 1739 1772 fortissima,
1753 1710 1937 1758 turribus
1958 1722 1991 1752 P·
2015 1721 2036 1752 f·
2064 1723 2118 1752 108
2136 1723 2175 1751 Α-

549 1792 594 1835 &
614 1791 745 1834 muris
770 1804 901 1850 atque
926 1786 1039 1832 foffis
1058 1789 1103 1832 ὃς
1121 1785 1309 1832 fluminis
1333 1786 1500 1848 impetu
1526 1785 1709 1843 munita,
1733 1785 1793 1831 ita
1816 1783 1939 1847 quod

550 1862 704 1924 aliquis
724 1862 794 1908 vix
814 1859 869 1906 ad
889 1860 1027 1923 ipsam
1048 1874 1221 1922 poterat
1235 1856 1444 1903 accedere
1464 1856 1697 1903 civitatem.
1725 1859 1769 1902 In
1788 1855 1939 1903 medio

549 1950 696 1980 autem
710 1931 838 1996 ipfius
859 1930 1048 1977 fluminis
1069 1930 1262 1993 quedam
1275 1928 1555 1976 munitissima
1570 1939 1601 1959 ¹¹
1615 1930 1737 1976 turris
1750 1929 1938 1993 cognos-

551 2008 658 2052 citur
696 2007 821 2068 super
862 2005 1114 2068 lignaminis
1156 2003 1410 2067 congeriem
1457 2001 1551 2047 fore
1588 1999 1811 2060 fabricata,
1854 2018 1939 2063 que

550 2078 693 2124 multis
733 2077 945 2123 machinis
982 2092 1072 2122 erat
1107 2076 1290 2133 munira,
1342 2073 1482 2121 taliter
1517 2072 1641 2135 quod
1676 2072 1828 2135 aliquis
1863 2089 1940 2135 per

550 2148 676 2212 ips1us
715 2147 905 2194 fluminis
940 2147 1079 2194 undas
1104 2146 1160 2193 ad
1185 2146 1670 2193 Damiate¹2civitatem
1695 2145 1938 2208 appropin-

553 2239 685 2284 quare
718 2219 943 2283 nequibat.
963 2229 996 2259 Ῑ3
1022 2223 1065 2265 ln
1083 2220 1203 2265 cuius
1227 2219 1348 2264 turris
1369 2215 1621 2264 defenfione
1650 2234 1759 2262 unus
1784 2217 1938 2263 amira-

551 2293 646 2355 gius
661 2310 741 2355 pro
762 2301 797 2330 ¹4
822 2289 949 2355 ipsius
975 2292 1098 2337 turris
1123 2292 1368 2336 munitione
1392 2306 1495 2334 cum
1519 2305 1696 2335 centum
1717 2285 1937 2346 militibus,

551 2361 770 2410 balistariis
783 2372 815 2403 ¹5
831 2365 876 2409 &
894 2364 928 2392 ¹⁶
954 2363 1179 2427 sagittariis
1198 2362 1342 2408 multis
1367 2378 1449 2426 pro
1469 2363 1557 2407 eius
1580 2358 1775 2406 custodia
1794 2358 1939 2406 existe·
1959 2369 2003 2399 M·
2020 2368 2040 2399 f·
2057 2369 2092 2399 61
2112 2369 2148 2398 C·

606 2485 617 2504 1
640 2474 683 2505 D.
709 2472 741 2505 iu
756 2472 788 2504 P.
812 2492 856 2496 —
875 2485 894 2504 ι
915 2471 1067 2515 Psappl.
1088 2492 1132 2495 —
1154 2483 1168 2513 3
1190 2473 1240 2505 M.
1264 2469 1385 2503 media.
1406 2490 1450 2493 —
1470 2483 1491 2512 4
1512 2470 1543 2502 P.
1564 2469 1768 2503 ebdomada.
1791 2489 1833 2494 --
1854 2483 1870 2514 5
1886 2470 1935 2503 M.

554 2526 733 2559 finxerunt.
763 2546 807 2550 »-
833 2529 850 2559 6
872 2527 906 2560 P.
929 2526 1031 2570 quod.
1055 2546 1097 2550 ———
1119 2538 1136 2566 7
1157 2527 1206 2560 M.
1230 2526 1437 2571 praesentem.
1457 2544 1503 2548 --
1523 2528 1539 2557 8
1560 2526 1593 2557 P.
1608 2524 1771 2569 langores,
1793 2545 1839 2549 —
1865 2537 1883 2567 9
1904 2525 1937 2559 P.

554 2592 611 2614 om.
631 2600 676 2603 —
698 2592 738 2611 10
761 2582 793 2614 P.
817 2579 895 2623 legit
931 2591 1094 2624 exponere
1113 2581 1144 2612 δε
1161 2592 1180 2612 a
1200 2587 1293 2624 parte
1311 2578 1498 2624 posuimusq
1525 2580 1574 2612 M.
1595 2591 1633 2611 ex
1652 2586 1746 2623 parte
1766 2590 1889 2623 ponere
1907 2581 1937 2613 &

555 2632 642 2676 apud
668 2632 915 2676 proposuimus.
947 2652 989 2657 —-
1022 2645 1055 2665 11
1080 2633 1113 2665 P.
1134 2645 1195 2666 om.
1228 2631 1370 2676 quedam
1398 2631 1621 2664 munitissima.
1654 2651 1700 2656 —
1730 2643 1767 2663 12
1784 2632 1834 2664 M.
1855 2629 1938 2664 Dal-

557 2685 656 2718 miate
666 2685 904 2730 stcutsemper.
934 2706 979 2710 —-
1014 2697 1052 2727 13
1073 2687 1124 2719 M.
1143 2685 1322 2729 nequiebat
1342 2684 1494 2728 &supph
1516 2683 1616 2716 intus.
1640 2704 1685 2708 —
1716 2696 1757 2725 14
1780 2684 1813 2716 P.
1834 2683 1934 2717 &M

557 2750 658 2771 unum
680 2738 909 2783 Amiragium.
929 2759 971 2764 —
996 2750 1045 2781 15.
1067 2740 1100 2771 P.
1124 2737 1315 2772 ballistariis.
1336 2758 1381 2762 —
1406 2741 1456 2771 16.
1478 2738 1511 2771 P.
1532 2738 1612 2771 add.
