2216 3435
557 221 652 285 368
1100 236 1397 270 ANToNJNUs

556 380 641 420 fuit.
684 379 759 420 His
791 381 1057 434 peragratis,⁰
1089 378 1350 420 ascendentes
1382 395 1453 434 per
1475 382 1697 421 montanab
1723 381 1941 440 lerosolime,

554 441 741 481 venimus
762 440 976 480 Baoridem.
1000 438 1102 479 Inde
1124 449 1370 480 revertentes
1391 441 1438 479 ad
1463 438 1668 492 sinistram,
1690 443 1736 481 ad
1755 442 1942 495 opidumc

553 500 680 539 montis
702 499 848 540 Oli-veti
862 500 1049 540 venimus
1068 499 1115 539 ad
1140 498 1377 550 Bethaniam,
1398 502 1444 539 ad
1467 511 1739 541 monumentum
1770 501 1941 552 Lazari,

555 559 593 599 &
616 558 875 612 respicientes
898 559 1022 599 valles
1043 558 1130 599 illas
1148 559 1187 598 &
1206 558 1547 611 perambulantes,
1562 560 1803 600 monasteria
1814 561 1942 600 multa

553 618 592 658 &
622 619 836 659 mirandad
862 618 952 659 loca
992 619 1181 669 vidimus,
1212 617 1384 658 clausam
1422 619 1728 660 multitudinem
1757 621 1795 660 in
1827 630 1942 660 monte

555 678 703 718 oliveti
722 680 902 718 virorum
924 692 970 718 ac
993 677 1221 717 mulierum.

608 738 661 778 Et
682 737 856 777 sursumt’
878 738 916 777 in
945 748 1099 788 monte,
1120 738 1259 777 undef
1275 737 1483 779 Dominus
1504 738 1681 779 ascendit
1697 740 1743 778 ad
1769 738 1941 790 Patrem,

554 798 620 837 ubi
643 797 681 837 &
709 798 888 837 iudicare
919 797 1098 847 veniet‚g
1112 797 1288 837 vidimus
1320 797 1558 837 monasteria
1587 797 1750 850 copiosa
1771 799 1837 838 &h
1859 799 1942 838 cel-

552 856 691 908 lulam,
718 858 758 897 in
792 872 871 910 qua
904 856 1034 896 clausa
1063 857 1139 896 fuit
1167 856 1231 896 vel
1272 857 1375 897 iacet
1406 858 1444 897 in
1485 861 1683 911 corporei
1704 857 1837 898 san&a
1867 857 1941 898 Pe-

551 916 667 972 lagia.
689 916 743 957 Et
765 917 804 956 in
827 915 911 969 ipso
934 926 1073 956 monte
1097 915 1318 956 Zebedeus
1341 915 1379 956 &
1402 916 1611 970 Cleophas
1633 916 1671 956 δε
1702 916 1829 956 multa
1849 931 1941 957 cor-

552 991 652 1030 pora
673 976 903 1016 sanGmrum
926 975 1218 1029 requiescunt.j
1248 975 1554 1016 Descendentes
1577 977 1626 1015 de
1646 986 1762 1016 monte
1784 977 1942 1026 Oliveti,

551 1037 736 1076 venimus
754 1036 792 1075 in
820 1034 957 1074 villam
983 1034 1232 1093 Gethsemani,
1258 1034 1296 1073 in
1321 1034 1458 1074 locum
1481 1035 1547 1075 ubi
1573 1036 1742 1076 traditus
1763 1034 1819 1075 est
1850 1035 1942 1076 Do-

551 1096 696 1136 minus.
718 1093 764 1135 In
787 1109 870 1149 quo
885 1094 972 1134 sunt
989 1095 1065 1134 tria
1080 1094 1280 1144 accubita,
1293 1095 1330 1133 in
1350 1095 1496 1148 quibus
1514 1094 1580 1134 ille
1598 1095 1802 1146 accubuit,
1815 1095 1941 1136 &nos

551 1170 626 1209 pro
648 1154 936 1195 benedicffione
953 1154 1233 1194 accubuimus.
1252 1152 1306 1193 Et
1319 1167 1446 1207 prope
1458 1154 1513 1194 est
1531 1154 1659 1205 vallis,
1677 1169 1756 1207 que
1773 1165 1942 1194 vocatur

552 1214 743 1273 Iosophat,
756 1217 770 1244 k
789 1213 827 1254 &
849 1214 886 1253 in
915 1212 995 1266 ipsa
1008 1212 1111 1252 valle
1123 1212 1179 1253 est
1190 1214 1315 1253 domus
1334 1214 1459 1266 sanffle
1480 1213 1634 1264 Marie,
1653 1214 1690 1253 in
1709 1228 1789 1267 qua
1806 1214 1941 1254 mons-

551 1285 676 1314 tratur
693 1272 934 1327 sepulcrum,
952 1274 964 1302 l
980 1273 1029 1312 de
1052 1287 1134 1326 quo
1157 1273 1298 1312 dicunt
1311 1265 1401 1312 eam
1419 1274 1465 1312 ad
1479 1272 1591 1313 celos
1605 1271 1716 1313 fuiffe
1734 1273 1939 1314 sublatam.

552 1332 651 1390 Que
672 1333 787 1372 vallis
811 1332 866 1372 est
888 1333 992 1372 inter
1013 1342 1165 1372 montem
1189 1332 1278 1385 Syon
1300 1332 1338 1372 &
1359 1342 1510 1372 montem
1534 1332 1680 1373 Oliveti
1701 1332 1836 1386 posita.
1851 1346 1876 1363 m

603 1391 649 1432 In
673 1394 840 1432 dextera
860 1406 956 1432 vero
980 1403 1094 1445 parte
1117 1403 1231 1445 porte
1255 1392 1463 1450 Ierusalem
1485 1392 1540 1431 est
1555 1392 1754 1432 olivetum
1768 1392 1807 1433 ὅ(
1824 1392 1942 1433 ficul—

549 1468 637 1505 nea,
651 1454 690 1493 in
704 1451 916 1507 quaIudas
934 1452 1080 1506 laqueo
1101 1451 1136 1492 se
1154 1451 1367 1506 suspendit,
1380 1465 1396 1482 ⁷1
1411 1452 1525 1492 cuius
1547 1451 1650 1492 talea
1664 1451 1750 1492 stat.
1773 1452 1942 1492 Munita

550 1513 671 1567 petris
705 1522 822 1565 porta
852 1511 1039 1561 civitatis,
1081 1525 1160 1564 que
1196 1511 1365 1551 coheret
1397 1511 1508 1550 Porta
1548 1511 1717 1567 Speciose,
1756 1527 1835 1566 que
1866 1512 1941 1552 fuit

553 1571 711 1626 Templi,
732 1572 848 1611 cuius
872 1570 1056 1610 liminare
1078 1570 1116 1610 &
1133 1570 1341 1610 tribulatio
1356 1588 1368 1600 υ
1387 1570 1470 1610 stat.

603 1631 816 1673 Clinantes
835 1630 953 1684 proni
977 1630 1017 1669 in
1036 1641 1183 1670 terram
1206 1629 1360 1684 ingreffi
1382 1629 1515 1670 sumus
1539 1630 1576 1669 in
1599 1629 1775 1670 sanctam
1798 1632 1940 1671 civita-

549 1702 645 1742 tem,
662 1691 701 1730 in
720 1704 799 1744 qua
810 1690 1021 1730 adorantes
1041 1689 1214 1729 Domini
1234 1700 1563 1738 monumentum,
1576 1704 1697 1743 quem
1711 1689 1797 1745 (fic)
1811 1690 1939 1744 ipsum

550 1760 879 1800 monumentum,
901 1750 940 1788 in
969 1764 1051 1803 quo
1073 1763 1221 1802 corpus
1244 1748 1419 1788 Domini
1443 1748 1614 1801 positum
1637 1749 1724 1800 fuit,
1756 1749 1793 1789 in
1823 1761 1941 1790 natu-

550 1808 677 1848 ralem
701 1809 880 1848 excisum
904 1807 958 1848 est
980 1818 1147 1861 petram.
1180 1807 1372 1847 Lucerna
1402 1807 1440 1846 in
1470 1807 1596 1861 ydria,
1626 1822 1706 1861 que
1739 1807 1809 1847 illo
1837 1818 1940 1848 tem-

552 1882 648 1921 pore
671 1868 718 1907 ad
746 1868 878 1921 capud
901 1868 987 1907 eius
1018 1865 1145 1920 posita
1165 1868 1300 1918 fuerit,
1321 1867 1473 1906 ibidem
1495 1866 1605 1906 ardet
1634 1867 1698 1906 die
1718 1867 1939 1921 nodfflque.

551 1926 614 1967 Ex
651 1941 731 1980 qua
763 1927 1094 1967 benediffionem
1134 1926 1302 1967 tulimus
1328 1925 1366 1966 &
1405 1926 1753 1979 recomposuimus
1774 1941 1831 1966 ea.
1849 1937 1869 1969 p
1892 1925 1939 1966 ln

549 2003 630 2041 quo
665 1998 938 2027 monumento
974 1987 1125 2027 deforis
1160 1987 1334 2027 mittitur
1365 1998 1480 2038 terra,
1501 1985 1835 2040 &ingredientes
1866 2001 1940 2040 pro

549 2046 841 2086 benedicffione
865 2046 1028 2086 tollunt.
1052 2046 1179 2099 Lapis
1201 2060 1311 2097 vero,
1342 2047 1449 2086 unde
1482 2045 1659 2085 clausum
1691 2046 1766 2085 fuit
1794 2059 1942 2084 monu—

595 2226 625 2248 a.
649 2213 713 2246 His
734 2212 920 2258 peragratis
940 2214 976 2246 d.
999 2212 1031 2246 in
1051 2213 1102 2254 V.,
1122 2213 1149 2246 1.
1163 2231 1204 2236 ——

549 2269 580 2302 b.
605 2269 657 2308 V.,
690 2268 713 2300 Ι.
732 2267 775 2300 de
791 2266 958 2300 montanis
982 2286 1028 2290 ——
1046 2277 1075 2300 c.
1104 2267 1159 2308 V.,
1178 2267 1203 2299 I.

548 2320 683 2367 oppida.
716 2340 757 2344 —
789 2320 821 2353 d.
859 2321 913 2361 V.,
941 2321 966 2353 I.
995 2319 1206 2352 mirabilium.

548 2386 634 2407 —e.
669 2374 717 2415 V.,
742 2375 771 2407 I.
799 2373 938 2406 rursum.
967 2392 1009 2397 -
1044 2372 1065 2405 f.
1094 2373 1146 2413 P„
1174 2373 1205 2405 L.

548 2427 614 2461 ubi.
634 2447 674 2452 —
697 2439 730 2472 g.
751 2426 847 2460 ubi...
871 2426 980 2460 veniet
998 2428 1030 2459 d.
1052 2426 1085 2459 in
1104 2427 1155 2466 P„
1171 2426 1204 2458 L.

547 2481 625 2513 —h.
645 2479 841 2513 monasteria
845 2504 908 2513 .....
937 2480 968 2512 &
993 2480 1026 2511 d.
1047 2478 1080 2511 in
1101 2479 1146 2519 R,
1166 2478 1201 2510 L.

546 2554 591 2558 —
614 2533 632 2567 i.
653 2535 691 2567 V.
716 2533 772 2566 ubi
795 2532 918 2566 inclusa
936 2531 1093 2575 fuit—j,
1109 2532 1160 2573 V.,
1180 2533 1205 2564 I.

546 2587 673 2628 Iacchi,
692 2586 840 2620 Zebedei
856 2589 886 2620 Ex:
907 2585 1056 2630 Cleophe
1070 2586 1100 2618 δι
1116 2596 1158 2617 m.
1179 2583 1203 2617 s.

545 2651 698 2684 corpora.
714 2659 755 2664 —
779 2640 815 2673 k.
839 2640 870 2672 δι
892 2651 1031 2684 prope...
1050 2637 1206 2682 Iosaphat

544 2695 577 2727 d.
598 2693 632 2727 in
648 2694 700 2734 V.,
714 2695 740 2726 I.
759 2712 800 2717 —
818 2692 838 2726 l.
856 2692 999 2726 sanfite...
1020 2691 1205 2736 sepulcrum

545 2747 580 2780 d.
604 2746 637 2780 in
657 2747 751 2788 V.,I.
765 2765 807 2771 -—
821 2758 866 2778 m.
887 2745 949 2780 loco
964 2756 1068 2790 que...
1090 2743 1208 2790 posita,

1293 2212 1373 2244 hab.
1400 2212 1450 2252 V.,
1467 2213 1514 2245 Ι..·
1537 2211 1567 2244 &
1588 2210 1656 2256 ipsa
1680 2209 1771 2243 vallis
1798 2209 1940 2243 Gethse-

1294 2264 1383 2298 mani
1403 2264 1526 2298 ibidem
1545 2272 1684 2298 vocatur
1708 2262 1874 2307 Iosaphat.
1895 2282 1940 2287 -

1294 2330 1324 2351 n.
1347 2319 1397 2359 V.,
1417 2319 1442 2351 I.
1462 2318 1563 2351 add:
1583 2317 1647 2350 hoc
1671 2317 1715 2350 est
1743 2316 1784 2349 ad
1806 2323 1938 2360 portam

1295 2369 1510 2403 Hierusalem.
1537 2389 1580 2394 ——
1610 2381 1641 2403 o.
1669 2371 1693 2402 I.
1719 2369 1874 2402 tribunal.
1896 2388 1938 2392 —

1291 2436 1321 2468 p.
1347 2423 1408 2457 loco
1427 2423 1519 2456 cuius
1545 2423 1669 2456 talea...
1691 2423 1874 2463 ea‚habent
1893 2423 1940 2464 P.,

1291 2478 1327 2510 L.
1350 2492 1360 2510 .-
1390 2476 1526 2521 Ingressi
1561 2484 1673 2509 autern
1714 2475 1745 2508 in
1795 2475 1939 2508 sannam

1293 2530 1465 2563 civitatem
1535 2529 1731 2570 Ierusalem,
1798 2527 1940 2573 perrexi—

1291 2594 1365 2617 mus
1393 2583 1531 2617 Domini
1564 2582 1746 2628 sepulcrum
1787 2583 1817 2615 δι
1858 2581 1940 2614 ado-

1292 2637 1436 2670 ravimus
1465 2636 1509 2670 ibi
1532 2636 1718 2670 Dominum
1736 2633 1857 2677 Iesum,
1885 2634 1939 2667 ubi

1291 2690 1425 2723 lucerna
1446 2689 1501 2723 die
1517 2700 1556 2723 ac
1574 2689 1671 2723 ηοξὶε
1691 2689 1798 2730 ardet,
1816 2699 1856 2721 ex
1873 2698 1939 2732 qua

1293 2742 1561 2777 benedifflionem
1588 2741 1790 2787 accepimus.

2210 1746 2216 1788 4

2209 1797 2216 1836 i

2211 1844 2216 1870 1

2209 1896 2216 1915 ι
