2216 3435
596 291 646 324 IN
672 291 935 324 OBSIDIONE
963 292 1228 325 DAMIATE.
1511 299 1527 328 Ι
1543 295 1597 343 57

229 455 377 482 crucem
413 454 559 492 veram,
581 454 628 480 ne
660 438 853 498 respicias
887 439 940 482 ad
975 441 1209 496 iniquitates
1243 443 1408 498 nostras,
1434 442 1513 500 sed
1548 442 1601 484 ad
1620 463 1697 493 1219

218 510 361 566 fidem,
395 523 563 568 propter
601 525 715 566 quam
738 513 1058 569 peregrinamur,
1095 511 1261 553 concede
1287 515 1512 570 propicius,
1554 529 1601 555 ne

229 582 356 637 nostro
379 580 582 638 sanguine
616 596 753 623 manus
791 583 1046 639 Paganorum
1078 581 1303 635 abluantur,
1341 586 1409 640 qui
1432 586 1537 626 vivis
1561 582 1600 626 ὃ»

229 666 373 709 regnas
397 651 510 692 ‘Deus
520 667 596 709 per
618 653 749 694 omnia
762 652 905 710 secula
918 651 1172 710 seculorum!
1194 654 1339 696 eAmen.

294 718 489 764 XXXVI.
525 719 819 765 Veruntamen
855 721 1025 783 Pagani,
1062 719 1256 766 videntes
1286 721 1443 766 scalam
1478 722 1604 785 supra

230 807 403 835 murum
443 788 750 851 audientesque
793 791 958 836 lutf'tum
993 793 1037 836 &
1070 791 1310 853 plancium,
1344 793 1531 853 quierat
1560 794 1603 837 in

229 861 408 905 circuitu
449 876 616 917 eorum,
664 861 785 922 super
825 861 1011 906 infantes
1056 864 1101 906 ὃς
1140 862 1337 908 mulieres
1383 862 1603 910 dixerunt:

234 934 345 993 Qid
373 935 612 991 faciemus?
649 933 830 991 Oportet,
872 951 943 977 nos
962 935 1084 994 fimul
1110 938 1212 978 mori
1241 953 1326 978 cum
1360 938 1457 993 istis,
1495 953 1605 980 ante-

230 1021 345 1062 quam
372 1004 594 1046 incidamus
620 1006 659 1046 in
686 1021 824 1048 manus
846 1008 1002 1062 istorum
1014 1005 1257 1065 sclavorum.
1296 1005 1467 1065 Nescit),
1495 1023 1604 1067 quo-

231 1072 368 1118 modo
396 1072 602 1132 fecerunt,
640 1073 758 1134 quod
792 1075 906 1119 iuXta
939 1075 1130 1119 nostrum
1158 1073 1361 1120 fossatum
1385 1078 1606 1122 venientes

231 1159 321 1188 tarn
340 1142 512 1188 crudele
537 1141 697 1188 bellum
715 1143 840 1190 nobis
864 1145 1114 1204 intulerunt,
1140 1145 1261 1207 quod
1280 1146 1488 1208 palatium
1508 1148 1605 1192 nos-

231 1230 345 1259 trum
380 1214 601 1259 diruerunt
636 1217 680 1260 &
703 1213 953 1262 berenescas
982 1217 1145 1261 nostras
1171 1218 1378 1278 quinque,
1417 1220 1461 1264 &
1497 1218 1608 1281 plus-

232 1301 364 1346 quam
389 1284 477 1330 duo
503 1284 620 1330 milia
644 1286 775 1347 usque
799 1285 855 1331 ad
886 1287 1027 1331 nostra
1051 1288 1317 1334 intraverunt
1341 1291 1539 1347 tentoria,
1564 1291 1608 1334 ὃς

231 1354 411 1418 quidam
444 1355 675 1401 amiraldus
700 1356 906 1402 incedens
931 1357 1148 1404 clamabat
1173 1358 1342 1405 dicens:
1368 1364 1540 1421 Noster
1559 1366 1608 1420 est

231 1429 431 1472 Dominus
461 1429 707 1472 machomet
728 1429 767 1472 6³
791 1447 865 1474 non
897 1431 1105 1492 Christus!
1142 1428 1380 1476 Audientes
1411 1432 1497 1475 hoc
1529 1433 1608 1476 mi-

229 1497 322 1542 lites
347 1499 392 1542 &
416 1498 644 1560 templarij,
681 1500 754 1560 qui
790 1498 849 1544 ibi
887 1499 1081 1557 aderant,
1120 1501 1357 1547 contristati
1390 1501 1610 1548 dixerunt:

234 1571 592 1630 Qidfaciemus?
615 1573 764 1631 Fugere
782 1590 856 1616 non
872 1573 1076 1617 valemus!
1101 1573 1158 1630 Et,
1179 1574 1388 1618 invocato
1410 1575 1609 1619 Domino

230 1640 275 1684 in
301 1639 581 1700 adiutorium,
619 1643 812 1688 exierunt
845 1643 961 1688 foras
993 1645 1038 1688 ὃς
1071 1643 1182 1702 illos,
1223 1644 1297 1704 qui
1328 1645 1606 1702 intraverant,

232 1709 484 1757 ferociffime
504 1713 731 1759 eiecerunt.
758 1713 840 1759 Sed
861 1716 904 1759 ὃς
922 1713 1228 1774 admiraldum,
1256 1716 1329 1777 qui
1347 1716 1483 1777 impia
1508 1732 1608 1777 pro-

233 1781 384 1826 tulerat
426 1781 555 1827 verba
588 1785 700 1829 intus
738 1788 931 1831 occisum
971 1803 1234 1848 repererunt,
1271 1786 1412 1848 licque
1451 1787 1610 1850 Pagani

234 1852 384 1915 fugam
405 1856 602 1901 inierunt.
628 1857 927 1903 Veruntamen
949 1858 1107 1903 multos
1128 1874 1373 1903 truncantes
1399 1856 1609 1920 capitibus

233 1929 277 1971 ὃς
311 1925 508 1972 manibus
542 1930 587 1972 ὅς
624 1926 806 1991 pedibus
841 1932 884 1975 in
924 1947 1083 1992 campo
1120 1931 1308 1975 iacentes
1345 1928 1610 1989 dimiserunt,

235 2001 307 2063 qui
332 1997 415 2044 {ine
441 2017 622 2045 numero
650 2002 832 2047 fuerunt.
868 2001 951 2048 Sed
976 2002 1127 2046 consul
1153 2002 1319 2046 Pisanus
1351 2018 1452 2045 cum
1487 2002 1610 2062 quin-

234 2073 375 2118 decim
401 2072 603 2118 militibus
637 2076 681 2118 &
715 2074 845 2119 nostri
870 2075 1096 2119 vietoriain
1122 2071 1367 2118 obtinentes
1394 2089 1494 2117 cum
1519 2073 1609 2118 leti-

235 2146 291 2189 tia
331 2146 426 2190 sunt
466 2143 627 2203 reversi,
664 2145 886 2190 laudantes
929 2147 973 2190 &
1008 2143 1301 2207 glorificantes
1338 2145 1498 2202 Deum,
1535 2145 1609 2206 qui

235 2218 372 2265 salvos
400 2218 500 2265 facit
526 2219 741 2281 sperantes
766 2220 809 2263 in
835 2219 886 2263 se.

289 2367 355 2408 ‘De
379 2366 666 2425 expugnatione
691 2367 828 2423 quinta
853 2361 892 2405 ὃν·
916 2362 1155 2421 quorundam
1174 2364 1404 2422 principum
1431 2362 1553 2404 obitu.

300 2504 509 2550 XXXVII.
550 2507 591 2549 ln
623 2504 690 2549 die
713 2503 1120 2567 Transfigurationis
1149 2505 1347 2559 Domini,
1386 2504 1543 2548 scilicet
1566 2505 1608 2549 in

238 2577 342 2622 festo
367 2578 509 2622 saneti
533 2577 646 2632 Sixti‚
682 2576 909 2621 Christiani
942 2591 1311 2638 oppugnaverunt
1335 2574 1501 2632 urbem,
1534 2576 1611 2619 im·
1633 2597 1707 2631 Aug,
1725 2595 1753 2631 εἴ

238 2649 401 2711 plentes
420 2646 638 2705 fossatum,
660 2648 783 2710 super
802 2646 923 2709 quod
945 2663 1082 2691 cattus
1103 2647 1243 2691 noster
1264 2645 1486 2692 ducendus
1505 2663 1608 2703 erat,

79 2735 98 2764 f.
118 2735 174 2763 180
190 2734 217 2762 b.
238 2721 311 2782 qui
338 2718 530 2780 undique
559 2720 714 2764 ferreus
739 2736 841 2776 erat,
876 2736 951 2781 per
977 2735 1108 2779 quem
1134 2735 1212 2762 nos
1238 2719 1369 2763 etiam
1394 2719 1612 2763 civitatem

237 2788 395 2836 habere
420 2789 543 2853 poffc
568 2789 856 2853 sperabamus.
888 2788 1069 2837 Civibus
1095 2806 1238 2835 autem
1263 2790 1503 2835 monstrum
1529 2787 1610 2835 five
