2216 3435
597 232 692 280 204
1157 224 1419 260 ARCULFUS

605 299 1977 316 ff—ffl———ss

592 377 661 410 hoc
677 376 811 409 sanfims
827 374 1003 408 Arculfus
1017 374 1139 407 SanSte
1155 372 1272 406 Marie
1287 371 1466 405 ecclesiam
1479 370 1512 404 in
1528 369 1615 404 valle
1631 370 1796 415 Iosaphat
1807 368 1973 414 frequen-

590 429 687 463 tavit.
698 428 810 463 Cuius
825 426 1191 473 duppliciterinferior
1200 437 1277 471 pars
1292 424 1502 470 sublapideo
1511 423 1672 457 tabulato
1689 422 1839 456 mirabili
1851 429 1973 455 rotun-

593 483 702 516 ditate
718 482 883 516 strue'tura
901 480 946 515 est
961 480 1153 522 fabricata3
1172 479 1208 512 in
1225 478 1325 512 cuius
1336 477 1497 511 orientali
1517 484 1613 522 parte
1628 476 1734 510 altare
1748 477 1911 518 habetur;
1928 476 1972 510 ad

593 537 771 570 dexteram
788 547 868 570 vero
885 534 1036 568 eiusdem
1052 533 1170 579 partiS,
1186 532 1298 565 sanfite
1315 531 1431 564 Marie
1446 531 1586 564 saxeum
1600 530 1683 564 inest
1698 541 1851 563 vacuum
1868 529 1980 574 sepul-

595 601 709 631 crum,
726 589 762 622 in
776 600 849 634 quo
869 587 1060 632 aliquando
1081 586 1215 631 sepulta
1230 584 1411 630 requievit.
1432 585 1497 618 Sed
1511 584 1552 617 de
1570 584 1695 617 eodem
1716 582 1874 628 sepulcro
1891 593 1978 627 quo-

597 643 707 676 modo
722 641 776 676 vel
790 653 862 687 quo
876 650 1035 685 tempore
1050 647 1109 673 aut
1123 652 1143 672 a
1157 639 1285 684 quibus
1298 638 1449 684 personis
1464 637 1617 670 san6'tum
1639 635 1888 681 corpusculum
1906 635 1977 668 eius

596 696 633 730 sit
648 695 838 737 sublatum,
858 694 912 728 vel
931 693 965 726 in
987 704 1059 738 quo
1078 693 1159 726 loco
1178 691 1463 725 resurrefiionem
1490 690 1648 735 expeEtat
1669 689 1799 731 nullus,
1819 696 1858 721 ut
1877 688 1982 722 refert

597 749 810 790 leronimus,
837 760 899 793 pro
919 754 1013 781 certo
1039 745 1122 779 scire
1150 745 1269 791 potest.
1299 747 1405 778 Hanc
1429 743 1629 777 inferiorem
1652 742 1839 776 rotundam
1858 742 1981 775 SanEoe

600 802 718 836 Marie
736 801 914 836 ecclesiam
928 800 1110 843 intrantes,
1127 799 1225 832 illam
1244 798 1363 832 vident
1374 805 1508 843 petram
1529 797 1571 830 ad
1585 797 1764 829 dexteram
1774 795 1914 841 parietis
1929 795 1981 828 in-

598 855 839 900 sertam,supra
850 866 957 899 quam
968 852 1149 887 Dominus
1160 851 1272 886 oravit
1281 852 1323 885 ad
1336 852 1477 885 Patrem
1488 850 1584 884 flexis
1593 849 1755 894 genibus,
1767 857 1846 882 ante
1856 849 1978 882 horam

597 910 806 944 traditionis.
826 911 865 942 In
885 921 952 954 qua
974 907 1136 941 videlicet
1152 915 1262 952 petra,
1283 906 1425 951 vestigia
1445 906 1598 939 duorum
1614 915 1772 949 genuum
1802 903 1876 936 eius
1891 902 1986 948 quasi

598 964 634 998 in
653 975 733 998 cera
751 963 951 997 molliffima
973 960 1183 1007 profundius
1207 959 1368 1005 impreffa
1387 966 1590 993 cernuntur.
1619 957 1757 991 Deinde
1786 968 1858 990 non
1876 955 1984 1000 longe

599 1019 643 1051 ab
663 1016 804 1051 ecclesia
823 1017 944 1050 Sane'te
966 1015 1095 1057 Marie,
1119 1014 1155 1047 in
1180 1027 1250 1060 qua
1276 1013 1376 1059 ipsius
1395 1012 1593 1058 sepulcrum
1621 1010 1786 1051 cernitur,
1805 1010 1840 1043 in
1860 1009 1981 1043 eadem

600 1071 690 1105 valle
711 1071 888 1116 Iosaphat,
908 1068 1079 1102 turricula
1099 1069 1252 1113 quedam
1273 1067 1410 1112 lapidea
1429 1066 1471 1099 ad
1492 1066 1670 1099 dexteram
1690 1064 1834 1097 coheret
1846 1070 1983 1109 partem

601 1125 644 1158 de
672 1136 759 1169 rupe
789 1123 903 1157 excisa
930 1124 961 1156 &
987 1123 1143 1167 separata
1161 1134 1180 1154 a
1200 1129 1321 1154 monte
1341 1119 1483 1162 Oliveti,
1511 1119 1545 1152 in
1565 1131 1635 1164 qua
1654 1117 1858 1151 intrinsecus
1878 1117 1983 1150 ferra-

601 1177 728 1211 mentis
756 1183 880 1210 cavata
904 1176 975 1209 duo
996 1174 1230 1208 monstrantur
1249 1174 1418 1218 sepulcra,
1443 1184 1597 1218 quorum
1619 1183 1730 1205 unum
1747 1169 1920 1204 Simeonis
1939 1169 1986 1203 est

601 1230 689 1273 iusti,
718 1229 780 1275 qui
805 1229 1007 1263 Dominum
1040 1228 1187 1273 suscepit
1216 1227 1251 1260 in
1279 1227 1384 1269 ulnis,
1408 1226 1494 1260 alter
1520 1237 1600 1259 vero
1627 1224 1672 1258 est
1701 1224 1838 1269 Ioseph,
1868 1223 1983 1257 sane'te

603 1283 721 1318 Marie
751 1283 859 1329 sponsi
890 1283 922 1315 &
956 1281 1107 1315 Domini
1139 1280 1332 1315 nutritoris.
1366 1282 1407 1313 In
1436 1279 1541 1312 latere
1577 1290 1659 1312 vero
1688 1277 1820 1311 montis
1852 1276 1982 1310 Oliveti

601 1338 755 1383 quedam
777 1337 822 1370 est
839 1336 1007 1381 spelunca
1026 1336 1112 1369 haut
1130 1335 1254 1380 procul
1273 1335 1317 1367 ab
1334 1333 1477 1368 ecclefia
1495 1333 1617 1366 Sanfi'oe
1638 1331 1756 1365 Marie
1774 1331 1809 1364 in
1829 1330 1986 1364 eminen-

602 1391 680 1425 tiori
696 1390 778 1424 loco
797 1398 921 1424 contra
937 1389 1064 1423 vallem
1084 1389 1269 1434 Iosaphat,
1287 1387 1322 1421 in
1351 1400 1421 1432 qua
1442 1387 1514 1420 duo
1532 1384 1793 1431 profundiffimi
1813 1385 1988 1418 habentur

603 1444 714 1491 putei,
741 1455 894 1490 quorum
921 1455 1031 1476 unum
1062 1442 1125 1475 sub
1147 1449 1269 1475 monte
1296 1441 1331 1474 in
1350 1441 1461 1474 altum
1490 1439 1628 1473 infinita
1646 1437 1888 1484 profunditate
1906 1448 1986 1482 pro-

603 1499 729 1533 duetus
747 1496 959 1536 extenditur,
982 1496 1069 1529 alter
1085 1506 1167 1529 vero
1184 1495 1221 1528 in
1240 1494 1403 1540 spelunce
1432 1493 1648 1539 pavimento,
1674 1492 1775 1526 cuius
1792 1490 1987 1532 vastissima,

604 1562 644 1588 ut
662 1553 785 1594 fertur,
810 1551 940 1585 cavitas
960 1551 993 1584 in
1016 1550 1234 1596 profundum
1260 1549 1408 1582 dimersa
1427 1548 1638 1582 descendens
1658 1548 1751 1580 1·εᾶἰο
1776 1547 1887 1580 traStu
1908 1545 1990 1579 diri-

604 1607 716 1653 gitur;
737 1605 798 1651 qui
818 1605 890 1639 duo
906 1605 1003 1650 putei
1022 1605 1156 1650 semper
1177 1604 1402 1637 clauduntur.
1422 1604 1462 1635 In
1482 1602 1604 1636 eadem
1625 1601 1791 1646 spelunca
1808 1601 1887 1635 sunt
1905 1612 1991 1645 qua-

605 1670 686 1695 tuor
704 1659 839 1705 lapidee
859 1659 974 1692 mense
986 1685 995 1700 ,
1016 1670 1167 1703 quarum
1189 1669 1259 1691 una
1277 1657 1322 1690 est
1340 1657 1438 1690 iuxta
1455 1655 1639 1689 introitum
1662 1655 1825 1700 spelunce
1841 1653 1991 1687 Domini

606 1715 732 1757 Ihesu3
752 1713 810 1747 cui
829 1712 954 1758 procul
976 1711 1086 1745 dubio
1103 1712 1220 1745 mense
1239 1711 1332 1744 sedes
1346 1710 1448 1755 ipsius
1462 1710 1604 1743 adheret
1624 1708 1684 1742 ubi
1700 1720 1782 1741 cum
1799 1706 1990 1741 duodecim

607 1766 770 1814 apostolis
798 1767 1004 1800 recumbere
1035 1765 1079 1798 ad
1107 1764 1399 1798 manducandum
1428 1763 1549 1796 solitus
1573 1763 1649 1807 sepe
1674 1768 1756 1795 erat.
1788 1761 1888 1794 Illius
1911 1772 1992 1794 vero

606 1822 704 1869 putei
728 1833 767 1854 os
788 1820 959 1861 clausum,
987 1831 1094 1863 quem
1119 1818 1153 1851 in
1174 1817 1377 1863 pavimento
1397 1816 1560 1862 spelunce
1580 1814 1683 1849 ineffe
1702 1815 1802 1860 super
1819 1813 1993 1859 descripsi—

608 1888 699 1917 mus,
720 1873 958 1920 apostolorum
980 1872 1114 1905 mensas
1134 1871 1293 1916 proprias
1307 1871 1434 1904 habere
1462 1869 1682 1903 monstratur.
1703 1869 1810 1902 Porta
1836 1879 1992 1912 namque

607 1928 725 1964 David
738 1927 869 1961 montis
884 1925 967 1959 Sion
982 1925 1083 1959 molli
1094 1924 1186 1959 clivo
1202 1926 1246 1958 ab
1257 1922 1472 1958 occidentali
1486 1923 1628 1956 adheret
1641 1929 1747 1967 parte.
1762 1922 1828 1955 Per
1845 1921 1993 1955 eandem

606 1990 745 2030 portam
774 1981 817 2014 de
840 1979 981 2013 civitate
1009 1978 1271 2023 egredientibus
1295 1978 1339 2010 ad
1365 1976 1528 2010 finistram
1560 1976 1708 2009 habetur
1734 1975 1814 2008 fons
1832 1974 1992 2020 lapideus

608 2049 668 2083 per
684 2035 810 2070 vallem
824 2034 859 2068 in
876 2034 1029 2068 austrum
1041 2034 1134 2067 τεὸὶο
1147 2033 1296 2066 ἀίῑεξὶυε
1316 2030 1466 2073 tramite,
1478 2029 1617 2063 arcibus
1632 2029 1803 2063 suffultus.
1823 2029 1889 2062 Per
1902 2029 1995 2062 hanc

607 2097 746 2136 portam
776 2089 820 2122 ab
843 2088 1031 2122 Ierusalem
1060 2087 1168 2132 usque
1201 2087 1245 2119 ad
1275 2085 1453 2119 civitatem
1486 2083 1683 2117 Samuhelis
1713 2095 1782 2128 que
1814 2082 1994 2116 Ramatha

609 2143 815 2177 nominatur
840 2143 872 2176 δε
899 2142 1008 2187 usque
1035 2141 1079 2174 ad
1105 2141 1288 2175 Cesaream
1308 2138 1479 2172 Palestine
1507 2148 1646 2170 necnon
1667 2137 1698 2169 δι
1724 2136 1834 2181 usque
1854 2137 1991 2170 Gazam

608 2198 672 2232 iter
699 2197 858 2230 habetur.
884 2197 989 2229 quta
1015 2194 1189 2239 prefatam
1216 2201 1355 2239 portam
1380 2191 1438 2225 ille
1459 2190 1595 2224 vicinus
1620 2190 1769 2223 habetur
1791 2189 1903 2232 locus,
1930 2189 1990 2223 ubi

609 2252 716 2297 Iudas
731 2249 897 2284 scariotis
913 2249 1042 2293 laqueo
1063 2248 1095 2281 se
1110 2246 1294 2293 suspendit.
1315 2246 1452 2279 Ibidem
1474 2247 1505 2279 δε
1526 2245 1668 2290 grandis
1685 2244 1860 2290 hodieque
1880 2242 1996 2276 mons-

610 2311 720 2338 tratur
748 2303 836 2337 ficus
863 2303 924 2337 ubi
941 2303 972 2336 se
992 2302 1203 2348 illaqueatus
1221 2299 1405 2347 pependit,
1432 2299 1516 2332 ficut
1540 2300 1716 2333 Iuvencus
1734 2297 1897 2344 presbiter
1923 2308 1998 2330 ver-

609 2358 735 2392 fidicus
754 2357 897 2392 cecinit:

908 2423 1091 2466 Informam
1110 2421 1231 2466 rapuit
1238 2421 1328 2465 ficus
1345 2421 1386 2453 de
1404 2419 1537 2453 vertice
1554 2425 1698 2452 mortem.

657 2529 799 2564 Dehinc
817 2529 952 2563 sanetus
969 2527 1146 2562 Arculfus
1166 2526 1284 2560 scribit
1301 2526 1344 2559 de
1373 2524 1455 2558 loco
1476 2523 1539 2558 illo
1566 2523 1626 2557 ubi
1646 2522 1785 2557 cenavit
1808 2522 1991 2556 Dominus

613 2596 695 2619 cum
719 2582 897 2628 discipulis
922 2582 990 2615 suis
1015 2583 1047 2615 &
1066 2580 1127 2615 ubi
1149 2580 1295 2626 Spiritus
1317 2579 1462 2613 Sanffitus
1488 2578 1523 2611 in
1548 2577 1604 2611 die
1629 2577 1745 2610 sanfito
1765 2575 1995 2610 Pentecosten

612 2637 791 2672 descendit
814 2637 914 2681 super
938 2634 1127 2681 apostOIOS,
1150 2634 1211 2668 ubi
1229 2633 1399 2678 grandem
1423 2631 1598 2665 bafilicam
1625 2630 1709 2664 dicit
1735 2629 1798 2663 effe
1821 2628 1996 2664 construc-

612 2700 688 2726 tam
714 2690 750 2724 in
775 2689 902 2724 vertice
931 2689 1062 2722 montis
1082 2688 1177 2730 Sion,
1203 2699 1272 2732 que
1303 2685 1491 2731 apostolica
1511 2684 1651 2719 ecclesia
1671 2683 1878 2729 appellatur.
1906 2682 1997 2716 Illuc

615 2744 768 2781 cernitur
796 2743 988 2791 columpna
1017 2741 1077 2777 ubi
1102 2740 1299 2788 flagellatus
1323 2739 1368 2774 est
1388 2738 1580 2782 Dominus,
1606 2737 1888 2783 monstraturque
1909 2735 1994 2771 illuc
