2216 3435
549 147 610 195 60
929 161 994 193 DE
1031 161 1241 194 ITINERE
1277 161 1545 196 FRISONUM.

432 330 507 359 1217
547 325 616 353 cre
635 304 886 370 perturbato
906 324 1086 370 propter
1104 307 1192 354 dies
1212 308 1492 354 interlunares
1526 301 1694 373 semper
1718 311 1926 374 navigan-
1943 337 1967 356 c.
1985 327 2034 356 26.

547 377 658 424 tibus
684 378 917 441 lhspestos,
955 396 1102 424 comes
1139 377 1193 425 de
1217 379 1382 426 Wetha
1412 381 1550 427 ventis
1587 380 1858 428 suadentibus
1885 383 1926 429 se

546 451 655 494 mari
679 448 896 495 commisit
920 467 1021 496 cum
1041 450 1185 495 multis
1208 449 1402 497 navibus,
1429 450 1602 516 Quibus
1620 469 1753 500 vento
1779 470 1925 516 oppo-

546 519 637 578 fito,
671 519 835 566 nebulis
865 523 909 566 ὃς
940 520 1078 567 imbre
1109 520 1302 580 disieffls,
1339 539 1424 568 una
1455 524 1500 568 in
1535 523 1737 587 scopulos
1774 524 1926 570 incidit

545 593 773 651 Britannie‚
813 610 897 654 que
926 592 1046 639 salvis
1083 591 1333 639 hominibus
1358 610 1459 639 cum
1481 603 1491 623 ¹
1513 595 1648 642 multa
1674 614 1816 642 rerum
1841 597 1925 643 iac-

395 676 459 704 lun.
478 683 505 714 5·
545 680 638 710 tura
664 662 858 727 deperiit.
891 664 982 709 Nos
1013 665 1143 728 igitur
1177 665 1370 727 sequenti
1400 665 1469 712 die
1498 684 1601 713 cum
1625 669 1788 714 comite
1814 669 1925 714 Hol-

394 754 458 782 1un.
476 762 503 790 7.
544 734 689 781 landie
708 736 977 781 Britanniam
995 734 1280 796 advertente5‚
1302 754 1453 799 quarta
1474 738 1576 784 feria
1592 757 1770 802 portum
1784 741 1927 786 Santsti

544 807 725 854 Matthei
748 810 984 872 attigimu3‚
1009 807 1083 854 ubi
1102 808 1294 855 secundo
1313 810 1509 873 perletf’tis
1534 812 1928 874 constitutionibus,

545 895 660 925 totus
695 879 854 925 eisdem
889 879 1056 944 legibus
1084 880 1301 928 servandis
1326 882 1366 927 se
1390 883 1578 928 astrinxit
1602 884 1820 930 exercitus
1859 886 1928 931 Se-

397 963 461 993 [un.
481 971 527 992 11.
547 952 693 1012 quenti
718 969 820 997 vero
852 950 922 997 die
953 952 1181 998 dominico
1212 955 1386 999 mutatis
1411 953 1614 1000 custodiis
1640 956 1791 1001 comiti
1815 956 1926 1002 Hol-

544 1021 691 1068 landie
732 1022 995 1085 producatus
1032 1026 1076 1069 ὃς
1116 1024 1341 1070 marscallo
1368 1023 1623 1072 Coloniensi
1647 1024 1927 1088 postducatus

545 1095 844 1141 committitur.
855 1096 1030 1141 Portum
1044 1097 1189 1142 Sanffl
1203 1097 1364 1143 Mathei
1387 1097 1601 1159 liquentes
1615 1097 1812 1160 aquiloni
1831 1098 1928 1145 vela

542 1165 796 1224 laxavimus,
831 1168 904 1228 qui
941 1167 1224 1214 Ulixibonam
1265 1167 1543 1214 tendentibus
1581 1186 1682 1214 cum
1721 1168 1926 1216 omnibus

544 1236 623 1281 suis
654 1237 971 1284 collateralibus
1002 1240 1058 1285 est
1086 1239 1212 1285 utilis.
1250 1241 1403 1287 Ventis
1434 1242 1578 1303 itaque
1604 1241 1818 1304 prosperis
1854 1241 1927 1288 sed

392 1321 456 1349 lun.
477 1322 522 1350 16.
542 1309 669 1354 nimis
693 1308 859 1356 lenibus
885 1309 957 1369 usi,
983 1311 1097 1357 sexta
1121 1311 1225 1357 feria
1249 1313 1449 1375 proxima
1473 1312 1602 1358 Phare
1634 1314 1926 1375 pervenimus,

543 1380 665 1442 quod
706 1382 763 1426 est
808 1381 1027 1445 oppidum
1065 1382 1236 1428 Galicie
1277 1382 1396 1429 dives
1437 1383 1698 1443 admodum,
1746 1401 1926 1448 portum

541 1450 703 1498 habens
728 1452 983 1513 flexuosum,
1008 1470 1121 1500 turre
1146 1453 1315 1500 sublimi
1332 1454 1576 1519 presignata
1595 1474 1618 1502 a
1640 1456 1744 1501 Iulio
1766 1457 1924 1505 Cesare
1943 1478 1969 1507 p·
1985 1476 2056 1507 479·

388 1540 452 1569 1un.
476 1548 522 1577 17.
543 1524 798 1571 constructa.
824 1525 1017 1572 Navibus
1042 1527 1187 1589 itaque
1211 1528 1255 1571 in
1276 1542 1369 1572 tuto
1391 1526 1617 1591 dispositis,
1642 1529 1836 1590 sequenti
1854 1529 1924 1576 die

540 1597 681 1642 versus
701 1598 1052 1661 Compostellam
1077 1600 1152 1644 iter
1177 1615 1410 1662 arreptum,
1435 1617 1513 1663 per
1538 1599 1657 1646 diem
1680 1602 1725 1646 ὃς
1746 1604 1924 1648 nots'tem

540 1669 748 1715 continue
781 1668 1044 1730 laborantes,
1084 1672 1152 1716 vix
1180 1671 1464 1718 confecimus.
1502 1671 1631 1719 Unde
1654 1673 1752 1735 post
1777 1672 1925 1720 oblata

541 1743 640 1787 Deo
663 1744 707 1787 &
732 1740 862 1788 beato
887 1742 1089 1805 apostolo
1115 1741 1320 1788 sacrificia
1343 1741 1507 1801 reversi,
1541 1761 1620 1806 per
1644 1761 1809 1791 novem
1834 1744 1924 1790 dies

540 1815 677 1859 ventis
706 1812 915 1876 oppositis
944 1814 1072 1860 Phare
1103 1815 1246 1859 sumus
1273 1813 1448 1860 detenti.
1480 1816 1669 1861 Hortatu
1695 1817 1825 1879 igitur
1851 1834 1923 1862 co-

540 1886 654 1930 mitis
681 1885 933 1944 I-Iollandie,
974 1887 1048 1948 qui
1079 1885 1132 1932 ab
1161 1886 1314 1931 incolis
1340 1885 1564 1943 didicerat,
1608 1887 1730 1949 quod
1762 1887 1815 1934 ab
1847 1888 1923 1934 illo

540 1974 669 2021 portu
696 1959 833 2004 ventis
852 1958 1137 2005 Ulixibonam
1154 1968 1171 1987 2
1189 1956 1424 2004 ferentibus
1439 1959 1551 2004 exire
1575 1977 1667 2004 non
1686 1958 1923 2022 poffemus,

539 2031 680 2076 versus
702 2031 969 2076 Britanniam
994 2029 1049 2076 ad
1070 2031 1194 2075 unius
1221 2030 1394 2075 miliaris
1420 2031 1738 2077 estimationem
1757 2031 1921 2089 reversi,

541 2118 720 2165 portum
740 2103 977 2164 optimum,
1006 2120 1139 2165 quem
1159 2102 1243 2147 Tui
1262 2111 1275 2139 3
1296 2101 1460 2161 dicunt,
1484 2103 1595 2148 inter
1614 2102 1724 2148 duos
1750 2121 1923 2150 montes

542 2192 690 2220 aereos
714 2174 1017 2238 complicitum
1044 2174 1307 2220 intravimus,
1328 2175 1369 2218 A
1389 2191 1477 2236 quo
1497 2175 1542 2219 in
1564 2175 1670 2220 festo
1697 2175 1921 2238 apostolo-

391 2259 457 2290 lun.
474 2268 523 2298 29.
543 2264 636 2291 rum
660 2247 767 2292 Petri
789 2248 833 2291 ὃς
860 2246 972 2292 Pauli
997 2245 1218 2309 progressi,
1254 2247 1391 2292 ventis
1426 2244 1692 2292 instabilibus
1727 2264 1805 2309 per
1840 2264 1922 2294 tres

543 2317 631 2363 dies
665 2319 711 2363 ἃ
735 2321 884 2364 modies
919 2319 1065 2364 iaetati
1098 2319 1143 2364 in
1183 2315 1397 2376 fluclibus‚
1432 2334 1586 2380 quarto
1622 2317 1692 2363 die
1717 2319 1921 2383 Portuga-

539 2390 642 2435 liam
679 2391 965 2452 pervenimus.
1003 2390 1089 2435 Hic
1127 2406 1277 2452 portus
1314 2387 1509 2434 faucibus
1544 2390 1642 2435 artis
1670 2391 1715 2435 ὃς
1740 2388 1919 2437 obietstis

591 2546 601 2565 1
639 2534 781 2577 Repetita
805 2535 1029 2579 sequebantur
1054 2533 1165 2566 verba
1179 2549 1188 2566 .·
1317 2551 1334 2570 2
1356 2539 1555 2582 Sequebatur
1575 2539 1798 2579 tendentibus,
1808 2539 1919 2581 statim

539 2587 648 2620 multis
669 2588 808 2621 navibus
828 2588 947 2633 quibus
962 2596 1061 2621 vento
1080 2598 1187 2631 oppo-
1260 2591 1476 2635 suppunc‘ltmz
1494 2594 1526 2625 in
1535 2594 1574 2625 A.
1590 2612 1631 2617 —
1645 2605 1659 2634 3
1671 2594 1711 2626 A.
1722 2594 1786 2636 tuj;
1801 2605 1918 2626 manus

538 2641 610 2683 fito,
621 2640 687 2684 sed
697 2641 782 2675 linea
805 2643 998 2685 transdua‘la
1008 2643 1118 2687 statim
1131 2644 1185 2676 de·
1259 2645 1411 2689 secunda
1438 2646 1472 2679 in
1490 2658 1596 2691 marg.
1611 2646 1744 2691 scripsit
1760 2647 1840 2682 Tvi.

539 2695 602 2729 leta
612 2694 695 2738 sunt
710 2697 742 2729 in
754 2698 792 2729 A.
