2216 3435
240 825 249 836 ,
311 792 366 839 fia
392 794 635 856 sepulcrum
668 796 877 840 monstrat
903 796 1058 842 Lazari.
1086 799 1201 841 quta
1226 796 1347 858 quod
1367 797 1424 841 est
1449 797 1610 858 piscina
1635 796 1691 841 ad
1710 792 1882 830 sepmerum

717 296 981 329 BERNARDI
1018 297 1273 330 MONACHI.
1596 299 1687 350 317

314 456 380 486 tur
394 452 413 469 ‘²
428 441 560 486 altare
583 439 659 486 sub
678 440 780 486 divo
804 457 971 504 patens,
991 442 1034 486 in
1061 458 1150 503 quo
1171 440 1441 488 celebrantur
1463 444 1688 490 sollemnia

313 509 545 556 miffarum.

376 582 488 627 XVl.
528 580 661 627 [ndeb
689 581 957 629 transivimus
980 593 993 610 ⁶
1027 582 1083 628 ad
1123 585 1381 643 Bethaniam,
1423 601 1507 645 que
1541 584 1598 629 est
1633 582 1689 628 ad
1708 591 1860 621 Bethania-

312 651 554 712 meridiem,
592 652 747 698 distans
782 671 807 698 a
833 672 960 699 monte
988 656 1143 700 Olivezi
1166 655 1365 700 milliario
1397 672 1501 712 uno,
1529 656 1573 699 in
1599 654 1689 700 des-

312 723 439 768 censu
467 722 592 785 ipfius
622 725 800 783 montis,
837 725 880 769 in
912 742 1000 786 quo
1029 726 1087 770 est
1111 730 1384 785 monasterium
1416 727 1535 770 cuius
1556 725 1690 770 eccle-

1912 793 1968 820 La-

1800 833 1866 861 zari.

311 865 579 927 aquilonem,
622 867 667 910 in
705 883 791 927 qua
822 865 931 911 iussu
972 868 1156 912 Domini
1188 867 1293 913 lavit
1327 868 1367 912 se
1394 868 1482 929 ipse
1513 868 1691 912 Lazarus

311 937 588 995 resuscitatus,
604 936 625 964 d
650 938 724 998 qui
758 936 913 982 dicitur
938 938 1085 999 postea
1110 936 1330 1000 perstitisse
1347 949 1359 965 ⁶
1381 938 1610 1000 episcopus
1648 939 1692 983 in

310 1009 465 1068 Epheso
492 1007 535 1052 xl
559 1009 692 1053 annis.
730 1011 773 1053 In
806 1008 1008 1053 descensu
1035 1010 1167 1054 etiam
1191 1008 1244 1054 de
1275 1008 1433 1054 montes
1457 1011 1613 1054 Oliveti
1636 1009 1692 1054 ad

312 1077 633 1124 occidentalem
656 1078 837 1142 plagam
863 1079 1100 1125 ostenditur
1125 1097 1331 1138 marmor,
1357 1079 1410 1125 de
1437 1097 1522 1141 quo
1549 1081 1692 1125 ascen-

311 1148 407 1194 ditg
424 1144 641 1195 Dofninus
658 1150 784 1212 super
801 1150 968 1212 pullum
985 1149 1112 1195 asme.
1137 1154 1246 1196 Inter
1265 1150 1344 1196 hec
1363 1150 1419 1196 ad
1444 1150 1686 1210 meridiem,

310 1222 354 1265 in
377 1222 485 1266 valle
508 1223 712 1282 Iosaplzat,
738 1221 796 1265 est
820 1223 1033 1267 natatoria
1057 1224 1182 1268 Siloe.
1200 1222 1216 1249 ἦ
1712 1227 1864 1256 Natatfflia
1881 1227 1970 1256 5³¹0ss

375 1291 504 1337 XVII.
532 1291 742 1336 Ceterum
770 1291 876 1336 dum
906 1293 1113 1338 exivimus
1138 1291 1192 1338 ab
1219 1294 1448 1353 Ierusalem,
1475 1294 1693 1339 transeun-
1712 1303 1878 1332 Bethleem-

311 1379 372 1408 tes
405 1361 462 1408 ad
494 1364 713 1419 Bethleem,
752 1379 777 1406 a
806 1362 909 1406 loco
938 1363 1172 1408 nativitatis
1205 1364 1402 1421 Domini,
1442 1364 1512 1424 qui
1549 1364 1629 1409 fuit
1651 1369 1692 1423 vj

310 1433 523 1490 milliario,
547 1433 558 1460 1'
579 1432 766 1477 ostensus
786 1432 843 1477 est
862 1431 1021 1478 nobisj
1043 1450 1239 1495 campus,
1264 1435 1307 1478 in
1333 1450 1422 1495 quo
1441 1432 1667 1481 laborabat

310 1503 504 1562 Abacuc,
519 1503 698 1565 quando
718 1503 898 1566 angelus
914 1505 1098 1549 Domini
1115 1504 1223 1550 iuffit
1243 1506 1282 1550 ei
1303 1505 1315 1532 l
1334 1504 1568 1567 prandium
1584 1507 1691 1553 ferre
1711 1502 1868 1572 campssjc·

310 1575 482 1621 Danieli
510 1576 553 1620 in
580 1577 830 1634 Babilonem,
863 1593 946 1638 que
971 1577 1029 1621 est
1052 1575 1109 1621 ad
1131 1575 1372 1635 meridiem,
1399 1574 1471 1621 ubi
1494 1577 1692 1639 regnavit

309 1645 753 1703 Nabuchodonosor,
770 1658 794 1674 ⁷²²
820 1665 954 1709 quam
980 1664 1098 1692 nunc
1114 1659 1130 1675 ⁷¹
1158 1648 1373 1710 serpentes
1394 1649 1438 1692 &
1460 1646 1590 1693 bestie
1624 1648 1692 1692 in-

309 1716 518 1763 habitant.
548 1719 752 1762 Bethleem
769 1729 782 1746 ⁰
806 1735 912 1781 ergo
938 1717 1068 1763 habet
1091 1717 1317 1764 eccleslam
1334 1718 1461 1765 valde
1480 1736 1691 1782 magnam
1710 1725 1835 1772 Ecclefi?
1858 1727 1887 1755 S·
1904 1726 1970 1755 Ma·

309 1790 352 1834 in
380 1790 549 1834 honore
563 1791 708 1850 semela
732 1791 903 1848 marie,
927 1790 971 1834 in
998 1791 1116 1835 cuius
1149 1789 1297 1835 medio
1326 1790 1383 1835 est
1414 1797 1598 1852 cryptas>
1615 1788 1691 1835 sub
1806 1778 1857 1797 κ’

310 1877 398 1906 uno
418 1858 575 1922 lapide.
601 1860 735 1905 Cuius
758 1861 957 1905 introitus
982 1861 1039 1906 est
1059 1860 1114 1906 acl
1134 1859 1375 1919 meridiem,
1392 1873 1409 1901 9
1426 1862 1559 1906 exitus
1586 1878 1689 1906 vero

311 1932 366 1979 ad
405 1933 630 1977 orientem.
671 1935 712 1976 [n
754 1949 842 1993 quo
887 1931 1122 1978 ostenditur
1158 1935 1381 1994 presepium
1419 1937 1592 1978 ‘Domini
1635 1931 1690 1977 ad

309 2002 586 2049 occidentem
608 2001 734 2064 ipsius
763 2004 923 2066 cripte,
940 2016 954 2031 r
975 2004 1097 2049 locus
1123 2021 1268 2049 autem
1291 2005 1334 2048 in
1355 2021 1443 2065 quo
1471 2005 1687 2048 Dominus

308 2075 456 2137 vagiit,
496 2074 554 2119 est
588 2074 644 2119 ad
670 2076 896 2133 orientem,
940 2073 1102 2120 habens
1129 2087 1139 2103 ⁵
1178 2075 1308 2120 altare
1340 2074 1412 2120 ubi
1449 2073 1687 2119 celebratur

308 2144 442 2191 missa.
471 2149 586 2191 quta
605 2145 717 2191 hanc
736 2144 958 2191 ecclesiam
983 2146 1040 2191 est
1058 2145 1113 2191 ad
1133 2145 1361 2191 meridiem
1385 2144 1559 2191 ecclefia
1588 2144 1691 2190 bea-

309 2233 453 2262 torum
492 2233 731 2276 martyrum
770 2221 1049 2262 Innocentium.
1089 2217 1287 2262 Milliario
1320 2216 1510 2279 denique
1543 2234 1632 2261 uno
1668 2235 1692 2262 a

309 2290 513 2333 ‘Bethleem
560 2288 615 2333 est
660 2288 970 2333 monasterium
997 2291 1231 2349 sandiorum
1278 2293 1497 2348 Pastorum,
1536 2286 1689 2350 quibus

307 2359 486 2422 angelus
511 2360 555 2404 in
581 2359 805 2405 nativitate
830 2360 1013 2404 Domini
1037 2360 1252 2422 apparuit.

1871 1502 1972 1531 Haba-

1710 2136 1834 2166 Ecclefia
1878 2137 1970 2166 Inno-

1763 2187 1904 2208 centlum.

357 2490 388 2510 a.
412 2477 552 2509 habetur
570 2478 600 2509 d.
621 2477 654 2509 in
673 2479 705 2510 F.
732 2497 775 2501 —
806 2478 836 2510 b.
858 2478 892 2510 L.
915 2478 957 2510 in.
1044 2477 1094 2510 lia.
1115 2499 1160 2501 —
1175 2479 1202 2520 j.
1225 2477 1319 2510 nobis
1339 2479 1371 2510 d,
1388 2477 1475 2519 inF.;
1494 2478 1540 2510 M.
1557 2477 1630 2511 illis.
1650 2497 1691 2501 —

308 2551 354 2554 ——
371 2541 399 2563 c.
416 2531 465 2562 M.
487 2539 698 2574 perrexerunt
717 2542 735 2562 a
757 2532 795 2564 B.
811 2531 904 2563 —d.
924 2532 958 2563 L.
1044 2532 1076 2563 k.
1105 2533 1137 2564 F.
1160 2531 1334 2564 laboravit.
1370 2551 1410 2555 —
1442 2531 1460 2563 l.
1483 2532 1513 2564 F.
1537 2543 1623 2564 eum.
1647 2552 1692 2555 —

309 2583 523 2616 resuscitatur.
549 2603 590 2607 -—
605 2595 632 2615 e.
654 2585 705 2624 L.,
727 2585 774 2617 M.
794 2583 956 2616 exstitisse.
1043 2597 1085 2617 m.
1106 2587 1153 2625 F„
1178 2586 1208 2616 l„
1230 2584 1534 2627 Nabugodonosor.
1555 2596 1639 2617 ——-n.
1656 2585 1690 2617 L.

311 2657 352 2661 —
375 2636 396 2668 f.
423 2637 455 2669 L.
481 2636 580 2669 etiam
616 2637 750 2669 montis:
785 2656 826 2660 —
854 2648 888 2680 g.
909 2639 957 2671 M.
1044 2650 1112 2670 nec.
1143 2657 1183 2660 —-
1217 2649 1246 2670 o.
1273 2639 1304 2670 F.
1329 2637 1482 2670 Belleem.
1511 2658 1555 2661 —
1582 2650 1614 2681 p.
1642 2639 1690 2671 ΛΠ.

309 2690 487 2723 descendit.
513 2709 553 2713 —
574 2690 605 2723 h.
622 2691 654 2722 F.
670 2690 780 2734 Syloe.
802 2711 847 2714 —
866 2691 886 2723 i.
910 2692 958 2723 Μ.
1044 2691 1209 2735 scriptura.
1225 2711 1271 2715 ——
1289 2702 1319 2734 q.
1337 2691 1384 2729 L.,
1401 2692 1436 2723 V.
1450 2703 1468 2723 a
1488 2691 1632 2723 meridie.
1646 2711 1691 2714 ——

310 2742 386 2776 inde
413 2743 607 2776 transierunt
637 2743 667 2775 in
690 2743 872 2784 Bethleem,
902 2744 957 2776 ubi
1044 2756 1069 2779 r.
1092 2746 1142 2781 M.
1166 2744 1333 2793 scripture.
1358 2763 1402 2767 ——
1424 2756 1447 2778 S.
1468 2746 1516 2778 M.
1536 2744 1648 2780 habet.

311 2796 477 2833 Dominus
496 2796 556 2832 fuit
574 2805 682 2841 natuS,
705 2796 829 2830 habens
845 2797 875 2843 vj
898 2796 958 2833 mi-
