2216 3435
432 371 508 400 1218

391 414 465 452 Apr.
481 414 510 442 6.

389 680 462 718 Apr.
482 679 509 708 8.

389 817 463 855 Apr.
483 825 529 848 11.

403 892 461 930 Ap.
483 899 528 930 15.

406 1827 464 1865 Ap.
483 1827 531 1856 26.

549 225 614 271 70
934 222 1000 255 DE
1037 221 1249 255 ITINERE
1284 221 1554 255 FRISONUM.

551 393 575 420 a
600 373 755 419 dextris
781 373 939 431 reli6la‚
968 372 1069 418 feria
1095 372 1209 417 sexta
1229 380 1239 400 ¹
1260 371 1552 434 Sarragosam,
1578 388 1664 433 que
1687 371 1937 416 Siracusana

549 442 719 503 dicitur,
746 444 924 491 feliciter
949 445 1230 507 contigimus,
1264 441 1350 490 160
1372 440 1604 488 miliaribus
1625 461 1650 488 a
1669 442 1832 488 Maltha
1857 441 1938 488 dis-

550 531 727 563 tantem.
752 517 814 562 Est
838 534 984 563 autem
1008 516 1258 562 Siracusana
1283 513 1401 560 sedes
1426 514 1685 577 episcopalis
1712 512 1767 558 ad
1793 515 1935 559 orien-

550 603 639 632 tem
673 588 813 634 Sicilie
848 589 958 634 inter
987 588 1206 632 Mazaram
1235 587 1280 631 ὃς
1304 585 1564 642 Cataneam,
1606 583 1679 630 ubi
1706 583 1823 630 diem
1852 585 1937 631 Pal-

550 676 722 704 marum
748 660 1010 705 sollemniter
1034 656 1362 714 celebravimus,
1403 657 1626 701 canonicis
1652 655 1844 702 eiusdem
1869 674 1937 702 ec-

549 729 671 776 clefie
696 748 868 777 morem
891 731 1144 776 Latinorum
1168 746 1246 792 per
1272 729 1424 773 omnia
1449 726 1739 789 sequentibus.
1767 729 1940 791 Qarta

550 802 654 847 feria
678 803 879 865 proxima
905 801 1007 847 inde
1043 799 1308 857 recedenteS,
1333 816 1408 861 per
1433 802 1583 844 nodies
1608 800 1652 844 &
1679 797 1770 844 dies
1801 801 1938 846 ventis

548 871 605 918 usi
625 874 853 936 prosperis,
873 872 946 919 sed
965 874 1152 918 nimium
1171 869 1336 928 validis,
1358 871 1400 915 in
1419 868 1488 915 die
1510 870 1658 915 santsto
1679 871 1838 932 pasche
1862 870 1937 917 sub

547 944 680 990 Creta
705 945 841 991 insula
864 944 920 991 ad
940 943 1220 990 occidentem
1245 942 1459 988 anchoras
1484 942 1763 1004 proiecimus,
1789 945 1835 988 ὃ(
1859 941 1935 989 ibi—

547 1015 649 1061 dem
679 1033 772 1062 tota
797 1019 929 1062 no6le
951 1017 1095 1061 iaslati
1120 1013 1320 1060 flutstibus
1340 1015 1385 1059 ὃ(
1406 1013 1622 1076 procellis,
1648 1030 1790 1076 preter
1815 1015 1938 1077 spem

546 1089 632 1134 Dei
657 1087 953 1134 misericordia
978 1088 1143 1145 servati,
1166 1104 1296 1132 mane
1315 1085 1514 1143 insulam,
1537 1102 1623 1147 que
1643 1085 1808 1131 Sikilon
1833 1085 1938 1131 dici-

547 1176 628 1217 tur,
653 1161 902 1206 accessimus
926 1177 1029 1205 cum
1053 1157 1187 1204 tribus
1213 1174 1383 1203 tantum
1411 1155 1609 1214 navibus,
1634 1174 1825 1219 quorum
1853 1157 1939 1203 due

545 1233 591 1276 in
619 1248 749 1294 portu
781 1230 1005 1278 tenacibus
1032 1230 1232 1276 anchoris
1257 1229 1564 1274 remanserunt.
1591 1229 1685 1275 Nos
1709 1245 1829 1288 vero,
1857 1229 1937 1275 fal-

545 1304 660 1350 lente
687 1304 895 1360 anchora,
922 1305 1061 1351 ventis
1081 1300 1292 1365 oppofitis
1319 1319 1344 1347 a
1365 1318 1494 1364 portu
1514 1299 1685 1364 repulsi,
1711 1302 1825 1346 circa
1849 1300 1938 1346 ves-

544 1393 670 1438 peras
696 1375 771 1422 sub
796 1377 931 1422 Creta
951 1376 1112 1438 recepti
1136 1373 1191 1420 ad
1217 1373 1489 1436 aquilonem,
1522 1389 1615 1418 tota
1642 1375 1773 1418 notste
1797 1372 1937 1419 ventis

546 1446 604 1493 ufi
630 1447 841 1507 secundis,
877 1447 948 1493 die
978 1444 1172 1493 secundo
1206 1444 1261 1491 ad
1286 1445 1511 1508 vesperam
1537 1442 1760 1490 Candiam
1786 1445 1936 1490 civita-

547 1536 636 1565 tem
655 1521 947 1583 pervenimus,
973 1517 1047 1565 ubi
1067 1536 1091 1564 a
1107 1515 1355 1563 custodibus
1370 1516 1505 1562 insule
1526 1515 1756 1579 diligenter
1774 1514 1936 1575 edoffi,

548 1609 633 1654 que
653 1590 801 1650 fidera,
827 1609 961 1653 quam
977 1590 1056 1636 celi
1078 1589 1259 1653 plagam
1284 1588 1404 1650 sequi
1422 1585 1679 1634 deberemus
1709 1585 1936 1632 tendentes

548 1664 690 1709 versus
731 1665 876 1722 Acon,
933 1662 1029 1725 post
1070 1661 1167 1706 solis
1208 1660 1414 1705 occasum
1454 1676 1634 1722 portum
1674 1658 1936 1720 linquentes,

548 1735 688 1782 ventis
712 1737 757 1780 ὅ(
788 1735 896 1780 mari
926 1734 1021 1797 plus
1058 1750 1192 1795 quam
1230 1749 1311 1794 pro
1343 1747 1452 1777 voto
1487 1729 1825 1787 blandientibus,
1868 1729 1937 1776 die

550 1807 746 1870 septima,
767 1807 961 1868 sequenti
981 1804 1049 1850 die
1067 1804 1165 1868 post
1179 1804 1315 1849 Marci
1333 1801 1606 1866 evangeliste,
1626 1817 1805 1864 portum
1820 1802 1937 1847 Aco-

549 1880 729 1924 nensem
760 1877 1002 1942 gaudentes
1030 1876 1299 1934 intravimus,
1335 1875 1573 1938 gratiarum
1600 1874 1809 1932 afflones,
1844 1891 1937 1919 non

549 1968 656 2013 quas
682 1947 911 1995 debuimus
948 1947 1020 1993 sed
1047 1964 1153 2010 quas
1179 1946 1418 2009 potuimuS‚
1452 1945 1687 1990 referentes
1713 1946 1828 2005 Deo,
1864 1947 1938 2009 qui

548 2021 672 2068 nobis
693 2022 816 2068 omni
835 2022 1025 2066 humane
1046 2019 1258 2065 societatis
1279 2017 1431 2063 solatio
1453 2017 1660 2064 destitutis
1672 2034 1796 2064 tanto
1815 2016 1939 2063 affuit
1956 2042 1983 2071 p.
1999 2032 2070 2069 483·

547 2095 616 2139 sue
641 2094 810 2156 pietatis
838 2091 1039 2156 presidio,
1076 2107 1122 2136 ut
1148 2090 1245 2154 post
1279 2089 1440 2135 multos
1465 2088 1635 2136 labores
1663 2092 1810 2152 requie
1836 2106 1933 2135 cor-

545 2166 664 2229 poris
683 2164 865 2223 indulta,
893 2165 1052 2211 docere
1072 2161 1288 2208 videretur
1302 2159 1508 2224 expreffe,
1533 2178 1618 2223 que
1641 2160 1687 2206 sit
1703 2159 1937 2207 beatorum

546 2238 644 2300 post
676 2236 829 2282 mundi
854 2235 1046 2300 pericula
1082 2234 1224 2280 futura
1261 2234 1429 2295 requies
1455 2234 1728 2293 animarum3
1764 2235 1810 2279 ὅ(
1835 2251 1939 2280 tunc

546 2309 728 2355 demum
756 2327 839 2372 que
865 2307 967 2371 paffi
987 2307 1144 2353 fuimus
1164 2304 1457 2368 periculorum
1477 2305 1721 2352 meminisse
1747 2305 1934 2363 juvabat.

548 2383 709 2427 Amen.

599 2502 610 2521 ι
632 2488 675 2532 iiij
690 2488 799 2532 prius,
816 2488 889 2520 eud.
909 2499 1006 2520 manu
1020 2499 1103 2520 corr.
1124 2487 1156 2519 in
1176 2488 1206 2530 vj
1222 2487 1256 2519 in
1278 2489 1312 2519 A.
