2216 3435
602 276 651 309 IN
681 273 945 308 oBsmIoNE
970 271 1232 305 DAMIATE.
1511 275 1526 303 1
1537 253 1596 304 65

229 438 392 478 ventaS,
417 420 707 465 communiter
731 418 786 464 ad
804 417 1036 464 exercitum
1057 414 1337 461 decreverunt
1356 415 1450 462 fore
1471 415 1600 461 distri·
1620 439 1697 469 1219

229 491 437 549 buendas‚
461 489 532 535 sed
557 490 642 535 hoc
667 507 758 535 non
787 490 844 535 est
867 487 1153 550 completum,
1180 485 1282 531 ficut
1300 487 1595 548 promiserant.

230 563 351 608 Multi
369 578 513 607 autem
533 562 691 605 mortui
710 562 754 605 in
773 561 943 605 civitate
965 573 1098 613 erant,
1122 558 1167 601 ὃ(
1192 556 1313 601 multi
1339 573 1414 618 per
1439 555 1598 602 domos

230 635 275 678 &
302 651 378 696 per
414 632 532 677 vicos
569 633 613 676 δε
642 648 718 693 per
743 631 904 692 plateas
928 628 1127 690 insepulti
1161 625 1372 683 iacebant,
1410 627 1599 690 ideoque

229 701 521 748 intollerabilis
556 703 599 746 in
635 703 805 747 civitate
839 701 949 746 fetor
977 717 1075 745 erat.
1112 700 1179 744 De
1204 698 1431 761 oc‘toginta
1455 713 1601 742 autem

231 789 435 835 quattuor
478 771 677 830 millibus,
719 789 829 833 quos
870 770 928 816 ibi
969 771 1196 832 reliquerat
1236 768 1456 825 soldanus,
1510 785 1600 813 non

231 860 350 890 erant
374 844 459 890 vivi
479 842 553 889 nis1
578 844 770 904 quinque
795 843 913 887 milia
937 841 1170 898 Sarraceni,
1199 841 1286 886 fere
1311 856 1455 884 autem
1486 840 1601 885 mille

230 915 520 961 remanserant
562 913 776 975 insepulti,
813 911 966 974 quibus
1006 911 1126 956 locus
1166 910 1312 956 deerat
1350 909 1599 972 sepeliendi.

231 988 413 1049 Signum
439 1002 540 1030 vero
572 985 714 1029 sancffe
743 985 909 1040 Crucis,
945 1000 1079 1044 quam
1105 982 1362 1027 multociens
1399 981 1601 1040 fecerant,

233 1074 382 1103 coram
407 1056 541 1101 oculis
567 1055 716 1100 nostris
752 1056 796 1100 ὅς
827 1053 1150 1117 flagellaverant
1179 1055 1223 1098 ὃς
1259 1051 1603 1111 combufferant3

233 1128 423 1174 Christus
461 1127 590 1171 talem
637 1125 691 1172 ab
727 1127 785 1171 eis
822 1126 992 1187 accepit
1024 1123 1276 1180 vindiciam,
1322 1122 1445 1184 quod
1481 1123 1604 1168 multi

233 1214 384 1242 eorum
414 1196 572 1243 morbo
598 1198 756 1242 canino
785 1197 943 1240 mortui
969 1196 1076 1254 sunt,
1113 1197 1158 1240 ὃς
1181 1194 1248 1251 alij
1275 1193 1488 1256 languore
1512 1211 1605 1238 ma-

233 1270 376 1326 cerati,
402 1269 470 1327 alij
497 1285 665 1331 guttam
691 1267 807 1329 paffi,
843 1267 911 1323 alij
937 1264 1061 1311 occili
1096 1266 1326 1327 perierunt,
1364 1266 1408 1309 ἃ
1433 1265 1492 1308 ita
1517 1265 1604 1309 Da-

233 1340 364 1384 miata
389 1339 500 1384 fae‘ta
526 1340 583 1384 est
608 1339 765 1385 Christi
791 1337 997 1399 discipula
1030 1336 1114 1382 fine
1138 1336 1357 1398 sanguinis
1382 1334 1602 1391 effusione,

42 1417 93 1446 fol·
115 1418 168 1455 183
188 1427 211 1444 ³-
233 1427 318 1471 que
343 1411 496 1455 fortior
528 1411 658 1455 totius
685 1407 837 1453 mundi
862 1408 999 1470 potest
1025 1407 1244 1470 appellari.
1282 1406 1433 1451 Nullus
1460 1422 1605 1451 autem

233 1482 445 1542 princeps,
482 1497 562 1525 nec
594 1481 740 1538 cliens,
774 1497 853 1524 nec
883 1479 1003 1524 miles
1035 1479 1173 1540 potest
1209 1478 1277 1523 vel
1303 1476 1432 1523 debet
1466 1476 1520 1522 de
1551 1494 1604 1522 eo

231 1551 421 1614 gloriari,
459 1549 533 1596 nifi
570 1568 715 1596 tamen
742 1552 874 1609 Deus,
911 1550 984 1611 qui
1018 1551 1186 1611 semper
1222 1549 1279 1593 est
1312 1546 1537 1593 laudabilis
1560 1549 1605 1592 in

232 1622 371 1667 secula
396 1621 650 1667 seculorum.
677 1624 834 1667 Amen.

299 1696 443 1753 [taque
462 1692 727 1738 Christianus
749 1692 954 1737 exercitus
980 1706 1078 1735 ante
1097 1690 1363 1747 Damiatam‚
1388 1690 1432 1734 in
1456 1687 1605 1734 medio

234 1780 340 1809 terre
366 1765 700 1809 Sarracenorum
732 1761 970 1819 conditam,
1004 1760 1111 1806 sedit
1134 1779 1299 1806 annum
1324 1762 1539 1824 integrum
1563 1762 1608 1806 ὃς

234 1835 398 1879 menses
440 1835 633 1896 quinque
674 1836 719 1879 ὃς
755 1831 1052 1878 ebdomadam
1093 1849 1227 1877 unam
1267 1834 1312 1877 ὃς
1351 1831 1441 1877 dies
1482 1831 1608 1889 duos,

237 1922 473 1966 antequam
514 1922 610 1949 eam
651 1903 869 1950 haberent.
913 1903 1141 1948 Christiani
1180 1919 1327 1948 autem
1367 1900 1608 1948 habuerunt

234 1994 330 2021 eam
357 1993 554 2038 tempore
580 1976 784 2032 Honorij‚
809 1973 1028 2037 pontificis
1054 1974 1222 2033 summi,
1248 1976 1292 2018 &
1311 1973 1506 2018 friderici
1528 1974 1608 2018 im-

234 2047 454 2110 peratoris,
481 2046 687 2109 fungente
713 2044 785 2090 sub
812 2044 971 2090 eodem
992 2061 1189 2106 tempore
1213 2047 1256 2089 in
1282 2044 1441 2090 eodem
1461 2044 1604 2090 Chris-

235 2120 453 2163 tianorum
487 2118 671 2163 exercitu
698 2117 867 2179 Pelagio
895 2115 1102 2161 cardinali
1137 2133 1242 2178 aput
1263 2116 1465 2179 Egiptum
1487 2116 1605 2179 lega-

235 2190 422 2247 cionem,
461 2205 670 2251 regnante
708 2188 896 2233 lohanne
932 2189 1099 2243 Accam,
1141 2205 1279 2233 nonas
1327 2186 1604 2244 Novembris,
1624 2200 1702 2229 Nov.
1722 2209 1749 2239 5-

235 2275 442 2323 regnante
464 2260 661 2304 Domino
686 2259 831 2303 nostro
859 2258 973 2304 lhesu
999 2258 1185 2316 Christo,
1212 2260 1285 2321 qui
1304 2276 1402 2303 cum
1427 2259 1542 2304 Patre
1561 2260 1606 2303 ὃς

234 2332 390 2394 Spiritu
416 2331 573 2376 Sancto
611 2331 715 2376 vivit
747 2332 791 2375 ὅ(
818 2346 971 2392 regnat
1009 2331 1126 2374 Deus
1166 2348 1243 2393 per
1280 2331 1430 2375 omnia
1468 2329 1606 2375 secula

235 2402 491 2447 seculorum.
525 2402 679 2446 Amen.

300 2474 367 2518 De
391 2489 534 2517 cetero
559 2472 827 2517 coherentias
850 2473 1066 2527 Damiate,
1107 2472 1219 2517 circa
1246 2489 1378 2534 quam
1405 2471 1606 2517 Christia-

237 2561 392 2589 norum
416 2560 685 2606 pugnaverat
715 2545 935 2598 exercitus,
981 2541 1104 2589 vohis
1141 2542 1324 2589 breviter
1360 2543 1605 2606 pandimus.

238 2618 280 2660 ln
306 2615 482 2659 circuitu
518 2615 697 2660 civitatis
723 2615 875 2677 viginti
903 2632 1064 2660 novem
1101 2615 1193 2659 sunt
1224 2632 1354 2660 turres
1381 2631 1540 2677 magne
1564 2616 1608 2659 ὃ(

236 2686 414 2743 munite,
456 2684 581 2731 valde
618 2687 912 2747 prominentes
955 2685 1133 2748 quidem
1167 2702 1283 2731 extra
1317 2704 1503 2745 murum,
1539 2685 1609 2731 sed

238 2772 381 2801 tamen
407 2754 550 2801 eidem
575 2756 841 2813 coherentes,
881 2758 990 2802 intra
1015 2775 1200 2819 quarum
1225 2758 1423 2802 omnium
1448 2756 1608 2802 medie-
