<?xml version="1.0" encoding="UTF-8"?>
<!DOCTYPE html PUBLIC "-//W3C//DTD XHTML 1.0 Transitional//EN"
    "http://www.w3.org/TR/xhtml1/DTD/xhtml1-transitional.dtd">
<html xmlns="http://www.w3.org/1999/xhtml" xml:lang="en" lang="en">
 <head>
  <title>
</title>
<meta http-equiv="Content-Type" content="text/html;charset=utf-8" />
  <meta name='ocr-system' content='tesseract 3.04.00' />
  <meta name='ocr-capabilities' content='ocr_page ocr_carea ocr_par ocr_line ocrx_word'/>
</head>
<body>
  <div class='ocr_page' id='page_1' title='image "./p1itinerahierosoly1tobl_0295.png"; bbox 0 0 2216 3435; ppageno 0'>
   <div class='ocr_carea' id='block_1_1' title="bbox 0 0 25 872">
    <p class='ocr_par' dir='ltr' id='par_1_1' title="bbox 0 0 25 872">
     <span class='ocr_line' id='line_1_1' title="bbox 0 0 25 872; baseline 0 0"><span class='ocrx_word' id='word_1_1' title='bbox 0 0 25 872; x_wconf 95' lang='lat' dir='ltr'> </span> 
     </span>
    </p>
   </div>
   <div class='ocr_carea' id='block_1_2' title="bbox 659 301 1591 353">
    <p class='ocr_par' dir='ltr' id='par_1_2' title="bbox 659 301 1591 353">
     <span class='ocr_line' id='line_1_2' title="bbox 659 301 1591 353; baseline 0 -19"><span class='ocrx_word' id='word_1_2' title='bbox 659 302 725 334; x_wconf 87' lang='lat' dir='ltr'>DE</span> <span class='ocrx_word' id='word_1_3' title='bbox 760 302 898 335; x_wconf 89' lang='lat' dir='ltr'>LOCIS</span> <span class='ocrx_word' id='word_1_4' title='bbox 933 301 1153 335; x_wconf 88' lang='lat' dir='ltr'>SANCTIS.</span> <span class='ocrx_word' id='word_1_5' title='bbox 1505 302 1591 353; x_wconf 72' lang='lat'>233</span> 
     </span>
    </p>
   </div>
   <div class='ocr_carea' id='block_1_3' title="bbox 225 448 1603 1574">
    <p class='ocr_par' dir='ltr' id='par_1_3' title="bbox 225 448 1603 1574">
     <span class='ocr_line' id='line_1_3' title="bbox 227 448 1602 513; baseline -0.001 -17"><span class='ocrx_word' id='word_1_6' title='bbox 227 451 394 497; x_wconf 91' lang='lat' dir='ltr'>versum</span> <span class='ocrx_word' id='word_1_7' title='bbox 417 448 606 495; x_wconf 90' lang='lat' dir='ltr'>eiusdem</span> <span class='ocrx_word' id='word_1_8' title='bbox 626 449 770 495; x_wconf 65' lang='lat' dir='ltr'>sanfie</span> <span class='ocrx_word' id='word_1_9' title='bbox 782 449 935 495; x_wconf 86' lang='lat' dir='ltr'>Crucis</span> <span class='ocrx_word' id='word_1_10' title='bbox 957 450 1140 513; x_wconf 86' lang='lat' dir='ltr'>lignum.</span> <span class='ocrx_word' id='word_1_11' title='bbox 1166 450 1261 495; x_wconf 83' lang='lat' dir='ltr'>Hec</span> <span class='ocrx_word' id='word_1_12' title='bbox 1280 448 1410 494; x_wconf 89' lang='lat' dir='ltr'>tribus</span> <span class='ocrx_word' id='word_1_13' title='bbox 1434 466 1602 495; x_wconf 87' lang='lat' dir='ltr'>tantum</span> 
     </span>
     <span class='ocr_line' id='line_1_4' title="bbox 227 518 1602 584; baseline -0.001 -18"><span class='ocrx_word' id='word_1_14' title='bbox 227 539 306 584; x_wconf 92' lang='lat' dir='ltr'>per</span> <span class='ocrx_word' id='word_1_15' title='bbox 333 537 499 566; x_wconf 87' lang='lat' dir='ltr'>annum</span> <span class='ocrx_word' id='word_1_16' title='bbox 534 518 699 579; x_wconf 86' lang='lat' dir='ltr'>diebus,</span> <span class='ocrx_word' id='word_1_17' title='bbox 729 519 816 564; x_wconf 93' lang='lat' dir='ltr'>hoc</span> <span class='ocrx_word' id='word_1_18' title='bbox 850 521 908 565; x_wconf 89' lang='lat' dir='ltr'>est</span> <span class='ocrx_word' id='word_1_19' title='bbox 938 522 982 566; x_wconf 89' lang='lat' dir='ltr'>in</span> <span class='ocrx_word' id='word_1_20' title='bbox 1013 538 1120 567; x_wconf 87' lang='lat' dir='ltr'>cena</span> <span class='ocrx_word' id='word_1_21' title='bbox 1149 521 1346 578; x_wconf 84' lang='lat' dir='ltr'>Domini,</span> <span class='ocrx_word' id='word_1_22' title='bbox 1376 521 1418 564; x_wconf 92' lang='lat' dir='ltr'>in</span> <span class='ocrx_word' id='word_1_23' title='bbox 1461 521 1602 581; x_wconf 88' lang='lat' dir='ltr'>paras-</span> 
     </span>
     <span class='ocr_line' id='line_1_5' title="bbox 229 589 1600 655; baseline -0.001 -18"><span class='ocrx_word' id='word_1_24' title='bbox 229 609 331 638; x_wconf 84' lang='lat' dir='ltr'>ceve</span> <span class='ocrx_word' id='word_1_25' title='bbox 367 593 412 637; x_wconf 77' lang='grc' dir='ltr'>ἅ</span> <span class='ocrx_word' id='word_1_26' title='bbox 450 592 494 636; x_wconf 93' lang='lat' dir='ltr'>in</span> <span class='ocrx_word' id='word_1_27' title='bbox 528 589 707 637; x_wconf 81' lang='lat' dir='ltr'>sabbato</span> <span class='ocrx_word' id='word_1_28' title='bbox 741 591 888 637; x_wconf 56' lang='lat' dir='ltr'>saneto</span> <span class='ocrx_word' id='word_1_29' title='bbox 924 592 1092 655; x_wconf 91' lang='lat' dir='ltr'>populo</span> <span class='ocrx_word' id='word_1_30' title='bbox 1121 591 1345 637; x_wconf 88' lang='lat' dir='ltr'>adoranda</span> <span class='ocrx_word' id='word_1_31' title='bbox 1369 591 1600 653; x_wconf 90' lang='lat' dir='ltr'>profertur:</span> 
     </span>
     <span class='ocr_line' id='line_1_6' title="bbox 229 659 1601 725; baseline -0.001 -18"><span class='ocrx_word' id='word_1_32' title='bbox 229 679 413 723; x_wconf 90' lang='lat' dir='ltr'>quarum</span> <span class='ocrx_word' id='word_1_33' title='bbox 439 662 579 724; x_wconf 90' lang='lat' dir='ltr'>prima</span> <span class='ocrx_word' id='word_1_34' title='bbox 603 662 729 724; x_wconf 88' lang='lat' dir='ltr'>capsa</span> <span class='ocrx_word' id='word_1_35' title='bbox 750 663 873 725; x_wconf 91' lang='lat' dir='ltr'>super</span> <span class='ocrx_word' id='word_1_36' title='bbox 895 663 1026 709; x_wconf 89' lang='lat' dir='ltr'>altare</span> <span class='ocrx_word' id='word_1_37' title='bbox 1050 674 1269 720; x_wconf 75' lang='lat' dir='ltr'>aureum,‘¹</span> <span class='ocrx_word' id='word_1_38' title='bbox 1292 661 1402 707; x_wconf 90' lang='lat' dir='ltr'>duos</span> <span class='ocrx_word' id='word_1_39' title='bbox 1432 659 1601 706; x_wconf 90' lang='lat' dir='ltr'>cubitos</span> 
     </span>
     <span class='ocr_line' id='line_1_7' title="bbox 226 732 1600 789; baseline -0.001 -11"><span class='ocrx_word' id='word_1_40' title='bbox 226 733 460 778; x_wconf 82' lang='lat' dir='ltr'>altitudinis</span> <span class='ocrx_word' id='word_1_41' title='bbox 484 735 529 778; x_wconf 76' lang='grc' dir='ltr'>ὅ(</span> <span class='ocrx_word' id='word_1_42' title='bbox 555 750 691 777; x_wconf 90' lang='lat' dir='ltr'>unum</span> <span class='ocrx_word' id='word_1_43' title='bbox 714 732 947 778; x_wconf 84' lang='lat' dir='ltr'>latitudinis</span> <span class='ocrx_word' id='word_1_44' title='bbox 971 732 1147 789; x_wconf 82' lang='lat' dir='ltr'>habens,</span> <span class='ocrx_word' id='word_1_45' title='bbox 1172 750 1272 778; x_wconf 90' lang='lat' dir='ltr'>cum</span> <span class='ocrx_word' id='word_1_46' title='bbox 1290 733 1433 778; x_wconf 91' lang='lat' dir='ltr'>Cruce</span> <span class='ocrx_word' id='word_1_47' title='bbox 1457 732 1600 777; x_wconf 63' lang='lat' dir='ltr'>sancia</span> 
     </span>
     <span class='ocr_line' id='line_1_8' title="bbox 226 802 1600 867; baseline -0.002 -18"><span class='ocrx_word' id='word_1_48' title='bbox 226 805 442 867; x_wconf 67' lang='lat' dir='ltr'>patefacs‘ta</span> <span class='ocrx_word' id='word_1_49' title='bbox 481 804 777 866; x_wconf 81' lang='lat' dir='ltr'>componitur,</span> <span class='ocrx_word' id='word_1_50' title='bbox 797 803 814 832; x_wconf 77' lang='lat'>‘⁷</span> <span class='ocrx_word' id='word_1_51' title='bbox 837 802 1134 866; x_wconf 83' lang='lat' dir='ltr'>accedensque</span> <span class='ocrx_word' id='word_1_52' title='bbox 1157 805 1318 866; x_wconf 89' lang='lat' dir='ltr'>primus</span> <span class='ocrx_word' id='word_1_53' title='bbox 1348 804 1600 864; x_wconf 83' lang='lat' dir='ltr'>imperator,</span> 
     </span>
     <span class='ocr_line' id='line_1_9' title="bbox 228 872 1600 936; baseline -0.002 -16"><span class='ocrx_word' id='word_1_54' title='bbox 228 873 387 920; x_wconf 90' lang='lat' dir='ltr'>deinde</span> <span class='ocrx_word' id='word_1_55' title='bbox 422 878 601 920; x_wconf 73' lang='lat' dir='ltr'>cun6&#39;tus</span> <span class='ocrx_word' id='word_1_56' title='bbox 637 891 713 936; x_wconf 94' lang='lat' dir='ltr'>per</span> <span class='ocrx_word' id='word_1_57' title='bbox 749 873 949 920; x_wconf 85' lang='lat' dir='ltr'>ordinem</span> <span class='ocrx_word' id='word_1_58' title='bbox 986 874 1196 919; x_wconf 91' lang='lat' dir='ltr'>laicorum</span> <span class='ocrx_word' id='word_1_59' title='bbox 1222 872 1381 936; x_wconf 84' lang='lat' dir='ltr'>gradus</span> <span class='ocrx_word' id='word_1_60' title='bbox 1410 874 1600 918; x_wconf 61' lang='lat' dir='ltr'>lanelam</span> 
     </span>
     <span class='ocr_line' id='line_1_10' title="bbox 227 943 1602 1007; baseline -0.002 -16"><span class='ocrx_word' id='word_1_61' title='bbox 227 945 417 991; x_wconf 87' lang='lat' dir='ltr'>Crucem</span> <span class='ocrx_word' id='word_1_62' title='bbox 450 944 606 991; x_wconf 87' lang='lat' dir='ltr'>adorat</span> <span class='ocrx_word' id='word_1_63' title='bbox 634 947 679 991; x_wconf 69' lang='grc' dir='ltr'>ὃς</span> <span class='ocrx_word' id='word_1_64' title='bbox 708 945 934 1003; x_wconf 82' lang='lat' dir='ltr'>osculatur,</span> <span class='ocrx_word' id='word_1_65' title='bbox 962 945 1155 1006; x_wconf 84' lang='lat' dir='ltr'>sequenti</span> <span class='ocrx_word' id='word_1_66' title='bbox 1189 943 1258 990; x_wconf 88' lang='lat' dir='ltr'>die</span> <span class='ocrx_word' id='word_1_67' title='bbox 1281 944 1527 1007; x_wconf 87' lang='lat' dir='ltr'>imperatrix</span> <span class='ocrx_word' id='word_1_68' title='bbox 1557 944 1602 988; x_wconf 69' lang='grc' dir='ltr'>δε</span> 
     </span>
     <span class='ocr_line' id='line_1_11' title="bbox 227 1014 1602 1078; baseline -0.001 -18"><span class='ocrx_word' id='word_1_69' title='bbox 227 1032 380 1061; x_wconf 90' lang='lat' dir='ltr'>omnes</span> <span class='ocrx_word' id='word_1_70' title='bbox 409 1032 610 1062; x_wconf 89' lang='lat' dir='ltr'>matrone</span> <span class='ocrx_word' id='word_1_71' title='bbox 639 1015 707 1062; x_wconf 91' lang='lat' dir='ltr'>vel</span> <span class='ocrx_word' id='word_1_72' title='bbox 736 1017 923 1078; x_wconf 86' lang='lat' dir='ltr'>virgines</span> <span class='ocrx_word' id='word_1_73' title='bbox 958 1014 1075 1060; x_wconf 88' lang='lat' dir='ltr'>idem</span> <span class='ocrx_word' id='word_1_74' title='bbox 1096 1015 1272 1074; x_wconf 82' lang='lat' dir='ltr'>faciunt,</span> <span class='ocrx_word' id='word_1_75' title='bbox 1297 1015 1420 1060; x_wconf 88' lang='lat' dir='ltr'>tertio</span> <span class='ocrx_word' id='word_1_76' title='bbox 1446 1014 1602 1060; x_wconf 87' lang='lat' dir='ltr'>nihilo-</span> 
     </span>
     <span class='ocr_line' id='line_1_12' title="bbox 227 1083 1602 1150; baseline -0.003 -17"><span class='ocrx_word' id='word_1_77' title='bbox 227 1088 368 1133; x_wconf 86' lang='lat' dir='ltr'>minus</span> <span class='ocrx_word' id='word_1_78' title='bbox 407 1086 476 1133; x_wconf 90' lang='lat' dir='ltr'>die</span> <span class='ocrx_word' id='word_1_79' title='bbox 512 1087 703 1150; x_wconf 88' lang='lat' dir='ltr'>episcopi</span> <span class='ocrx_word' id='word_1_80' title='bbox 738 1089 783 1132; x_wconf 92' lang='lat'>&amp;</span> <span class='ocrx_word' id='word_1_81' title='bbox 818 1087 961 1131; x_wconf 61' lang='lat' dir='ltr'>cuneli</span> <span class='ocrx_word' id='word_1_82' title='bbox 998 1086 1254 1131; x_wconf 89' lang='lat' dir='ltr'>clericorum</span> <span class='ocrx_word' id='word_1_83' title='bbox 1291 1084 1449 1148; x_wconf 83' lang='lat' dir='ltr'>gradus</span> <span class='ocrx_word' id='word_1_84' title='bbox 1484 1083 1602 1130; x_wconf 91' lang='lat' dir='ltr'>idem</span> 
     </span>
     <span class='ocr_line' id='line_1_13' title="bbox 228 1155 1602 1220; baseline -0.003 -16"><span class='ocrx_word' id='word_1_85' title='bbox 228 1159 404 1218; x_wconf 85' lang='lat' dir='ltr'>faciunt,</span> <span class='ocrx_word' id='word_1_86' title='bbox 434 1160 480 1204; x_wconf 73' lang='grc' dir='ltr'>ὃ(</span> <span class='ocrx_word' id='word_1_87' title='bbox 513 1156 568 1203; x_wconf 87' lang='lat' dir='ltr'>sic</span> <span class='ocrx_word' id='word_1_88' title='bbox 595 1158 722 1220; x_wconf 87' lang='lat' dir='ltr'>capsa</span> <span class='ocrx_word' id='word_1_89' title='bbox 754 1157 913 1203; x_wconf 90' lang='lat' dir='ltr'>reclusa</span> <span class='ocrx_word' id='word_1_90' title='bbox 943 1155 999 1202; x_wconf 90' lang='lat' dir='ltr'>ad</span> <span class='ocrx_word' id='word_1_91' title='bbox 1027 1156 1153 1219; x_wconf 87' lang='lat' dir='ltr'>supra</span> <span class='ocrx_word' id='word_1_92' title='bbox 1176 1155 1342 1202; x_wconf 57' lang='lat' dir='ltr'>elifium</span> <span class='ocrx_word' id='word_1_93' title='bbox 1370 1157 1602 1201; x_wconf 90' lang='lat' dir='ltr'>armarium</span> 
     </span>
     <span class='ocr_line' id='line_1_14' title="bbox 227 1227 1603 1293; baseline -0.003 -18"><span class='ocrx_word' id='word_1_94' title='bbox 227 1246 481 1293; x_wconf 87' lang='lat' dir='ltr'>reportatur.</span> <span class='ocrx_word' id='word_1_95' title='bbox 518 1227 745 1290; x_wconf 79' lang='lat' dir='ltr'>Quamdiu</span> <span class='ocrx_word' id='word_1_96' title='bbox 774 1244 920 1273; x_wconf 88' lang='lat' dir='ltr'>autem</span> <span class='ocrx_word' id='word_1_97' title='bbox 950 1227 1074 1290; x_wconf 89' lang='lat' dir='ltr'>super</span> <span class='ocrx_word' id='word_1_98' title='bbox 1103 1227 1234 1272; x_wconf 84' lang='lat' dir='ltr'>altare</span> <span class='ocrx_word' id='word_1_99' title='bbox 1269 1243 1417 1272; x_wconf 88' lang='lat' dir='ltr'>manet</span> <span class='ocrx_word' id='word_1_100' title='bbox 1440 1242 1603 1288; x_wconf 81' lang='lat' dir='ltr'>aperta,</span> 
     </span>
     <span class='ocr_line' id='line_1_15' title="bbox 227 1297 1603 1360; baseline -0.003 -14"><span class='ocrx_word' id='word_1_101' title='bbox 227 1316 367 1345; x_wconf 86' lang='lat' dir='ltr'>totam</span> <span class='ocrx_word' id='word_1_102' title='bbox 390 1298 610 1346; x_wconf 83' lang='lat' dir='ltr'>ecclefiam</span> <span class='ocrx_word' id='word_1_103' title='bbox 642 1300 773 1345; x_wconf 90' lang='lat' dir='ltr'>mirus</span> <span class='ocrx_word' id='word_1_104' title='bbox 806 1298 919 1344; x_wconf 91' lang='lat' dir='ltr'>odor</span> <span class='ocrx_word' id='word_1_105' title='bbox 952 1297 1184 1360; x_wconf 88' lang='lat' dir='ltr'>perfundit.</span> <span class='ocrx_word' id='word_1_106' title='bbox 1217 1299 1285 1343; x_wconf 90' lang='lat' dir='ltr'>De</span> <span class='ocrx_word' id='word_1_107' title='bbox 1309 1297 1462 1343; x_wconf 64' lang='lat' dir='ltr'>nodisc</span> <span class='ocrx_word' id='word_1_108' title='bbox 1486 1298 1603 1342; x_wconf 86' lang='lat' dir='ltr'>enim</span> 
     </span>
     <span class='ocr_line' id='line_1_16' title="bbox 226 1366 1602 1435; baseline -0.004 -18"><span class='ocrx_word' id='word_1_109' title='bbox 226 1371 334 1435; x_wconf 86' lang='lat' dir='ltr'>ligni</span> <span class='ocrx_word' id='word_1_110' title='bbox 357 1371 488 1417; x_wconf 58' lang='lat' dir='ltr'>sancii</span> <span class='ocrx_word' id='word_1_111' title='bbox 523 1371 668 1432; x_wconf 90' lang='lat' dir='ltr'>liquor</span> <span class='ocrx_word' id='word_1_112' title='bbox 692 1369 885 1415; x_wconf 89' lang='lat' dir='ltr'>odorifer</span> <span class='ocrx_word' id='word_1_113' title='bbox 920 1369 1021 1415; x_wconf 94' lang='lat' dir='ltr'>oleo</span> <span class='ocrx_word' id='word_1_114' title='bbox 1046 1368 1187 1414; x_wconf 75' lang='lat' dir='ltr'>similis</span> <span class='ocrx_word' id='word_1_115' title='bbox 1211 1367 1401 1431; x_wconf 88' lang='lat' dir='ltr'>profluit,</span> <span class='ocrx_word' id='word_1_116' title='bbox 1434 1369 1552 1413; x_wconf 88' lang='lat' dir='ltr'>cuius</span> <span class='ocrx_word' id='word_1_117' title='bbox 1575 1366 1602 1412; x_wconf 84' lang='lat' dir='ltr'>fi</span> 
     </span>
     <span class='ocr_line' id='line_1_17' title="bbox 226 1439 1603 1503; baseline -0.001 -17"><span class='ocrx_word' id='word_1_118' title='bbox 226 1442 355 1486; x_wconf 89' lang='lat' dir='ltr'>etiam</span> <span class='ocrx_word' id='word_1_119' title='bbox 400 1441 551 1502; x_wconf 89' lang='lat' dir='ltr'>aliquis</span> <span class='ocrx_word' id='word_1_120' title='bbox 590 1439 812 1487; x_wconf 73' lang='lat' dir='ltr'>invalensd</span> <span class='ocrx_word' id='word_1_121' title='bbox 842 1439 1097 1503; x_wconf 85' lang='lat' dir='ltr'>particulam</span> <span class='ocrx_word' id='word_1_122' title='bbox 1139 1440 1382 1503; x_wconf 83' lang='lat' dir='ltr'>contingat,</span> <span class='ocrx_word' id='word_1_123' title='bbox 1423 1456 1603 1485; x_wconf 89' lang='lat' dir='ltr'>omnem</span> 
     </span>
     <span class='ocr_line' id='line_1_18' title="bbox 225 1510 670 1574; baseline 0 -17"><span class='ocrx_word' id='word_1_124' title='bbox 225 1510 514 1574; x_wconf 85' lang='lat' dir='ltr'>egritudinem</span> <span class='ocrx_word' id='word_1_125' title='bbox 538 1512 670 1557; x_wconf 90' lang='lat' dir='ltr'>sanat.</span> 
     </span>
    </p>
   </div>
   <div class='ocr_carea' id='block_1_4' title="bbox 729 1670 1091 1732">
    <p class='ocr_par' dir='ltr' id='par_1_4' title="bbox 729 1670 1091 1732">
     <span class='ocr_line' id='line_1_19' title="bbox 729 1670 1091 1732; baseline 0 -17"><span class='ocrx_word' id='word_1_126' title='bbox 729 1670 839 1715; x_wconf 82' lang='lat' dir='ltr'>XXl.</span> <span class='ocrx_word' id='word_1_127' title='bbox 875 1672 1091 1732; x_wconf 80' lang='lat' dir='ltr'>Epilogus.</span> 
     </span>
    </p>
   </div>
   <div class='ocr_carea' id='block_1_5' title="bbox 226 1763 1607 2740">
    <p class='ocr_par' dir='ltr' id='par_1_5' title="bbox 226 1763 1607 2606">
     <span class='ocr_line' id='line_1_20' title="bbox 290 1763 1602 1828; baseline 0.002 -19"><span class='ocrx_word' id='word_1_128' title='bbox 290 1765 386 1809; x_wconf 88' lang='lat' dir='ltr'>Hec</span> <span class='ocrx_word' id='word_1_129' title='bbox 417 1763 472 1810; x_wconf 90' lang='lat' dir='ltr'>de</span> <span class='ocrx_word' id='word_1_130' title='bbox 503 1764 610 1810; x_wconf 89' lang='lat' dir='ltr'>locis</span> <span class='ocrx_word' id='word_1_131' title='bbox 642 1766 810 1822; x_wconf 64' lang='lat' dir='ltr'>stmstis,</span> <span class='ocrx_word' id='word_1_132' title='bbox 841 1781 973 1828; x_wconf 93' lang='lat' dir='ltr'>prout</span> <span class='ocrx_word' id='word_1_133' title='bbox 1002 1766 1141 1827; x_wconf 84' lang='lat' dir='ltr'>potui,</span> <span class='ocrx_word' id='word_1_134' title='bbox 1175 1764 1308 1811; x_wconf 88' lang='lat' dir='ltr'>fidem</span> <span class='ocrx_word' id='word_1_135' title='bbox 1332 1766 1602 1813; x_wconf 86' lang='lat' dir='ltr'>historiarum</span> 
     </span>
     <span class='ocr_line' id='line_1_21' title="bbox 228 1834 1602 1898; baseline 0.002 -19"><span class='ocrx_word' id='word_1_136' title='bbox 228 1834 392 1880; x_wconf 88' lang='lat' dir='ltr'>secutus</span> <span class='ocrx_word' id='word_1_137' title='bbox 426 1836 618 1898; x_wconf 80' lang='lat' dir='ltr'>exposui,</span> <span class='ocrx_word' id='word_1_138' title='bbox 647 1838 692 1882; x_wconf 68' lang='grc' dir='ltr'>ὅς</span> <span class='ocrx_word' id='word_1_139' title='bbox 724 1837 913 1882; x_wconf 87' lang='lat' dir='ltr'>maxime</span> <span class='ocrx_word' id='word_1_140' title='bbox 945 1836 1127 1883; x_wconf 65' lang='lat' dir='ltr'>die&#39;tatus</span> <span class='ocrx_word' id='word_1_141' title='bbox 1159 1837 1336 1896; x_wconf 84' lang='lat' dir='ltr'>Arculfi,</span> <span class='ocrx_word' id='word_1_142' title='bbox 1361 1837 1602 1883; x_wconf 87' lang='lat' dir='ltr'>Galliarum</span> 
     </span>
     <span class='ocr_line' id='line_1_22' title="bbox 226 1905 1602 1970; baseline 0.003 -21"><span class='ocrx_word' id='word_1_143' title='bbox 226 1905 433 1967; x_wconf 80' lang='lat' dir='ltr'>episcopi,</span> <span class='ocrx_word' id='word_1_144' title='bbox 459 1922 543 1967; x_wconf 92' lang='lat' dir='ltr'>que</span> <span class='ocrx_word' id='word_1_145' title='bbox 568 1905 865 1952; x_wconf 86' lang='lat' dir='ltr'>eruditiffimus</span> <span class='ocrx_word' id='word_1_146' title='bbox 892 1908 936 1952; x_wconf 92' lang='lat' dir='ltr'>in</span> <span class='ocrx_word' id='word_1_147' title='bbox 962 1907 1175 1969; x_wconf 90' lang='lat' dir='ltr'>scripturis</span> <span class='ocrx_word' id='word_1_148' title='bbox 1199 1906 1420 1970; x_wconf 88' lang='lat' dir='ltr'>presbyter</span> <span class='ocrx_word' id='word_1_149' title='bbox 1439 1907 1602 1953; x_wconf 85' lang='lat' dir='ltr'>Adam-</span> 
     </span>
     <span class='ocr_line' id='line_1_23' title="bbox 227 1975 1604 2036; baseline 0.003 -16"><span class='ocrx_word' id='word_1_150' title='bbox 227 1992 378 2034; x_wconf 82' lang='lat' dir='ltr'>nanus,</span> <span class='ocrx_word' id='word_1_151' title='bbox 409 1975 572 2022; x_wconf 70' lang='lat' dir='ltr'>latin0⁸</span> <span class='ocrx_word' id='word_1_152' title='bbox 604 1977 802 2022; x_wconf 88' lang='lat' dir='ltr'>sermone</span> <span class='ocrx_word' id='word_1_153' title='bbox 843 1976 1101 2036; x_wconf 90' lang='lat' dir='ltr'>describens,</span> <span class='ocrx_word' id='word_1_154' title='bbox 1140 1976 1270 2023; x_wconf 91' lang='lat' dir='ltr'>tribus</span> <span class='ocrx_word' id='word_1_155' title='bbox 1302 1977 1452 2024; x_wconf 90' lang='lat' dir='ltr'>libellis</span> <span class='ocrx_word' id='word_1_156' title='bbox 1485 1996 1604 2024; x_wconf 90' lang='lat' dir='ltr'>com-</span> 
     </span>
     <span class='ocr_line' id='line_1_24' title="bbox 227 2045 1606 2109; baseline 0.002 -18"><span class='ocrx_word' id='word_1_157' title='bbox 227 2045 468 2108; x_wconf 89' lang='lat' dir='ltr'>prehendit.</span> <span class='ocrx_word' id='word_1_158' title='bbox 505 2046 728 2109; x_wconf 90' lang='lat' dir='ltr'>Siquidem</span> <span class='ocrx_word' id='word_1_159' title='bbox 754 2064 1019 2093; x_wconf 86' lang='lat' dir='ltr'>memoratus</span> <span class='ocrx_word' id='word_1_160' title='bbox 1044 2049 1227 2107; x_wconf 88' lang='lat' dir='ltr'>antistes,</span> <span class='ocrx_word' id='word_1_161' title='bbox 1253 2047 1460 2094; x_wconf 77' lang='lat' dir='ltr'>defiderio</span> <span class='ocrx_word' id='word_1_162' title='bbox 1484 2049 1606 2095; x_wconf 88' lang='lat' dir='ltr'>loco-</span> 
     </span>
     <span class='ocr_line' id='line_1_25' title="bbox 227 2117 1606 2181; baseline 0.002 -19"><span class='ocrx_word' id='word_1_163' title='bbox 227 2135 322 2162; x_wconf 87' lang='lat' dir='ltr'>rum</span> <span class='ocrx_word' id='word_1_164' title='bbox 346 2117 594 2163; x_wconf 58' lang='lat' dir='ltr'>sanfiorum</span> <span class='ocrx_word' id='word_1_165' title='bbox 619 2120 802 2180; x_wconf 84' lang='lat' dir='ltr'>patriam</span> <span class='ocrx_word' id='word_1_166' title='bbox 830 2118 1067 2177; x_wconf 78' lang='lat' dir='ltr'>deserens,f</span> <span class='ocrx_word' id='word_1_167' title='bbox 1096 2135 1253 2164; x_wconf 89' lang='lat' dir='ltr'>terram</span> <span class='ocrx_word' id='word_1_168' title='bbox 1272 2119 1606 2181; x_wconf 75' lang='lat' dir='ltr'>repromissionis</span> 
     </span>
     <span class='ocr_line' id='line_1_26' title="bbox 226 2186 1607 2251; baseline 0.002 -19"><span class='ocrx_word' id='word_1_169' title='bbox 226 2186 381 2247; x_wconf 71' lang='lat' dir='ltr'>adiit‚g</span> <span class='ocrx_word' id='word_1_170' title='bbox 420 2189 588 2250; x_wconf 89' lang='lat' dir='ltr'>aliquot</span> <span class='ocrx_word' id='word_1_171' title='bbox 634 2187 847 2234; x_wconf 80' lang='lat' dir='ltr'>menfibus</span> <span class='ocrx_word' id='word_1_172' title='bbox 890 2189 1203 2248; x_wconf 85' lang='lat' dir='ltr'>Hierosolymis</span> <span class='ocrx_word' id='word_1_173' title='bbox 1249 2188 1497 2235; x_wconf 87' lang='lat' dir='ltr'>demoratus</span> <span class='ocrx_word' id='word_1_174' title='bbox 1537 2192 1607 2251; x_wconf 75' lang='lat' dir='ltr'>est,</span> 
     </span>
     <span class='ocr_line' id='line_1_27' title="bbox 228 2258 1606 2323; baseline 0.004 -20"><span class='ocrx_word' id='word_1_175' title='bbox 228 2273 523 2321; x_wconf 89' lang='lat' dir='ltr'>veteranoque</span> <span class='ocrx_word' id='word_1_176' title='bbox 541 2259 779 2317; x_wconf 79' lang='lat' dir='ltr'>monacho,</span> <span class='ocrx_word' id='word_1_177' title='bbox 806 2260 986 2305; x_wconf 89' lang='lat' dir='ltr'>nomine</span> <span class='ocrx_word' id='word_1_178' title='bbox 1006 2261 1141 2317; x_wconf 78' lang='lat' dir='ltr'>Petro,</span> <span class='ocrx_word' id='word_1_179' title='bbox 1162 2258 1272 2306; x_wconf 92' lang='lat' dir='ltr'>duce</span> <span class='ocrx_word' id='word_1_180' title='bbox 1296 2262 1454 2323; x_wconf 88' lang='lat' dir='ltr'>pariter</span> <span class='ocrx_word' id='word_1_181' title='bbox 1476 2278 1606 2323; x_wconf 86' lang='lat' dir='ltr'>atque</span> 
     </span>
     <span class='ocr_line' id='line_1_28' title="bbox 228 2329 1607 2395; baseline 0.004 -22"><span class='ocrx_word' id='word_1_182' title='bbox 228 2329 461 2392; x_wconf 87' lang='lat' dir='ltr'>interprete</span> <span class='ocrx_word' id='word_1_183' title='bbox 502 2331 624 2389; x_wconf 89' lang='lat' dir='ltr'>usus,</span> <span class='ocrx_word' id='word_1_184' title='bbox 663 2334 818 2395; x_wconf 68' lang='lat' dir='ltr'>cupela</span> <span class='ocrx_word' id='word_1_185' title='bbox 859 2332 900 2377; x_wconf 93' lang='lat' dir='ltr'>in</span> <span class='ocrx_word' id='word_1_186' title='bbox 941 2332 1118 2376; x_wconf 90' lang='lat' dir='ltr'>circuitu</span> <span class='ocrx_word' id='word_1_187' title='bbox 1167 2348 1252 2392; x_wconf 91' lang='lat' dir='ltr'>que</span> <span class='ocrx_word' id='word_1_188' title='bbox 1299 2330 1607 2379; x_wconf 77' lang='lat' dir='ltr'>desideraverat</span> 
     </span>
     <span class='ocr_line' id='line_1_29' title="bbox 226 2398 1605 2460; baseline 0.004 -16"><span class='ocrx_word' id='word_1_189' title='bbox 226 2398 370 2445; x_wconf 88' lang='lat' dir='ltr'>vivida</span> <span class='ocrx_word' id='word_1_190' title='bbox 386 2400 402 2428; x_wconf 70' lang='lat'>&#39;¹</span> <span class='ocrx_word' id='word_1_191' title='bbox 419 2400 660 2447; x_wconf 90' lang='lat' dir='ltr'>intentione</span> <span class='ocrx_word' id='word_1_192' title='bbox 680 2401 880 2458; x_wconf 83' lang='lat' dir='ltr'>lustravit,</span> <span class='ocrx_word' id='word_1_193' title='bbox 900 2418 1073 2447; x_wconf 90' lang='lat' dir='ltr'>necnon</span> <span class='ocrx_word' id='word_1_194' title='bbox 1090 2401 1409 2460; x_wconf 75' lang='lat' dir='ltr'>Alexandriam,</span> <span class='ocrx_word' id='word_1_195' title='bbox 1425 2402 1605 2449; x_wconf 88' lang='lat' dir='ltr'>Damas-</span> 
     </span>
     <span class='ocr_line' id='line_1_30' title="bbox 228 2470 1605 2535; baseline 0.004 -21"><span class='ocrx_word' id='word_1_196' title='bbox 228 2485 344 2526; x_wconf 90' lang='lat' dir='ltr'>cum,</span> <span class='ocrx_word' id='word_1_197' title='bbox 373 2470 810 2535; x_wconf 87' lang='lat' dir='ltr'>Constantinopolim</span> <span class='ocrx_word' id='word_1_198' title='bbox 835 2473 1110 2534; x_wconf 83' lang='lat' dir='ltr'>Siciliamque</span> <span class='ocrx_word' id='word_1_199' title='bbox 1132 2474 1352 2535; x_wconf 87' lang='lat' dir='ltr'>percurrit.</span> <span class='ocrx_word' id='word_1_200' title='bbox 1393 2474 1475 2520; x_wconf 87' lang='lat' dir='ltr'>Sed</span> <span class='ocrx_word' id='word_1_201' title='bbox 1506 2492 1605 2520; x_wconf 86' lang='lat' dir='ltr'>cum</span> 
     </span>
     <span class='ocr_line' id='line_1_31' title="bbox 228 2541 1606 2606; baseline 0.004 -21"><span class='ocrx_word' id='word_1_202' title='bbox 228 2541 413 2603; x_wconf 88' lang='lat' dir='ltr'>patriam</span> <span class='ocrx_word' id='word_1_203' title='bbox 435 2542 612 2588; x_wconf 89' lang='lat' dir='ltr'>revisere</span> <span class='ocrx_word' id='word_1_204' title='bbox 632 2542 772 2601; x_wconf 88' lang='lat' dir='ltr'>vellet,</span> <span class='ocrx_word' id='word_1_205' title='bbox 793 2543 927 2603; x_wconf 86' lang='lat' dir='ltr'>navis,</span> <span class='ocrx_word' id='word_1_206' title='bbox 952 2560 1038 2606; x_wconf 89' lang='lat' dir='ltr'>qua</span> <span class='ocrx_word' id='word_1_207' title='bbox 1055 2542 1302 2602; x_wconf 86' lang='lat' dir='ltr'>vehebatur,</span> <span class='ocrx_word' id='word_1_208' title='bbox 1329 2545 1421 2606; x_wconf 86' lang='lat' dir='ltr'>post</span> <span class='ocrx_word' id='word_1_209' title='bbox 1446 2546 1606 2591; x_wconf 88' lang='lat' dir='ltr'>multos</span> 
     </span>
    </p>

    <p class='ocr_par' dir='ltr' id='par_1_6' title="bbox 227 2642 1605 2740">
     <span class='ocr_line' id='line_1_32' title="bbox 275 2642 1605 2687; baseline 0.004 -14"><span class='ocrx_word' id='word_1_210' title='bbox 275 2652 305 2673; x_wconf 88' lang='lat' dir='ltr'>a.</span> <span class='ocrx_word' id='word_1_211' title='bbox 339 2642 392 2674; x_wconf 81' lang='lat' dir='ltr'>Pb.</span> <span class='ocrx_word' id='word_1_212' title='bbox 414 2653 550 2675; x_wconf 86' lang='lat' dir='ltr'>aureum</span> <span class='ocrx_word' id='word_1_213' title='bbox 583 2644 719 2687; x_wconf 83' lang='lat' dir='ltr'>deest.—</span> <span class='ocrx_word' id='word_1_214' title='bbox 751 2644 783 2676; x_wconf 92' lang='lat' dir='ltr'>b.</span> <span class='ocrx_word' id='word_1_215' title='bbox 816 2645 870 2677; x_wconf 81' lang='lat' dir='ltr'>Pb.</span> <span class='ocrx_word' id='word_1_216' title='bbox 956 2656 982 2677; x_wconf 89' lang='lat' dir='ltr'>e.</span> <span class='ocrx_word' id='word_1_217' title='bbox 1018 2645 1071 2677; x_wconf 77' lang='lat' dir='ltr'>Pb.</span> <span class='ocrx_word' id='word_1_218' title='bbox 1105 2643 1259 2687; x_wconf 74' lang='lat' dir='ltr'>presbiter</span> <span class='ocrx_word' id='word_1_219' title='bbox 1294 2644 1473 2678; x_wconf 83' lang='lat' dir='ltr'>adornatus</span> <span class='ocrx_word' id='word_1_220' title='bbox 1504 2646 1605 2678; x_wconf 83' lang='lat' dir='ltr'>latino</span> 
     </span>
     <span class='ocr_line' id='line_1_33' title="bbox 227 2693 1605 2740; baseline 0.004 -15"><span class='ocrx_word' id='word_1_221' title='bbox 227 2693 327 2726; x_wconf 79' lang='lat' dir='ltr'>habet</span> <span class='ocrx_word' id='word_1_222' title='bbox 343 2704 440 2727; x_wconf 91' lang='lat' dir='ltr'>cruce</span> <span class='ocrx_word' id='word_1_223' title='bbox 460 2705 536 2728; x_wconf 88' lang='lat' dir='ltr'>cum</span> <span class='ocrx_word' id='word_1_224' title='bbox 556 2696 651 2740; x_wconf 85' lang='lat' dir='ltr'>capsa</span> <span class='ocrx_word' id='word_1_225' title='bbox 668 2695 832 2740; x_wconf 64' lang='lat' dir='ltr'>patefaffla</span> <span class='ocrx_word' id='word_1_226' title='bbox 844 2707 871 2729; x_wconf 93' lang='lat' dir='ltr'>c.</span> <span class='ocrx_word' id='word_1_227' title='bbox 957 2697 989 2738; x_wconf 85' lang='lat' dir='ltr'>s.,</span> <span class='ocrx_word' id='word_1_228' title='bbox 1023 2696 1070 2729; x_wconf 84' lang='lat' dir='ltr'>al.</span> <span class='ocrx_word' id='word_1_229' title='bbox 1107 2696 1271 2729; x_wconf 85' lang='lat' dir='ltr'>lacinioso.</span> <span class='ocrx_word' id='word_1_230' title='bbox 1303 2717 1343 2721; x_wconf 94' lang='lat'>—</span> <span class='ocrx_word' id='word_1_231' title='bbox 1379 2698 1398 2730; x_wconf 83' lang='lat' dir='ltr'>f.</span> <span class='ocrx_word' id='word_1_232' title='bbox 1435 2698 1483 2730; x_wconf 90' lang='lat' dir='ltr'>Al.</span> <span class='ocrx_word' id='word_1_233' title='bbox 1516 2699 1605 2731; x_wconf 82' lang='lat' dir='ltr'>defe-</span> 
     </span>
    </p>
   </div>
   <div class='ocr_carea' id='block_1_6' title="bbox 226 2747 1603 2843">
    <p class='ocr_par' dir='ltr' id='par_1_7' title="bbox 226 2747 1603 2843">
     <span class='ocr_line' id='line_1_34' title="bbox 228 2747 1603 2795; baseline 0.004 -16"><span class='ocrx_word' id='word_1_234' title='bbox 228 2765 271 2770; x_wconf 91' lang='lat'>—</span> <span class='ocrx_word' id='word_1_235' title='bbox 295 2757 322 2779; x_wconf 95' lang='lat' dir='ltr'>c.</span> <span class='ocrx_word' id='word_1_236' title='bbox 351 2747 399 2780; x_wconf 84' lang='lat' dir='ltr'>Al.</span> <span class='ocrx_word' id='word_1_237' title='bbox 421 2747 528 2790; x_wconf 87' lang='lat' dir='ltr'>nobis,</span> <span class='ocrx_word' id='word_1_238' title='bbox 547 2748 653 2781; x_wconf 88' lang='lat' dir='ltr'>donis.</span> <span class='ocrx_word' id='word_1_239' title='bbox 668 2768 712 2772; x_wconf 90' lang='lat'>-—</span> <span class='ocrx_word' id='word_1_240' title='bbox 730 2749 761 2782; x_wconf 87' lang='lat' dir='ltr'>d.</span> <span class='ocrx_word' id='word_1_241' title='bbox 785 2749 872 2783; x_wconf 82' lang='lat' dir='ltr'><em>‘Tan-</em></span> <span class='ocrx_word' id='word_1_242' title='bbox 958 2761 1042 2782; x_wconf 77' lang='lat' dir='ltr'>renS.</span> <span class='ocrx_word' id='word_1_243' title='bbox 1062 2770 1107 2774; x_wconf 89' lang='lat'>—</span> <span class='ocrx_word' id='word_1_244' title='bbox 1121 2762 1152 2792; x_wconf 82' lang='lat' dir='ltr'>g.</span> <span class='ocrx_word' id='word_1_245' title='bbox 1171 2751 1223 2782; x_wconf 89' lang='lat' dir='ltr'>Pb.</span> <span class='ocrx_word' id='word_1_246' title='bbox 1243 2759 1361 2782; x_wconf 81' lang='lat' dir='ltr'>terram</span> <span class='ocrx_word' id='word_1_247' title='bbox 1382 2763 1404 2783; x_wconf 84' lang='lat' dir='ltr'>r.</span> <span class='ocrx_word' id='word_1_248' title='bbox 1421 2751 1499 2782; x_wconf 73' lang='lat' dir='ltr'>adiit</span> <span class='ocrx_word' id='word_1_249' title='bbox 1515 2752 1603 2795; x_wconf 55' lang='lat' dir='ltr'>dees).</span> 
     </span>
     <span class='ocr_line' id='line_1_35' title="bbox 226 2800 1394 2843; baseline 0.004 -13"><span class='ocrx_word' id='word_1_250' title='bbox 226 2804 292 2831; x_wconf 84' lang='lat' dir='ltr'>tum</span> <span class='ocrx_word' id='word_1_251' title='bbox 316 2800 368 2832; x_wconf 82' lang='lat' dir='ltr'>Pb.</span> <span class='ocrx_word' id='word_1_252' title='bbox 400 2800 514 2833; x_wconf 79' lang='lat' dir='ltr'>ultima</span> <span class='ocrx_word' id='word_1_253' title='bbox 537 2803 599 2835; x_wconf 83' lang='lat' dir='ltr'>duo</span> <span class='ocrx_word' id='word_1_254' title='bbox 623 2801 798 2835; x_wconf 77' lang='lat' dir='ltr'>vocabula.</span> <span class='ocrx_word' id='word_1_255' title='bbox 829 2822 867 2825; x_wconf 90' lang='lat'>——</span> <span class='ocrx_word' id='word_1_256' title='bbox 958 2823 1001 2826; x_wconf 33' lang='lat'>⁷—</span> <span class='ocrx_word' id='word_1_257' title='bbox 1026 2803 1055 2835; x_wconf 75' lang='lat' dir='ltr'>h.</span> <span class='ocrx_word' id='word_1_258' title='bbox 1088 2804 1137 2835; x_wconf 78' lang='lat' dir='ltr'>Al.</span> <span class='ocrx_word' id='word_1_259' title='bbox 1160 2803 1268 2843; x_wconf 73' lang='lat' dir='ltr'>avida,</span> <span class='ocrx_word' id='word_1_260' title='bbox 1288 2803 1394 2836; x_wconf 76' lang='lat' dir='ltr'>aiuda.</span> 
     </span>
    </p>
   </div>
   <div class='ocr_carea' id='block_1_7' title="bbox 1366 2903 1405 2932">
    <p class='ocr_par' dir='ltr' id='par_1_8' title="bbox 1366 2903 1405 2932">
     <span class='ocr_line' id='line_1_36' title="bbox 1366 2903 1405 2932; baseline 0 -10"><span class='ocrx_word' id='word_1_261' title='bbox 1366 2903 1405 2932; x_wconf 73' lang='lat'>30</span> 
     </span>
    </p>
   </div>
  </div>
 </body>
</html>
