2216 3435
616 201 696 250 188
1167 206 1426 241 ARCULFUS

607 358 808 420 scopulos
857 357 1053 403 incidant
1094 374 1168 402 aut
1212 374 1265 401 ne
1308 353 1504 400 vestibuli
1545 354 1730 400 limitem
1775 370 1995 415 nequeant

606 429 994 491 comprehendere.
1021 430 1126 474 Sunt
1147 429 1292 489 itaque
1317 427 1401 472 illic
1431 426 1750 483 ministratores,
1778 442 1853 487 per
1883 442 1994 487 quos

610 498 804 546 subiecslis
841 500 1022 546 fascibus
1055 499 1291 560 ceterisque
1326 498 1548 560 lignorum
1584 495 1761 541 struibus
1798 495 1998 542 adoletur

608 573 734 635 igniS,
754 571 869 634 quasi
893 589 997 617 terre
1016 571 1278 634 pronunciet
1293 568 1436 627 index,
1457 566 1784 631 portuenfiuma
1810 568 1998 614 faucium

609 643 909 690 demonstrans
931 641 1205 706 ingrediendi
1228 642 1460 705 angustias,
1484 638 1700 686 undarum
1719 637 1825 684 sinus
1844 641 1890 684 ὅ(
1908 641 1999 686 ves-

608 712 728 758 tibuli
754 715 987 772 anfraclus,
1014 732 1067 759 ne
1093 714 1231 759 tenuis
1256 713 1402 758 carina
1426 712 1684 774 perstringat
1711 728 1856 756 cautes
1884 712 1930 756 ὃς
1953 712 1998 756 in

609 784 703 847 ipso
736 785 924 848 ingreffu
963 787 1073 831 inter
1104 801 1282 848 opertos
1317 782 1516 829 fluetibus
1549 782 1751 844 scopulos
1786 781 1994 829 offendat.

612 859 757 918 ltaque
798 857 1009 902 direclum
1046 858 1217 902 cursum
1256 855 1469 918 paulisper
1518 853 1679 899 inflecli
1713 870 1912 916 oportet,
1948 872 2001 900 ne

611 929 721 973 cecis
737 927 752 955 ¹⁷
776 928 878 973 illisa
904 929 1024 983 saxis,¹
1047 927 1103 973 ibi
1133 929 1321 972 incurrat
1348 927 1467 972 navis
1488 925 1741 988 periculum.
1766 926 2002 989 Angustior

612 1000 729 1045 enim
754 1001 796 1044 in
823 1018 952 1063 portu
980 999 1119 1045 aditus
1151 1000 1222 1057 est,
1256 999 1329 1061 qui
1354 1016 1378 1043 a
1403 997 1554 1043 dextra
1579 1014 1699 1060 parte
1729 997 1893 1043 laterali
1918 999 2002 1043 ori-

613 1082 718 1130 απ,κ
742 1089 765 1116 a
799 1072 893 1118 leva
924 1090 1027 1118 vcro
1053 1073 1162 1117 latus
1187 1071 1244 1116 est
1269 1086 1434 1133 portus.
1461 1069 1593 1114 Circa
1618 1068 1800 1114 insulam
1827 1086 2003 1131 quoque

611 1144 810 1188 insti-ufic
861 1144 1048 1207 ingentis
1090 1141 1402 1206 magnitudinis
1446 1141 1583 1186 moles
1628 1140 1908 1199 deiiciuntur,
1951 1157 2004 1185 ne

613 1214 777 1260 affiduo
818 1214 1086 1278 adsurgentis
1116 1216 1282 1277 impetu
1326 1214 1452 1258 maris
1489 1213 1622 1258 insule
1662 1213 1810 1258 collisa
1847 1210 2006 1258 cedant

615 1285 916 1341 fundamenta,
941 1303 1072 1348 atque
1091 1287 1222 1332 veteri
1233 1286 1252 1313 ‘s
1273 1286 1424 1331 iniuria
1446 1284 1676 1330 solvamur.
1701 1283 1831 1331 Unde
1851 1282 2007 1346 procul

616 1356 751 1403 dubio
785 1357 844 1416 fit,
877 1375 921 1402 ut
954 1360 997 1402 in
1024 1357 1219 1413 adverso,
1253 1359 1362 1403 inter
1398 1355 1593 1401 scabras?
1623 1373 1749 1418 rupes
1781 1354 2006 1416 molesque

615 1428 826 1491 disruptas
852 1430 1012 1474 canalis
1042 1429 1109 1475 ille
1136 1428 1304 1475 medius
1326 1429 1492 1490 semper
1518 1426 1563 1472 fit
1581 1428 1799 1489 inquietus
1820 1429 1864 1472 &
1889 1427 2004 1472 exas-

618 1517 768 1563 perato
799 1500 971 1546 tranlitu
998 1501 1260 1563 periculosus
1283 1500 1356 1546 fiat
1382 1501 1500 1545 navis
1525 1497 1746 1562 ingressus

683 1572 944 1635 Amplitudo
991 1590 1135 1618 autem
1182 1590 1333 1635 portus
1380 1571 1615 1617 stadiorum
1661 1572 1836 1634 triginta
1885 1586 2004 1633 patet

622 1643 908 1700 dimensione,
930 1646 989 1699 ὃς,
1016 1646 1213 1705 quamvis
1240 1645 1428 1689 maxima
1456 1643 1722 1706 tempestate,
1747 1643 1859 1688 intus
1891 1642 2006 1687 tutis-

621 1714 747 1760 simus
782 1716 838 1760 est
868 1732 1017 1778 portus
1052 1716 1397 1773 conversatione,
1436 1716 1509 1777 qui
1541 1733 1565 1760 a
1597 1716 1721 1777 supra
1753 1714 2006 1759 memoratis

620 1787 823 1849 angustiis
855 1803 986 1847 atque
1014 1785 1187 1831 obieclu
1220 1787 1353 1831 insule
1388 1804 1411 1831 a
1439 1787 1477 1831 se
1509 1787 1636 1831 maris
1661 1785 1828 1848 repellit
1853 1784 2007 1844 undas,

621 1856 743 1920 quod
773 1875 847 1919 per
877 1857 1050 1903 easdem
1074 1857 1315 1920 portuensis
1342 1859 1426 1903 oris
1452 1858 1668 1921 angustias
1695 1859 1827 1902 totius
1856 1874 2009 1919 portus

622 1928 871 1974 defenditur
895 1928 1003 1974 linus
1029 1932 1073 1975 ὃς
1099 1928 1380 1975 submovetur
1405 1947 1428 1975 a
1454 1928 1776 1992 tempestatibus
1804 1931 1848 1974 ὃς
1872 1929 2012 1991 placi-

623 1999 748 2046 datur
774 2019 797 2045 a
825 2000 1086 2064 fragoribus,
1114 2019 1190 2064 per
1225 2018 1331 2063 quas
1362 2000 1570 2064 ingressus
1601 2001 1882 2063 exasperatur.
1915 2001 2007 2046 Nec

624 2073 842 2117 immerito
863 2074 907 2117 ὃς
932 2090 1125 2118 tutamen
1155 2074 1199 2118 ὃς
1225 2073 1487 2137 magnitudo
1514 2090 1664 2135 portus
1690 2073 1748 2118 est
1772 2071 2001 2130 eiusmodi,

623 2162 725 2189 cum
740 2145 781 2189 in
796 2162 910 2201 eum,
927 2162 1011 2206 que
1025 2144 1079 2189 ad
1095 2145 1217 2189 usum
1233 2147 1362 2190 totius
1383 2144 1496 2190 urbis
1510 2144 1529 2178 f
1548 2144 1797 2207 proficiant,
1820 2162 2008 2191 convec-

624 2217 702 2260 tari
723 2215 1005 2261 necess'arium
1028 2215 1084 2261 lit.
1110 2217 1224 2261 Nam
1243 2219 1287 2262 ὃς
1304 2217 1483 2279 populi<
1504 2215 1831 2262 innumerabilis
1858 2234 2009 2262 eorum

623 2287 824 2332 locorum
850 2286 905 2332 ad
940 2288 1062 2333 usum
1099 2288 1228 2333 totius
1261 2287 1374 2333 urbis
1406 2304 1615 2351 expetunt
1651 2289 1932 2347 commercia,
1965 2290 2010 2333 δε

626 2357 801 2422 frugum
821 2360 943 2422 regio
969 2360 1027 2405 est
1053 2360 1181 2417 ferax,
1207 2376 1540 2421 ceterorumque
1559 2376 1666 2404 terre
1689 2376 1920 2405 munerum
1940 2359 2010 2405 vel

628 2432 908 2493 negotiorum
926 2430 1169 2487 abundans,
1194 2448 1336 2476 torum
1358 2432 1577 2476 frumento
1603 2431 1676 2476 alit
1695 2448 1825 2493 atque
1849 2431 2013 2476 instruit

627 2500 868 2547 neceffariis
911 2501 1125 2548 mercibus
1173 2501 1324 2548 orbem
1359 2519 1576 2548 terrarum.
1614 2502 1701 2548 Cui
1736 2502 1895 2548 scilicet
1936 2502 2010 2548 tali

677 2637 706 2657 a.
738 2624 789 2657 Al.
819 2624 1031 2668 protensiuni,
1064 2633 1235 2669 portarum
1263 2624 1284 2657 f.
1370 2624 1414 2656 al.
1448 2633 1634 2657 ventorum.
1668 2645 1710 2648 —
1743 2637 1770 2657 e.
1794 2624 1844 2657 Sic
1869 2636 1941 2668 (ξος
1967 2623 2011 2656 al.

631 2699 666 2703 -—
685 2680 717 2710 b.
734 2679 839 2719 Bern„
859 2677 948 2710 cesis,
969 2698 1009 2702 —
1031 2690 1059 2711 e.
1081 2680 1133 2719 G.,
1151 2678 1195 2711 al.
1212 2690 1283 2711 arc·
1368 2678 1530 2722 scrupeas.
1555 2697 1597 2702 —
1628 2678 1650 2711 f.
1669 2680 1721 2711 Ita
1746 2677 1884 2722 corrigit
1907 2679 1954 2719 B.;
1975 2679 2014 2710 V.

632 2740 731 2772 tatur,
747 2739 890 2777 aptatur.
908 2751 942 2755 —
969 2731 1001 2764 d.
1022 2731 1196 2776 Codd.sec.
1214 2732 1279 2773 IX,·
1365 2731 1465 2766 orbis.
1480 2752 1521 2756 —
1536 2744 1570 2777 g.
1588 2734 1728 2767 ‘Tantum
1740 2733 1794 2775 B.;
1817 2732 1851 2764 V.
1866 2739 2013 2779 propter.
