2216 3435
623 209 689 241 DE
724 209 859 242 LOCIS
894 208 1113 241 SANCTIS.
1476 214 1557 260 170

190 356 328 401 Sicilie
362 370 513 400 monte
547 371 715 417 reperto
746 353 872 399 nobis
901 354 1068 398 sanetus
1103 353 1317 399 intimavit
1345 354 1557 413 Arculfus,

192 426 264 487 qui
302 424 421 483 illud,
456 441 531 486 per
564 424 731 486 aliquot
771 423 859 469 dies
898 425 941 469 in
978 423 1116 470 Sicilia
1151 440 1344 482 manens,
1386 425 1473 470 visu
1510 428 1555 470 δε

191 496 311 559 gustu
359 511 488 556 atque
542 498 656 540 taciu
708 494 1016 557 comprobavit
1067 493 1151 540 esse
1202 512 1351 540 verum
1400 494 1555 540 salsissi-

190 583 310 610 mum
335 566 403 611 sal.

520 684 630 729 XVI.
666 687 809 728 Iterum
835 686 883 728 de
907 687 1007 728 mari
1033 685 1229 729 emortuo.

255 793 371 840 Idem
406 794 533 841 nobis
569 798 614 841 ὃς
642 795 696 840 de
732 796 888 840 marisa
911 795 1070 840 Mortui
1104 795 1187 840 sale
1214 795 1413 852 narravit,
1440 794 1561 856 quod

189 864 374 911 similiter
396 865 546 911 iisdem
571 865 701 911 tribus
727 866 850 929 supra
877 865 998 911 dietis
1022 865 1205 912 sensibus
1231 884 1254 911 a
1286 866 1326 911 se
1356 883 1561 928 compro-

188 936 338 982 batum
363 937 602 984 nunciavit:
636 938 708 999 qui
745 938 875 982 etiam
904 936 1094 983 eiusdem
1118 937 1305 999 superius
1332 938 1563 981 memorati

188 1008 304 1053 lacus
344 1008 606 1053 maritimam
642 1009 928 1070 frequentavit
974 1025 1110 1066 oram,
1159 1008 1276 1053 cuius
1321 1006 1557 1071 longitudo

189 1080 321 1141 usque
345 1078 401 1124 ad
427 1097 579 1124 zoaros
598 1078 755 1125 Arabie
779 1079 920 1125 stadiis
944 1080 1190 1143 quingentis
1212 1079 1439 1143 oeioginta
1464 1078 1562 1123 diri-

188 1152 316 1214 gitur,
356 1150 568 1196 latitudob
592 1149 731 1196 stadiis
768 1167 943 1196 centum
986 1151 1304 1214 quinquaginta
1340 1151 1471 1212 usque
1505 1150 1562 1195 ad

195 1222 384 1268 vicinam
412 1221 591 1267 Sodom.

544 1344 670 1390 XVII.
709 1347 774 1388 ‘De
795 1345 983 1403 fontibus
1007 1345 1209 1389 Iordanis.

252 1451 452 1497 Arculfus
487 1451 628 1496 noster
662 1452 706 1496 ὃς
747 1448 804 1494 ad
834 1449 954 1495 illum
987 1450 1183 1512 pervenit
1213 1450 1359 1494 locum
1394 1451 1437 1495 in
1463 1468 1563 1513 pro-

196 1523 338 1568 vincia
361 1522 566 1581 phenicis,
595 1520 667 1567 ubi
694 1520 883 1566 Iordanis
922 1520 977 1566 ad
1002 1519 1150 1566 Libani
1182 1520 1344 1566 radices
1374 1520 1428 1566 de
1459 1520 1566 1566 duo—

192 1592 270 1639 bus
307 1594 455 1639 vicinis
492 1591 681 1638 fontibus
718 1609 938 1656 emergere
978 1591 1175 1638 videtur:
1225 1609 1413 1653 quorum
1458 1610 1566 1638 unus

190 1665 370 1710 nomine
393 1669 459 1711 Ior
483 1666 527 1709 ὃς
553 1664 657 1710 alter
681 1668 777 1709 ‘Dan
802 1664 1029 1721 vocitatur,
1056 1664 1129 1725 qui
1153 1662 1272 1708 fimul
1301 1664 1423 1709 mixti
1447 1680 1567 1708 com-

190 1735 377 1799 positum
402 1738 589 1782 Iordanis
620 1736 844 1798 accipiunt
875 1752 1051 1780 nomen.
1085 1734 1168 1780 Sed
1198 1734 1444 1780 notandum
1478 1753 1567 1779 non

191 1805 275 1852 effe
312 1808 355 1851 in
399 1808 538 1852 Paneo
576 1805 801 1852 exordium
838 1805 1044 1865 Iordanis,
1075 1804 1147 1851 sed
1180 1806 1223 1850 in
1258 1806 1567 1852 Trachonitide

191 1895 325 1937 terra,
369 1893 541 1923 centum
586 1880 631 1923 ὃς
671 1878 850 1941 viginti⁶
890 1877 1118 1922 interiectis
1156 1876 1298 1922 stadiis
1339 1878 1470 1939 usque
1511 1877 1566 1922 ad

192 1950 423 1996 Cesaream
459 1949 652 2011 Philippi,
693 1950 767 2010 qui
807 1965 923 1994 nunc
966 1952 1139 2005 Paneas,
1184 1966 1208 1993 a
1235 1949 1374 1994 Paneo
1416 1965 1568 1994 monte

191 2023 376 2066 tracium
412 2038 591 2078 nomen,
625 2021 699 2082 qui
729 2021 786 2065 est
816 2021 859 2065 in
892 2018 1213 2066 Trachonitide.
1247 2020 1403 2079 Phiala,
1438 2020 1567 2082 plena

192 2110 405 2154 aquarum
450 2093 646 2155 semper,
693 2091 807 2137 unde
857 2090 1045 2136 Iordanis
1090 2089 1371 2136 subterraneis
1420 2092 1567 2136 meati-

192 2163 270 2210 bus
291 2162 519 2223 derivatur,
545 2166 589 2209 δε
613 2163 656 2208 in
678 2164 833 2222 Paneo,
859 2160 996 2209 divifis
1021 2161 1258 2224 aquarum‘l
1279 2161 1569 2220 effusionibus,

194 2234 355 2295 ebullit,
388 2252 487 2297 que,
519 2250 566 2280 ut
595 2235 720 2297 supra
745 2233 909 2280 dicium
941 2234 1012 2293 est,
1047 2237 1113 2279 lor
1143 2236 1187 2279 ὃς
1212 2235 1311 2279 Dan
1342 2235 1570 2279 nominare

196 2306 343 2352 solent.
370 2306 498 2353 Unde
531 2323 708 2368 quoque
734 2322 1004 2369 emergentes
1029 2307 1088 2363 &,
1122 2306 1346 2350 interiec‘io
1374 2304 1569 2367 quodam

194 2377 435 2435 intervallo,
450 2379 493 2422 in
508 2395 643 2422 unum
653 2376 922 2424 confluentes
933 2375 1112 2423 fluvium
1126 2393 1301 2434 cocunt,
1318 2375 1570 2438 qui,exi1ide

196 2450 319 2494 suum
355 2447 543 2512 dirigens
568 2450 738 2494 cursum
773 2465 950 2494 centum
974 2450 1018 2494 ὃς
1041 2449 1194 2511 viginti
1220 2447 1350 2493 stadia
1377 2447 1461 2492 sine
1488 2448 1571 2493 ulla

196 2518 471 2566 interfufione
502 2521 634 2582 usque
663 2519 718 2566 ad
743 2519 908 2579 urbem,
934 2521 1001 2565 cui
1026 2536 1190 2564 nomen
1222 2520 1280 2564 est
1303 2521 1441 2576 Iulias,
1470 2536 1568 2582 pro-

244 2667 274 2687 a.
296 2657 332 2688 B.
361 2655 483 2688 mosavi
510 2655 558 2688 vel
583 2655 691 2699 ortui,-
719 2658 754 2688 R.
777 2656 846 2688 ino-
919 2655 1092 2710 ‘clxxxxix
1115 2676 1155 2679 -
1184 2656 1214 2687 d.
1236 2656 1288 2695 B.‚
1310 2658 1366 2696 V„
1389 2656 1422 2686 Ix’.
1443 2655 1572 2687 malunt

201 2708 275 2741 saul.
290 2728 330 2732 —
349 2710 379 2741 b.
402 2711 442 2742 G.
462 2721 517 2742 om.
537 2709 689 2742 latitudo.
705 2729 746 2734 -
763 2721 791 2742 c.
812 2711 847 2742 1,.
933 2709 1075 2741 (limbus.
