2216 3435
815 641 1066 701 GES‘TA

382 829 945 898 OBSIDIONIS
1003 829 1472 897 DAMIATE¹

812 1022 836 1047 >k
1025 1022 1049 1048 ἧς

515 1254 621 1347 ΕΙ)
656 1276 864 1321 noticiam
899 1292 950 1320 ac
988 1274 1250 1319 memoriam
1285 1272 1631 1318 Christianorum
1672 1283 1747 1314 1218

486 1337 561 1387 ³⁴]
580 1349 781 1392 omnium
812 1344 1053 1410 pervenisse
1089 1345 1330 1391 nullatenus
1371 1342 1631 1403 dubitamus,

358 1420 371 1427 ”’
432 1419 482 1478 ““““Ὶ
507 1433 555 1488 '‘g}
580 1419 640 1463 set
661 1417 873 1480 siquidem
892 1418 1049 1479 pariter
1066 1419 1110 1462 ὃς
1131 1417 1403 1462 manifestum
1429 1414 1633 1462 omnibus

518 1452 674 1536 &fore
711 1487 1006 1534 indubitanter
1047 1505 1265 1550 putamus,
1307 1487 1488 1549 qualiter
1527 1505 1634 1551 gens

253 1562 536 1608 transmarina
569 1578 650 1624 pro
676 1562 919 1606 animarum
944 1561 1182 1605 nostrarum
1207 1557 1526 1623 redemptione,
1552 1577 1634 1622 pro

252 1635 384 1679 Terra
422 1633 577 1679 Sancffa
606 1633 896 1688 ultramarina,
937 1650 960 1677 a
995 1630 1194 1677 manibus
1229 1631 1371 1676 santste
1399 1632 1532 1676 crucis
1557 1632 1636 1678 ini-

256 1707 473 1751 micorum
501 1703 695 1763 liberare,
733 1703 964 1749 defendere
991 1721 1042 1749 ac
1074 1719 1355 1749 manutenere
1379 1705 1423 1749 ὃς
1448 1705 1637 1750 maxime

258 1777 301 1822 in
339 1776 521 1821 civitatis
549 1776 752 1820 Damiate
780 1773 1007 1820 obsidione
1041 1774 1182 1819 multis
1208 1775 1405 1836 periculis
1430 1776 1639 1838 variisque

258 1843 478 1891 laboribus
502 1846 599 1891 sunt
623 1846 789 1890 astrucffi
813 1847 856 1889 ὃ(
881 1845 1117 1907 plurimum
1134 1845 1302 1907 fatigati
1326 1847 1371 1890 ὅ(
1394 1847 1589 1908 perpeffi.
1608 1856 1626 1876 2

16 1929 93 1958 Mur.
110 1940 136 1969 p.
156 1927 242 1966 1085.
329 1919 353 1962 1.
379 1919 512 1962 Anno
538 1915 761 1963 dominice
785 1917 1092 1962 incarnationis
1112 1916 1244 1961 MCC
1263 1919 1422 1962 offiavo
1449 1916 1639 1973 decimo,

265 1986 505 2033 indiffione
530 1992 586 2047 vj,
611 1988 756 2033 mense
774 1986 922 2046 Madij,
947 2004 1157 2050 regnante
1178 1990 1352 2045 Ioanne,
1375 1989 1641 2048 [erosolymi—

265 2075 368 2104 tano
390 2076 505 2122 rege,
527 2060 598 2121 qui
624 2077 695 2105 rex
712 2060 775 2106 vir
787 2060 1001 2122 egregius,
1022 2056 1177 2104 nobilis
1195 2061 1239 2104 ὅ(
1256 2059 1460 2122 prudens,
1482 2078 1644 2123 magne

46 2143 80 2172 Ρ.
97 2140 117 2171 f.
134 2150 189 2179 107
206 2141 245 2170 D·
270 2128 371 2176 fidei
407 2131 449 2174 ὅ(
486 2129 767 2189 discretionis,
811 2148 942 2193 atque
976 2131 1350 2190 lerosolymitanus
1386 2132 1642 2193 patriarcha,

270 2201 448 2245 scientia
461 2203 504 2246 ὅ(
522 2200 648 2247 bonis
663 2200 855 2248 moribus
870 2218 1060 2260 ornatus,
1077 2204 1121 2247 &
1137 2202 1222 2247 dux
1241 2211 1255 2240 3
1274 2201 1327 2248 de
1353 2203 1550 2249 Osterica
1566 2212 1585 2240 4
1600 2205 1645 2249 ὃς

268 2271 481 2334 templarij
506 2273 826 2336 &hospitalarij
851 2273 1004 2319 milites
1029 2290 1128 2318 cum
1156 2274 1300 2319 multis
1315 2275 1529 2338 episcopis
1554 2277 1630 2320 &5

268 2341 505 2406 prepofitis,
522 2345 685 2390 clericis
711 2344 1008 2406 potentissimis
1026 2347 1070 2390 ὅ(
1083 2345 1266 2391 honestis
1287 2362 1339 2391 ac
1358 2363 1458 2391 cum
1475 2348 1492 2376 ⁶
1510 2347 1646 2392 comi-

270 2412 379 2459 tibus
399 2416 443 2459 &
463 2424 479 2452 7
498 2414 836 2473 marchionibus,
862 2414 1097 2461 baronibus
1117 2418 1162 2461 ὃς
1177 2434 1277 2462 cum
1295 2417 1385 2462 aliis
1406 2418 1503 2463 viris
1523 2416 1647 2463 nobi-

271 2483 382 2530 libus
423 2485 672 2547 potentibus
712 2485 938 2533 confilium
962 2488 976 2515 8
1008 2488 1212 2533 fecerunt.
1256 2487 1422 2534 Habito
1470 2488 1648 2551 quidem

272 2555 511 2616 confili0,9
530 2559 789 2604 unanimiter
830 2575 983 2604 omnes
1012 2568 1048 2587 ¹0
1073 2559 1328 2619 statuerunt,
1377 2577 1477 2605 cum
1526 2561 1649 2605 omni

324 2725 335 2745 1
361 2715 411 2748 M.
432 2714 608 2748 Dauniam.
628 2735 672 2739 ——
693 2728 711 2748 2
728 2716 793 2748 Hoc
812 2716 938 2748 initium
958 2717 1040 2757 deest
1056 2719 1147 2760 apud
1163 2719 1210 2750 M.
1230 2737 1269 2741 ——
1296 2730 1310 2759 3
1332 2720 1362 2750 P.
1387 2721 1492 2753 Duce.
1513 2742 1556 2745 -—
1577 2736 1598 2764 4
1613 2724 1646 2755 P.

278 2767 461 2800 Hostarica.
484 2787 525 2791 —
550 2781 565 2810 5
587 2767 765 2812 Rsupplet.
788 2787 830 2792 ·—
859 2773 876 2801 6
894 2771 934 2801 I).
955 2769 987 2801 in
1007 2771 1041 2801 Ρ.
1064 2789 1107 2792 —
1132 2782 1147 2809 7
1170 2771 1203 2802 P.
1225 2783 1281 2804 om.
1304 2791 1347 2794 -—
1369 2776 1385 2804 8
1402 2773 1432 2804 P.
1446 2774 1646 2808 conicilium.

275 2839 318 2843 —
343 2832 361 2861 9
377 2821 412 2852 P.
427 2820 592 2853 conscilio.
613 2840 654 2844 —
680 2833 718 2853 ιο
740 2822 771 2854 P.
793 2833 908 2855 omnes
929 2822 1134 2855 unanimitei,

1397 2890 1436 2911 10
