2216 3435
14 1413 23 1431 ι
42 1402 61 1432 f.
75 1403 152 1440 642,
168 1413 192 1432 c.
209 1413 232 1433 1.

550 259 616 291 DE
651 258 1031 292 PREDICACIONE
1066 259 1096 290 S.
1134 259 1320 292 CRUCIS.
1568 257 1621 309 23

255 405 300 448 ὃς
318 402 461 448 adhuc
478 402 675 459 vincitur,
696 400 768 446 sed
792 424 812 442 «
831 406 924 461 quia
932 403 1044 459 fides
1053 407 1138 463 fine
1157 403 1341 462 operibus
1359 419 1514 447 mortua
1538 406 1624 462 cst»

256 477 371 535 (Iac.,
414 486 485 529 ΙΙΙ,
530 473 620 532 Ιό),
658 471 759 517 ideo
795 471 992 517 additur:
1030 489 1072 517 ut
1096 473 1348 534 signaculum
1378 475 1505 533 super
1537 475 1626 518 bra-

254 550 382 589 chium
407 562 527 601 tuum,
557 543 644 588 hoc
668 543 724 588 est
749 544 871 606 super
894 561 1004 606 opus
1032 560 1163 588 tuum.
1186 542 1277 587 Esto
1297 543 1424 605 igitur
1441 544 1626 606 peregri-

254 633 346 672 nus,
374 616 564 676 sequere,
587 636 608 655 «
627 620 719 674 quia
734 619 866 674 fortis
885 619 948 674 est,
974 632 1015 659 ur
1038 632 1157 670 mors,
1180 615 1347 658 dileccio
1365 635 1386 653 υ
1416 615 1626 672 (Cantic,

253 699 354 732 VIII.
385 686 451 746 ὁ),
472 686 572 747 quia
598 684 701 730 dicit
725 686 955 743 Dominus,
978 702 1065 730 tam
1086 685 1204 729 fortis
1225 685 1295 741 est,
1315 701 1403 729 erat
1428 684 1624 743 dileccio,

253 775 338 819 qua
363 773 418 816 te,
445 774 663 819 peccator,
691 758 846 814 amavi,
867 756 988 817 quod
1012 757 1101 818 ipsa
1126 756 1318 801 animam
1337 773 1480 800 meam
1505 756 1623 818 sepa-

252 829 359 873 ravit
377 845 401 872 a
421 845 622 890 corpore,
641 830 685 873 ὅς
704 845 793 872 non
814 826 931 872 aliud
953 827 1051 872 facit
1071 844 1202 884 mors,
1221 844 1354 888 quam
1372 825 1474 871 illud
1492 825 1624 885 idem,

254 901 367 961 quia,
381 915 425 944 ut
439 898 668 944 redimeret
687 915 726 944 te
746 898 802 943 ad
821 898 969 957 vitam,
990 898 1145 942 sustulit
1164 914 1366 956 mortem,
1384 897 1487 955 Iob„
1500 898 1624 942 tertio

253 971 393 1032 capite
414 992 422 1016 :
445 991 467 1011 a
479 973 523 1015 In
545 975 618 1015 hoc
636 975 894 1030 cognovimus
913 975 1116 1014 caritatem
1137 973 1234 1026 Dei,
1249 973 1431 1028 quoniam
1452 969 1523 1012 ille
1539 973 1627 1013 ani-

252 1061 353 1086 mam
369 1044 488 1103 suam
505 1060 585 1102 pro
609 1043 725 1085 nobis
742 1043 883 1101 posuit
906 1061 927 1079 n
955 1041 997 1098 (1
1028 1043 1190 1097 loann.,
1210 1052 1280 1098 III,
1305 1038 1370 1099 ὁ).
1411 1039 1553 1084 Tanta
1579 1038 1626 1084 fit

253 1129 359 1175 ergo
392 1111 619 1157 dileeiacio
659 1128 730 1156 tua
762 1110 817 1156 ad
851 1111 1083 1167 Christum,
1121 1109 1244 1172 quod
1285 1111 1372 1172 ipsa
1414 1112 1625 1172 separaret

253 1184 444 1228 animam
469 1200 585 1228 tuam
621 1199 645 1227 a
669 1182 917 1227 carnalitate
940 1183 985 1226 ὃς
1011 1181 1171 1226 deliciis
1204 1183 1355 1239 carnis,
1381 1180 1482 1226 licut
1508 1198 1625 1226 mors

253 1255 444 1299 animam
468 1254 634 1316 separat
658 1272 681 1298 a
706 1270 904 1315 corpore.
951 1254 1084 1315 Surge
1110 1269 1215 1315 ergo
1244 1254 1288 1297 ὃ(
1318 1253 1494 1314 sequere
1531 1270 1624 1314 pre-

253 1342 428 1387 ceptum
462 1325 645 1369 Domini
674 1326 719 1369 &
749 1322 911 1369 affume
942 1322 1209 1387 fignaculum
1240 1324 1438 1381 Domini,
1468 1324 1626 1369 scilicet

253 1413 427 1441 crucem
452 1398 495 1440 ὅς
515 1396 557 1439 in
582 1394 714 1440 corde
733 1397 777 1439 ὅ(
801 1396 844 1439 in
865 1412 1010 1456 opere,
1029 1396 1073 1439 ὃς
1095 1394 1250 1439 offeras
1275 1396 1373 1440 Deo
1399 1412 1556 1457 corpus
1580 1397 1625 1440 ὃς

253 1468 460 1525 animam,
487 1484 571 1528 que
597 1469 684 1528 Ipse
710 1464 784 1511 tibi
811 1465 1008 1512 tradidit!

320 1542 423 1583 Item
443 1560 451 1583 :
481 1537 694 1600 Qamvis
714 1554 884 1582 acetum
909 1536 955 1581 sit
973 1555 1186 1595 amarum,
1212 1554 1358 1583 tamen
1384 1536 1526 1583 reddit
1543 1536 1624 1582 bo-

251 1626 357 1654 num
382 1610 579 1672 saporem
604 1608 717 1665 salse,
737 1606 790 1652 sic
815 1610 858 1653 ὃς
883 1608 1017 1671 paffio
1040 1609 1236 1666 Domini,
1257 1609 1453 1670 quamvis
1478 1626 1624 1654 amara

251 1677 311 1736 fit,
349 1696 494 1724 tamen
519 1679 607 1741 ipsa
630 1696 707 1741 per
730 1679 1074 1741 compaffionem
1100 1678 1297 1724 dulcorat
1323 1680 1623 1742 cogitaciones

252 1751 413 1796 nostras
438 1753 482 1796 &
507 1750 723 1795 sermones
742 1751 787 1794 δε
805 1766 938 1811 opera
963 1752 1007 1795 ὃς
1035 1748 1174 1795 reddit
1199 1751 1256 1794 eis
1282 1751 1495 1812 saporem,
1523 1752 1623 1812 quia

252 1820 599 1866 dilectacionem.
627 1820 671 1864 Et
696 1819 798 1865 sicut
821 1838 994 1866 acetum
1021 1821 1077 1865 est
1103 1822 1419 1882 penetrativum
1443 1823 1488 1866 ὃς
1511 1839 1623 1884 pun-

252 1894 450 1957 gitivum,
470 1890 524 1936 fic
541 1891 674 1954 passio
697 1893 880 1937 Domini
899 1908 1096 1954 penetrat
1116 1890 1220 1936 dura
1239 1891 1372 1937 corda
1391 1893 1623 1938 hominum

251 1966 296 2010 δε
319 1964 476 2027 pungit
508 1980 584 2025 per
609 1962 964 2025 compaffionem.
1008 1964 1288 2026 Compateris
1321 1981 1426 2027 ergo
1451 1963 1622 2009 Christo

252 2035 444 2081 existenti
466 2035 507 2078 in
531 2050 655 2078 cruce
680 2035 724 2077 ἃ
751 2031 929 2078 dulcora
956 2050 1089 2096 opera
1114 2050 1185 2079 tua
1211 2051 1286 2096 per
1309 2036 1442 2080 crucis
1469 2035 1623 2079 amari-

252 2104 462 2162 tudinem,
488 2122 532 2149 ut
558 2120 600 2149 tu
626 2103 783 2149 habeas
811 2102 1088 2149 dulcedinem
1108 2121 1301 2150 eternam
1322 2108 1329 2151 l

318 2177 443 2222 ltem:
470 2177 648 2221 Ditsium
673 2176 730 2221 est
765 2176 880 2220 lol'ue
905 2176 1018 2235 (1012,
1039 2187 1142 2233 VIII,
1173 2175 1248 2233 18)
1270 2175 1366 2238 post
1389 2173 1620 2221 subverfio-

251 2263 352 2291 nem
375 2247 553 2293 Iericho:
570 2268 592 2288 (ε
606 2250 704 2292 Leva
723 2248 906 2307 clipeum,
922 2252 991 2307 qui
1007 2251 1045 2292 in
1059 2266 1172 2291 manu
1192 2264 1258 2291 tua
1272 2251 1468 2306 estcontra
1489 2249 1619 2292 urbem

250 2319 360 2362 Hai!
376 2339 398 2358 υ
428 2317 624 2379 Quidam
644 2318 805 2380 clipeus
825 2318 881 2363 est
901 2316 1126 2376 rotundus,
1151 2315 1205 2362 sle
1223 2319 1267 2362 ὃς
1287 2315 1466 2379 quilibet
1484 2317 1620 2363 fidelis

251 2386 423 2433 habebit
449 2405 661 2434 coronam
686 2390 728 2435 in
756 2389 866 2445 celo,
887 2387 1009 2449 quod
1034 2387 1293 2451 significatur
1312 2406 1387 2451 per
1405 2405 1619 2434 coronam

250 2458 432 2518 Christi3
461 2459 638 2520 quidam
664 2460 826 2522 clipeus
854 2458 983 2504 habet
1017 2476 1202 2521 quatuor
1225 2459 1424 2523 angulos,
1450 2458 1552 2505 ficut
1575 2462 1620 2506 δε

251 2546 364 2575 crux.
385 2531 616 2592 Supremus
635 2531 818 2594 angulus
839 2531 896 2576 est
916 2529 1037 2587 fides,
1058 2547 1144 2592 qua
1164 2531 1378 2576 tendimus
1397 2532 1439 2576 in
1461 2532 1620 2590 Deum,

250 2601 323 2662 qui
350 2601 407 2646 est
434 2622 455 2641 «
480 2607 590 2662 ignis
613 2605 840 2664 consumens
863 2624 885 2643 υ
929 2603 1206 2661 (Deuteron,
1231 2614 1294 2659 IV,
1322 2603 1400 2664 24)
1425 2619 1619 2665 peccata,

250 2669 351 2716 ficut
375 2673 484 2734 ignis
509 2673 724 2718 consumit
750 2673 962 2735 stuppam,
987 2674 1032 2717 ὃς
1059 2673 1159 2733 quia
1183 2672 1240 2717 est
1264 2672 1484 2735 supernus,
1517 2671 1618 2718 ideo

250 2741 403 2788 dicitur
423 2764 444 2785 υ
457 2746 618 2807 sursum
644 2747 763 2790 corda
781 2765 804 2784 ι)
834 2743 951 2807 (1013,
979 2757 1029 2803 ΙΙ,
1056 2746 1147 2803 11).
1171 2742 1341 2788 lnfimus
1359 2743 1542 2807 angulus
1561 2744 1618 2789 est
