2216 3435
706 300 772 332 DE
806 299 944 332 LOCIS
978 298 1197 331 SANCTIS.
1548 296 1640 349 359

276 446 366 486 lech
397 442 601 498 pugnavit.
633 441 701 482 De
721 442 959 497 Hierosalem
981 442 1101 496 usque
1124 442 1164 481 in
1185 442 1303 482 Luza
1324 443 1376 496 xij
1400 442 1482 481 mil.
1513 441 1568 481 Et
1588 442 1641 481 ibi

276 503 509 545 Alexander
525 515 693 555 magnus
710 501 882 541 Macido
899 501 1143 541 mensuravit
1159 500 1415 541 altitudinem
1432 500 1532 551 caeli,
1550 515 1644 554 pro-

0 598 1 610 ,
170 570 191 601 f.
209 579 257 611 34.
276 562 516 602 funditatem
532 561 664 601 maris.
682 560 750 600 De
762 560 880 600 Luza
896 561 1016 614 usque
1032 561 1079 600 ad
1096 570 1248 600 montem
1267 560 1400 613 Synam
1418 559 1643 600 manslones

0 621 4 668 i
276 620 365 660 sunt
383 620 465 674 viij.

0 671 4 686 ῥ’
329 677 377 719 In
399 678 709 733 Constantinopoli
728 679 803 718 fuit
831 679 971 729 homo,
994 679 1062 732 qui
1090 687 1258 717 vocatur
1285 678 1484 728 Urbitius,
1504 678 1542 718 &
1562 678 1643 731 ipse
1661 687 1722 716 XX

275 739 322 778 ad
353 737 503 791 septem
532 738 798 790 imperatores
832 736 1055 791 prepositus
1095 737 1170 776 fuit
1197 736 1236 776 &
1264 750 1462 776 coronam
1492 735 1582 790 ipfis
1605 739 1643 778 in

274 797 406 850 capite
428 796 615 849 inposuit,
634 796 813 836 fimiliter
833 797 870 836 &
901 796 1160 835 conservavit.
1192 795 1259 835 Ab
1282 795 1523 850 Hicrffalem
1544 796 1645 835 civi-

275 867 355 896 tate
376 854 431 895 est
450 854 564 895 locus
585 855 626 894 in
648 856 766 895 tertio
788 855 976 905 miliario,
1002 855 1067 894 ubi
1090 854 1223 894 saneta
1245 854 1381 895 Maria
1400 865 1530 894 mater
1553 854 1645 894 Do-

274 915 389 965 mini,
409 914 507 953 dum
527 915 600 953 iret
620 915 659 953 in
682 913 883 965 Bethlem,
905 913 1098 953 discendit
1127 914 1176 953 de
1208 913 1324 964 asma,
1354 913 1514 953 sedebat
1534 913 1648 966 super

274 984 429 1027 petram
449 972 488 1013 &
506 973 712 1012 benedixit
731 988 833 1013 eam.
850 971 936 1026 Ipse
952 986 1046 1012 vero
1069 973 1293 1026 prepositus
1309 973 1499 1013 Urbitius
1518 972 1646 1025 ipsum

273 1031 449 1084 lapidem
471 1032 626 1082 incidit,
650 1031 688 1071 &
714 1032 809 1071 fecit
838 1045 931 1070 eum
953 1030 1241 1084 quadra[tu]m,
1263 1031 1435 1085 [vol]ens
1456 1031 1586 1085 e[u]m
1607 1031 1647 1070 in

134 1102 155 1131 f.
173 1110 211 1140 34
226 1101 254 1132 b.
274 1090 604 1145 Constantinopolin
617 1091 803 1143 dirigere.
817 1090 979 1130 Utcum
994 1100 1129 1143 portas
1141 1089 1263 1129 sancti
1274 1090 1465 1143 Stephani
1480 1090 1649 1140 veniret,

276 1150 354 1188 iam
375 1148 548 1202 amplius
569 1163 658 1188 eam
680 1163 845 1189 movere
868 1164 950 1188 non
973 1159 1143 1202 poterat.
1173 1148 1315 1204 Quam
1344 1149 1520 1202 lapidem
1546 1163 1648 1189 unus

274 1210 390 1262 iugus
415 1208 566 1247 bovum
579 1208 847 1258 deducebant,
858 1208 896 1247 &
911 1208 1008 1246 dum
1020 1207 1203 1247 viderent
1215 1208 1309 1261 quia
1325 1208 1554 1248 nullatenus
1573 1223 1647 1261 po—

275 1278 436 1308 tuerunt
448 1281 537 1306 eam
550 1281 728 1318 movere,
742 1268 779 1306 in
794 1278 884 1307 ante
896 1267 1056 1306 redacta
1069 1266 1125 1306 est
1137 1267 1219 1320 ipsa
1231 1267 1332 1320 lapis
1345 1267 1393 1306 ad
1408 1266 1648 1320 Sepulchrum

274 1327 440 1378 Domini,
461 1326 499 1366 &
519 1326 728 1366 ibialtaris
750 1327 799 1365 de
819 1326 900 1379 ipsa
922 1336 1032 1379 petra
1050 1326 1154 1366 facta
1171 1326 1276 1380 [est],
1297 1326 1334 1366 &
1355 1326 1404 1366 ab
1426 1325 1509 1378 ipso
1528 1325 1648 1366 altare

274 1386 639 1425 communicantur.
670 1384 810 1425 Postea
838 1399 936 1424 vero
972 1385 1157 1425 Urbitius
1179 1383 1404 1439 prepofitus
1432 1385 1646 1425 defunctus

274 1444 329 1485 est
357 1445 426 1484 sub
455 1443 717 1493 Anastafino;
740 1443 1027 1497 [sepulchr]um
1050 1443 1262 1483 Urbitium
1292 1443 1415 1497 usque
1443 1443 1490 1483 ad
1525 1444 1645 1484 tertio

169 1516 188 1545 f.
207 1524 255 1556 35.
272 1503 485 1558 sepultum,
506 1518 599 1543 eum
620 1504 714 1543 foris
735 1503 912 1543 iactavit.

327 1562 556 1606 Anastafius
573 1565 793 1616 imperator
809 1563 1023 1604 aedificavit
1039 1565 1246 1604 civitatem
1260 1563 1299 1602 in
1313 1561 1644 1618 [Mesopotamiam
1661 1577 1802 1607 XXXVI

270 1628 308 1669 δε
340 1623 421 1677 ipsa
450 1623 589 1662 civitas
620 1623 768 1662 dicitur
794 1623 930 1663 Dara.
960 1624 1093 1664 Tenit
1122 1625 1160 1663 in
1192 1622 1446 1676 longitudine
1475 1623 1558 1662 mil.
1588 1624 1640 1677 vij

271 1695 436 1741 propter
453 1681 604 1733 Persos,
621 1681 658 1722 &
679 1682 841 1735 quando
864 1683 903 1721 in
922 1684 1126 1736 provintia
1146 1682 1402 1735 imperatoris
1429 1683 1644 1722 veniebant

270 1747 318 1786 ad
354 1741 618 1798 predandum,
657 1742 723 1780 ubi
759 1739 944 1781 fossatum
980 1742 1193 1793 faciebant,
1228 1742 1324 1795 quia
1358 1756 1461 1796 aqua
1495 1742 1533 1781 in
1569 1742 1646 1781 alia

272 1805 364 1845 loco
398 1815 493 1842 non·
511 1801 781 1841 inveniebant.
814 1800 881 1840 De
912 1816 990 1855 qua
1019 1803 1182 1842 civitate
1212 1802 1358 1841 fluvius
1389 1802 1498 1852 exiit,
1527 1816 1645 1840 muro

272 1863 429 1905 cinctus
450 1860 506 1901 est
525 1876 547 1901 c
568 1860 679 1899 milia
699 1874 721 1899 a
740 1861 904 1900 civitate
928 1860 995 1901 illa
1013 1872 1179 1915 propter
1200 1860 1350 1901 Persos.
1383 1861 1554 1913 Perfidia
1575 1875 1648 1900 vo-

273 1934 387 1963 catur
409 1920 624 1974 provintia.
646 1919 730 1959 Ubi
754 1919 809 1958 est
826 1921 967 1959 civitas
990 1935 1113 1974 quem
1136 1919 1368 1960 Mellitinus
1388 1933 1457 1958 rex
1482 1920 1646 1959 ordina-

275 1983 344 2032 vit,
375 1980 413 2020 ὅτ
443 1979 522 2033 ipse
553 1990 721 2018 vocatur
740 1979 926 2030 Arminia,
957 1979 1036 2032 ipsa
1066 1979 1121 2018 est
1146 1978 1378 2031 metropoli,
1408 1978 1521 2018 &ibi
1546 1979 1649 2019 iacet

135 2049 154 2080 f.
173 2059 207 2089 35
226 2051 252 2079 b.
273 2054 422 2093 corpus
444 2038 630 2079 Danielis
652 2038 864 2091 prophete,
891 2053 969 2091 que
1000 2039 1039 2078 in
1072 2038 1161 2078 lacu
1198 2038 1364 2077 leonum
1395 2036 1530 2078 missus
1562 2038 1647 2078 fuit.

276 2099 439 2141 Deinde
474 2097 596 2151 usque
625 2099 672 2136 ad
701 2098 907 2151 Babylonia
937 2113 1016 2137 xxx
1045 2097 1167 2148 milia,
1198 2098 1265 2136 ubi
1292 2096 1547 2150 requiescunt
1569 2108 1646 2138 tres

276 2159 403 2214 pueri,
431 2158 582 2208 Sidrac,
618 2156 772 2197 Misaac
802 2157 840 2197 &
871 2158 1113 2211 Abdenago,
1143 2158 1181 2196 in
1212 2171 1291 2210 qua
1323 2171 1418 2196 cum
1452 2156 1647 2197 habitatio

274 2219 486 2259 hominum
499 2231 582 2256 non
599 2215 668 2264 est,
680 2227 844 2269 propter
861 2216 1078 2270 serpentes,
1088 2227 1417 2270 ypaucentaures.
1431 2214 1644 2256 Eudoxius

274 2276 468 2316 diaconus
490 2276 642 2329 primus
664 2274 825 2328 scripsit,
846 2277 940 2330 quia
961 2276 1010 2315 de
1031 2275 1112 2329 ipsa
1134 2275 1338 2328 provintia
1359 2275 1446 2314 fuit.
