2216 3435
653 290 719 322 DE
755 289 891 323 LOCIS
926 290 1144 323 SANCTIS.
1493 295 1583 341 217

217 437 333 483 secus
351 437 727 482 ferramentorum
757 437 933 501 vestigia
970 439 1100 500 usque
1124 439 1168 483 in
1193 439 1362 500 presens
1389 439 1585 486 ostendit.

217 508 333 553 Nam
358 508 614 554 extrinsecus
645 509 777 569 usque
813 508 870 554 ad
904 509 1100 554 culminis
1131 510 1421 555 summitatem
1445 527 1586 556 totum

218 596 433 624 marmore
465 582 626 624 tetf‘tum
653 579 730 638 est3
757 580 974 624 summum
1005 597 1107 626 vero
1128 580 1313 639 culmen,
1338 598 1442 626 auro
1463 598 1586 627 orna-

217 666 323 708 tum,
359 667 533 695 auream
572 650 707 713 gestat
745 666 919 695 crucem
962 668 1184 714 magnam.
1231 654 1273 696 ln
1316 651 1438 696 huius
1480 669 1585 715 ergo

219 722 493 766 monumenti
519 720 756 782 aquilonali
779 736 900 783 parte
915 724 1143 782 sepulcrum
1165 726 1338 766 ‘Domini
1364 723 1408 767 in
1433 722 1587 768 eadem

216 808 337 854 petra
369 792 572 851 excisum,
600 792 887 854 longitudinis
912 793 1076 856 septem
1101 792 1279 855 pedum,
1311 794 1437 838 trium
1466 812 1586 839 men-

216 863 311 908 sura
353 863 623 926 palmorum⁰
664 864 920 924 pavimento
961 863 1082 908 altius
1129 864 1314 921 eminet,
1362 865 1587 910 introitum

217 932 381 979 habens
404 952 429 979 a
451 934 581 979 latere
606 933 875 979 meridiano:
906 933 979 980 ubi
1004 934 1073 980 die
1098 938 1320 996 no6iuque
1351 934 1586 982 duodecim

215 1004 440 1068 lampades
473 1004 640 1062 ardent,
668 1021 854 1065 quatuor
881 999 1016 1050 infrab
1044 1005 1305 1067 sepulcrum,
1329 1009 1432 1051 odio
1466 1007 1587 1070 supra

217 1076 260 1120 in
282 1078 480 1139 margine
499 1075 662 1121 dextro.
684 1076 820 1138 Lapis,
840 1077 915 1138 qui
932 1076 987 1121 ad
1007 1077 1161 1120 ostium
1181 1078 1457 1122 monumenti
1475 1077 1587 1140 posi-

219 1162 282 1191 tus
316 1163 418 1205 erat,
455 1164 572 1192 nunc
598 1144 740 1191 fissus⁶
779 1147 850 1206 est,
888 1148 1005 1192 cuius
1036 1164 1132 1209 pars
1161 1148 1305 1192 minor
1329 1147 1588 1209 quadratum

217 1217 347 1262 altare
375 1234 474 1263 ante
503 1219 656 1263 ostium
677 1218 956 1263 nihilominus
981 1217 1171 1263 eiusdem
1196 1220 1473 1264 monumenti
1497 1220 1587 1278 stat,

218 1289 358 1334 maior
387 1306 490 1335 vero
522 1290 564 1333 in
596 1289 793 1334 orientali
821 1288 1011 1334 eiusdem
1044 1287 1216 1334 ecclesie
1246 1289 1348 1334 loco
1375 1290 1588 1351 quadran-

217 1359 369 1421 gulum
386 1359 501 1405 aliud
520 1360 650 1405 altare
676 1358 749 1405 sub
769 1357 1091 1405 linteaminibus
1118 1360 1258 1405 exstat.
1278 1360 1419 1405 Color
1442 1377 1588 1407 autem

218 1429 409 1475 eiusdem
438 1431 712 1476 monumenti
743 1432 788 1475 ὃς
812 1431 994 1494 sepulcri
1027 1430 1127 1476 albo
1154 1434 1199 1477 &
1225 1431 1468 1478 rubicundo
1493 1450 1587 1495 per-

218 1503 373 1547 mixtus
397 1500 578 1547 videtur.

280 1575 319 1618 Α
344 1571 491 1618 dextra
522 1588 668 1618 autem
694 1588 814 1635 parte
839 1573 937 1618 huic
964 1571 1136 1618 ecclesie
1162 1573 1338 1618 coheret
1357 1572 1482 1619 beate
1504 1579 1588 1621 ‘Dei

219 1645 443 1690 Genitricis
462 1646 618 1706 ecclesia
645 1643 957 1708 quadrangula.
986 1647 1030 1689 ln
1049 1645 1205 1706 platea,
1233 1661 1316 1706 que
1335 1645 1588 1704 Martyrium

217 1716 262 1759 ὅς
287 1714 518 1778 Golgotha
543 1716 785 1775 continuat,
809 1714 964 1761 exedra
988 1715 1060 1774 est,
1084 1716 1128 1760 in
1154 1732 1239 1777 qua
1262 1715 1372 1761 calix
1391 1717 1587 1775 Domini,

219 1787 263 1831 in
291 1786 491 1832 scriniolo
515 1786 779 1846 reconditus,
804 1804 880 1849 per
899 1786 1094 1849 operculi
1119 1786 1316 1832 foramen
1346 1789 1467 1850 tangi
1485 1787 1591 1834 solet

220 1859 265 1902 ὃ(
290 1856 484 1902 osculari.
506 1857 597 1918 Qui
614 1873 842 1920 argenteus
858 1856 979 1915 calix,
1006 1855 1110 1902 duas
1125 1856 1226 1901 hinc
1245 1859 1290 1902 ὃς
1308 1857 1409 1902 inde
1426 1856 1589 1903 habens

217 1928 397 1987 ansulas,
421 1927 584 1986 sextarij
609 1927 783 1991 gallicid
805 1928 1050 1973 mensuram
1075 1929 1214 1989 capit:
1247 1928 1291 1972 in
1326 1945 1414 1990 quo
1439 1929 1496 1974 est
1520 1928 1590 1974 illa

216 1998 415 2062 spongia,
430 2000 653 2045 Dominici
671 2016 801 2062 potus
821 1999 1019 2045 ministra.
1042 2001 1085 2043 ln
1105 1998 1206 2043 loco
1226 2015 1371 2044 autem
1390 1999 1479 2059 illo,
1499 2017 1588 2062 quo

217 2068 439 2116 Abraham
458 2071 590 2116 altare
604 2069 659 2116 ad
678 2069 1002 2116 immolandum
1016 2068 1153 2114 filium
1171 2069 1419 2127 construxit,
1440 2071 1588 2116 mensa

217 2142 273 2186 est
303 2141 449 2205 lignea
483 2159 575 2187 non
610 2159 756 2205 parva,
790 2143 831 2187 in
869 2158 1002 2203 quam
1036 2157 1275 2203 pauperum
1317 2140 1589 2201 eleemosyne

217 2213 355 2260 solent
386 2232 411 2259 a
439 2215 609 2277 populo
643 2213 841 2260 defertis
871 2214 1037 2260 Lancea
1070 2213 1212 2259 militis
1236 2213 1388 2258 inserta
1412 2212 1590 2260 habetur

217 2285 259 2330 in
287 2302 409 2331 cruce
435 2284 578 2348 lignea
604 2287 647 2331 in
672 2287 843 2348 porticu
873 2285 1076 2344 Martyrij,
1104 2285 1222 2329 cuius
1248 2284 1392 2330 hastile
1414 2286 1458 2330 in
1484 2285 1590 2331 duas

217 2356 462 2402 intercisum
486 2372 627 2418 partes
652 2373 677 2401 a
701 2372 793 2402 tota
818 2372 1044 2402 veneratur
1069 2356 1251 2400 civrtate.

282 2427 473 2491 Singula,
511 2445 596 2490 que
637 2427 738 2487 dixi,
777 2443 823 2473 ut
861 2426 1118 2473 manifestius
1155 2425 1425 2489 agnosceres,
1461 2428 1589 2472 etiam

218 2514 293 2560 pre
320 2498 454 2544 oculis
480 2496 717 2562 depingere
742 2499 900 2545 curavi.
915 2494 943 2534 f

265 2692 293 2713 a.
325 2680 384 2721 W.‚
409 2682 502 2722 Ma.‚
527 2681 575 2713 de.
600 2680 794 2724 palmarum.
819 2699 862 2703 —
946 2679 1025 2724 lign.
1054 2701 1091 2705 —
1119 2680 1139 2712 f.
1165 2682 1270 2723 Supra
1293 2687 1366 2712 ante
1389 2679 1514 2720 lancea,
1534 2681 1589 2712 Pa.

219 2734 249 2766 b.
275 2732 325 2766 Al.
349 2733 443 2766 intra.
473 2753 514 2758 ——
541 2745 567 2766 c.
597 2733 646 2766 Al.
674 2732 792 2766 sciffus.
821 2754 861 2758 —
947 2733 1204 2777 habetfiguram
1216 2731 1425 2776 ecclefiarum.

218 2786 248 2818 d.
277 2787 333 2819 Pa.
370 2785 470 2818 calici.
507 2805 547 2810 -
580 2797 606 2818 e.
640 2787 688 2818 Pc.
719 2785 862 2819 mensam

1416 2862 1455 2893 28
