2216 3435
699 116 784 178 146
1256 131 1520 165 ARCULFUS

689 294 822 323 tatem
865 278 977 323 intra
1019 280 1166 324 menia
1206 278 1511 337 circumdatas,
1551 280 1656 325 mira
1702 278 1926 325 fabricatas
1968 296 2072 338 arte,

686 349 824 411 sepius
861 348 1159 408 considerasse,
1194 368 1277 412 que
1309 352 1458 396 omnia
1491 368 1606 397 nunc
1637 369 1661 396 a
1693 350 1819 397 nobis
1852 352 1947 396 sunt
1978 369 2072 414 pre-

686 419 986 479 termittenda,
1035 439 1079 467 ut
1126 423 1291 480 estimo,
1349 424 1538 485 exceptis
1591 440 1744 468 eorum
1798 421 2075 468 edificiorum

685 493 912 551 structuris,
944 510 1029 555 que
1060 495 1103 539 in
1137 494 1244 538 locis
1278 494 1450 551 lanelis,
1484 495 1619 540 crucis
1647 494 1850 540 videlicet
1873 496 1918 539 ὃς
1942 494 2075 539 resur-

685 565 902 623 reelionis,
936 564 1114 610 mirifice
1153 564 1358 611 fabricate
1396 566 1508 611 sunt:
1548 565 1601 611 de
1636 565 1792 628 quibus
1825 564 2073 628 diligentius

684 638 1049 699 interrogavimus
1075 636 1316 695 Arculfum‚
1344 639 1551 701 precipue
1584 637 1637 683 de
1663 638 1860 701 sepulcro
1887 638 2072 683 Domini

683 711 727 754 ὅ(
753 706 927 754 ecclefia
954 708 1078 770 super
1108 707 1213 753 illud
1240 709 1499 768 construcla,
1533 710 1652 755 cuius
1678 709 1784 754 mihi
1812 709 2003 754 formam
2027 709 2071 754 in

683 778 829 825 tabula
855 796 998 825 cerata
1023 779 1224 825 Arculfus
1248 780 1337 843 ipse
1363 779 1570 843 depinxit.

819 961 859 1004 ll.
898 962 964 1005 De
992 961 1151 1022 ecclefia
1176 962 1345 1005 rotunde
1358 961 1545 1020 formale
1559 962 1685 1022 super
1699 962 1930 1022 sepulcrum

1175 1034 1350 1076 ‘Domini
1375 1033 1579 1089 edificata.

746 1149 848 1211 Qe
873 1149 1022 1211 utique
1054 1149 1181 1196 valde
1210 1153 1382 1212 grandis
1414 1152 1588 1213 εεεῖεζῇα,
1623 1166 1715 1197 tota
1738 1150 1926 1214 lapidea,
1961 1151 2070 1197 mira

679 1218 947 1266 rotunditate
982 1239 1033 1267 ex
1068 1223 1191 1267 omni
1231 1238 1352 1284 parte
1374 1221 1591 1267 collocata
1617 1222 1689 1281 est,
1725 1241 1750 1268 a
1776 1222 2070 1269 fundamentis

684 1293 727 1336 in
764 1291 896 1338 tribus
934 1294 1200 1357 consurgens
1241 1291 1491 1356 parietibus,
1528 1292 1685 1355 quibus
1723 1312 1860 1340 unum
1896 1294 2070 1340 culmen

681 1363 724 1409 in
766 1364 901 1409 altum
941 1364 1170 1423 elevatilr,‘³
1216 1366 1327 1411 inter
1369 1382 1730 1427 unumquemque
1770 1367 1982 1429 parietem
2025 1367 2070 1412 ὃς

678 1436 861 1481 alterum
893 1436 1029 1482 latum
1062 1435 1226 1482 habens
1258 1438 1443 1500 spatium
1474 1438 1567 1495 vie3
1601 1439 1679 1483 tria
1711 1455 1891 1500 quoque
1921 1438 2070 1484 altaria

677 1509 773 1554 sunt
814 1509 857 1554 in
894 1507 1027 1554 tribus
1058 1509 1165 1554 locis
1207 1510 1378 1571 parietis
1422 1507 1578 1567 medijb
1617 1509 1781 1556 artifice
1822 1508 2069 1556 fabricatisf

678 1581 808 1625 Hanc
834 1579 1070 1626 rotundam
1096 1582 1139 1626 ὃς
1166 1581 1383 1626 summam
1416 1581 1639 1628 ecclefiam
1666 1583 1793 1644 supra
1818 1597 2067 1627 memorata

678 1650 914 1697 habentem
935 1652 1100 1713 altaria,
1117 1670 1254 1698 unum
1281 1652 1336 1699 ad
1363 1652 1592 1700 meridiem
1613 1654 1857 1717 respiciens,
1883 1653 2068 1699 alterum

678 1723 733 1769 ad
765 1723 1036 1786 aquilonem,
1069 1726 1243 1770 tertium
1267 1726 1409 1771 versus
1445 1727 1665 1784 occasum,
1698 1724 1936 1771 duodecim
1961 1726 2068 1770 mire

678 1794 993 1859 magnitudinis
1011 1795 1183 1858 lapidee
1203 1796 1439 1842 sustentant
1458 1797 1677 1843 columne.
1696 1797 1792 1842 Hec
1812 1794 1876 1842 bis
1895 1811 2066 1858 quater-

678 1867 794 1913 nales
822 1884 968 1930 portas
1001 1866 1146 1926 habet,
1180 1867 1266 1913 hoc
1291 1868 1350 1913 est
1375 1884 1563 1930 quatuor
1591 1869 1806 1927 introitus,
1833 1885 1910 1930 per
1935 1884 2017 1913 tres
2041 1885 2064 1912 e

678 1941 873 2004 regione,
912 1940 1141 1985 interiecffis
1165 1940 1334 1985 viarum
1367 1940 1529 2002 spatiis,
1554 1938 1761 1985 stabilitos
1787 1940 1983 2002 parietes»,
2014 1956 2065 1984 ex

679 2009 832 2074 quibus
847 2028 1036 2073 quatuor
1050 2012 1186 2057 exitus
1198 2010 1253 2056 ad
1268 2011 1520 2057 vulturnum
1533 2011 1742 2074 speciant,
1752 2012 1827 2073 qui
1838 2012 1883 2056 ὃ(
1897 2011 2036 2056 cecias
2046 2008 2066 2038 d

677 2082 832 2128 dicitur
851 2099 1020 2142 ventus,
1039 2083 1108 2141 alij
1136 2100 1239 2129 vero
1261 2099 1449 2144 quatuor
1469 2081 1525 2128 ad
1545 2100 1696 2128 eurum
1722 2083 1964 2145 respiciunt.

828 2246 886 2289 ΙΙΙ.
925 2247 990 2288 ‘De
1014 2245 1330 2306 ipfiussepulcri
1342 2247 1486 2305 figura
1507 2243 1546 2288 δ’
1571 2247 1657 2288 eius
1681 2244 1897 2305 tugurioli.

742 2367 787 2409 ln
822 2360 969 2408 medio
1002 2362 1140 2424 spatio
1176 2361 1299 2406 huius
1329 2362 1542 2406 interioris
1570 2359 1759 2406 rotunde
1797 2358 1955 2405 domus
1991 2377 2060 2405 ro-

675 2433 863 2480 tundum
886 2435 992 2481 inest
1008 2436 1053 2480 in
1074 2452 1161 2480 una
1179 2433 1425 2495 eademque
1450 2449 1572 2495 petra
1594 2432 1784 2478 excisum
1804 2432 2058 2496 tugurium‚⁶

722 2566 750 2587 a.
767 2555 907 2587 Tantum
920 2554 952 2586 L.
964 2553 1096 2598 quibus.
1168 2552 1324 2585 elevatur.
1412 2550 1456 2584 al.
1485 2550 1615 2593 calcias,
1641 2550 1782 2592 calceas,
1800 2550 1918 2592 hetias,
1937 2550 2049 2583 caluar

676 2627 719 2631 —
743 2608 773 2640 b.
796 2609 835 2640 G.
860 2607 983 2640 medio.
1012 2626 1055 2631 —
1077 2607 1206 2640 c.F0rte
1223 2605 1327 2639 fabri-
1415 2624 1456 2629 —
1487 2617 1512 2638 e.
1549 2603 1600 2638 Al.
1636 2604 1818 2648 tegurium,
1841 2603 2042 2645 teguriolum

675 2669 763 2695 cata.
793 2680 835 2684 —
866 2661 900 2693 d.
931 2660 980 2694 Sic
1005 2659 1153 2694 correxit
1180 2659 1328 2701 Gretser,
