2216 3435
654 140 743 190 134
1040 138 1338 172 ANTONINUS
1374 139 1606 172 MARTYR

696 283 755 325 Ibi
786 285 895 324 enim
924 285 1137 339 requiescit
1163 284 1418 336 Athanasius,
1449 283 1568 338 ipsius
1602 285 1777 325 civitatis
1804 285 2030 339 episcopus,

642 345 709 398 qui
740 355 882 384 contra
911 345 1101 396 Arrium,
1139 344 1404 398 presbiterum
1437 343 1556 397 ipslus
1586 345 1760 385 civitatis
1790 345 2031 396 hereticum,

643 418 716 456 pro
751 402 829 442 fide
865 403 1013 444 Christi
1050 405 1244 443 certando
1282 403 1409 443 multa
1448 403 1629 456 pericula
1668 404 1811 443 mortis
1852 402 2032 443 sustinuit

642 463 893 516 temporibus
931 463 1188 504 Constantini
1226 463 1496 515 imperatoris,
1534 463 1693 502 Helene
1734 462 1831 501 filio.
1872 461 2030 502 Ibidem

642 521 855 576 requiescit
886 521 1042 562 sanastus
1072 521 1240 562 Faustus
1271 521 1310 562 δε
1340 522 1496 562 fanestris
1524 521 1771 576 Epymacus,
1807 522 1844 562 &
1875 521 2031 563 sanctus

642 582 850 622 Antonius
880 581 943 620 vel
974 580 1130 621 sanetus
1154 580 1343 632 Maurus,
1374 581 1411 620 &
1443 581 1520 621 alia
1542 583 1669 622 multa
1691 582 1919 622 sanctorum
1940 596 2032 621 cor—

642 656 750 696 pora.
790 640 944 682 Iterum
983 641 1192 680 venientes
1232 640 1550 680 Hierosolimam
1595 642 1661 681 ubi
1713 657 1788 696 ego
1829 655 1923 695 eger
1964 655 2033 693 per

641 702 816 742 multum
838 712 998 753 tempus
1021 700 1138 751 iacui,
1161 699 1384 754 usquedum
1415 702 1496 740 vidi
1526 717 1596 754 per
1629 699 1824 741 visionem
1852 700 2031 740 lanc‘tum

644 761 876 801 Antonium
899 759 937 799 δέ
959 759 1119 799 beatam
1142 758 1387 810 Eufemiam,
1418 761 1485 814 qui
1519 775 1583 800 me
1611 762 1760 814 pariter
1782 760 2031 800 sanaverunt.

644 818 832 875 Egressus
863 821 912 859 de
935 818 1210 859 Hierosolima
1240 820 1330 859 veni
1354 818 1526 873 Ioppen,
1547 821 1613 860 ubi
1639 822 1741 860 iacet
1763 821 1895 860 saneta
1914 820 2033 860 Tha-

642 881 738 930 bita,
752 894 829 933 que
848 879 996 918 dicitur
1012 878 1215 918 Dorchas.
1236 877 1401 918 Deinde
1415 880 1599 920 venimus
1612 879 1824 920 Cesaream
1841 879 2032 933 Philippi,

643 955 722 993 que
745 939 865 979 turris
887 938 1097 989 Stratonis,
1119 953 1197 992 que
1219 937 1257 978 ἅ*
1275 937 1447 979 Cesarea
1467 937 1661 979 Palestine
1684 950 1865 979 vocatur.
1887 937 1934 979 In
1953 953 2034 992 qua

640 1000 853 1054 requiescit
884 999 1040 1040 santhS
1065 999 1272 1053 Pamplius
1304 999 1341 1040 ἆ
1374 1000 1529 1040 sanCtus
1549 1000 1789 1054 Procopius,
1812 1000 1849 1040 &
1877 999 2033 1039 sanetus

642 1060 875 1110 Comelius,
906 1074 954 1099 ex
976 1060 1090 1100 cuius
1122 1060 1228 1100 leeto
1250 1060 1582 1100 benedicffionem
1615 1061 1792 1100 tulimus.
1830 1059 1930 1099 [nde
1962 1073 2032 1113 per

643 1118 850 1161 Galileam
882 1118 1145 1169 ascendimus,
1176 1119 1214 1159 δε
1234 1119 1420 1159 venimus
1446 1119 1692 1159 Damascum
1728 1120 1793 1160 ubi
1816 1120 1871 1159 est
1893 1133 2034 1159 mona-

642 1179 803 1218 sterium
822 1179 888 1218 ubi
908 1177 1064 1219 sanetus
1084 1178 1230 1219 Paulus
1248 1179 1462 1219 conversus
1480 1180 1548 1231 est,
1566 1180 1603 1219 in
1623 1181 1759 1220 vicum
1777 1180 1845 1233 qui
1864 1190 2033 1218 vocatur

641 1239 788 1290 seems,
811 1239 848 1278 in
872 1254 954 1292 quo
977 1237 1104 1277 multe
1127 1239 1295 1278 virtutes
1317 1237 1430 1278 fiunt.

695 1298 861 1339 Deinde
882 1298 1067 1337 venimus
1090 1296 1287 1350 Eliopoli,
1309 1297 1347 1337 &
1369 1298 1462 1337 inde
1485 1299 1670 1338 venimus
1694 1298 1857 1350 Emiza,
1889 1298 1954 1338 ubi
1978 1296 2034 1338 est

641 1369 763 1411 caput
780 1357 900 1397 saneti
924 1356 1118 1397 lohannis
1138 1358 1315 1411 Baptiste
1337 1359 1375 1398 in
1399 1359 1511 1398 dolio
1534 1360 1678 1411 vitreo,
1709 1359 1746 1399 δε
1767 1374 1842 1399 nos
1865 1359 1917 1398 ibi
1940 1371 2034 1397 eum

643 1418 748 1457 intus
776 1417 951 1456 vidimus
982 1416 1019 1456 δε
1051 1418 1322 1457 adoravimus.
1355 1417 1409 1457 Et
1441 1419 1533 1458 inde
1567 1420 1814 1460 transeuntes
1836 1434 1908 1473 per
1935 1418 2035 1458 civi-

641 1489 754 1528 tates,
790 1478 868 1516 hoc
904 1476 959 1516 est
989 1490 1059 1529 per
1088 1475 1231 1527 Ariss'a,
1268 1477 1445 1516 Aristosa
1481 1477 1519 1518 &
1549 1477 1808 1532 Epiphanici,
1847 1479 2033 1518 venimus

642 1538 680 1577 in
712 1537 919 1577 civitatem
955 1535 1307 1589 splendidissimam
1331 1537 1609 1591 Ampamiam,
1644 1540 1683 1578 in
1717 1554 1795 1593 qua
1825 1539 1881 1579 est
1901 1538 2034 1578 omnis

639 1596 831 1636 nobilitas
854 1596 1058 1650 Syrorum.

693 1653 794 1695 Inde
827 1667 1021 1696 exeuntes
1053 1657 1239 1697 venimus
1262 1658 1530 1697 Antiochiam
1563 1658 1759 1697 maiorem
1795 1658 1833 1697 in
1863 1673 1942 1712 qua
1973 1673 2035 1698 re-

641 1714 809 1768 quiescit
839 1715 995 1756 sanetus
1019 1715 1209 1769 Bab-yllas
1239 1716 1466 1770 episcopus,
1488 1717 1526 1757 ἅτ
1549 1728 1627 1758 tres
1650 1717 1820 1771 parvuli,
1842 1717 1880 1757 &
1902 1717 2036 1758 saneta

640 1773 804 1826 lustina,
840 1775 877 1815 δε
913 1775 1069 1815 ίὶιηᾶὶυε
1103 1774 1306 1827 Iulianus,
1342 1777 1381 1816 &
1416 1777 1558 1817 fratres
1595 1777 1831 1828 Machabei,
1866 1778 1945 1817 hoc
1979 1777 2036 1817 est

641 1834 794 1889 septem
822 1835 1034 1889 sepulchra
1064 1835 1103 1875 &
1124 1835 1238 1889 super
1264 1836 1573 1890 uniuscuiusque
1604 1836 1860 1890 sepulchrum
1890 1836 2035 1891 scripte

641 1895 729 1935 sunt
759 1895 953 1948 passiones
986 1896 1160 1935 illorum.
1193 1895 1354 1936 Exinde
1384 1896 1664 1937 descendimus
1687 1895 2035 1950 Mesopotamiam

641 1955 681 1994 in
712 1955 877 1995 civitate
908 1955 1119 1996 Chalcida.
1150 1954 1250 1995 Inde
1283 1957 1469 1997 venimus
1501 1956 1680 2006 Carran,
1712 1957 1778 1996 ubi
1811 1968 1928 1997 natus
1960 1958 2035 1999 fuit

642 2015 861 2054 Abraham.
893 2014 948 2054 Et
976 2016 1070 2054 inde
1100 2016 1287 2055 venimus
1318 2016 1356 2055 in
1393 2016 1558 2056 civitate
1591 2014 1830 2067 Barbariffo,
1866 2017 1933 2056 ubi
1970 2033 2033 2058 re-

643 2073 811 2128 quiescit
832 2073 990 2114 salustus
1013 2074 1212 2126 Bacchus,
1235 2075 1356 2115 frater
1380 2074 1501 2115 sancti
1526 2075 1703 2129 Giorgij.
1725 2073 1826 2115 Inde
1848 2077 2034 2119 venimus

644 2137 682 2175 in
719 2135 881 2174 civitate
918 2134 1068 2185 Suran,
1104 2150 1176 2188 per
1211 2149 1333 2189 quam
1370 2135 1547 2175 mediam
1583 2135 1791 2174 civitatem
1826 2135 2033 2177 descendit

643 2195 788 2234 fluvius
810 2193 1013 2245 Eufrates,
1048 2195 1116 2248 qui
1153 2195 1305 2234 ibidem
1341 2208 1411 2248 per
1444 2206 1611 2247 pontem
1644 2192 1840 2234 tranfitur.
1876 2194 1922 2235 ln
1955 2197 2037 2250 ipsa

644 2255 808 2295 civitate
835 2254 925 2307 passi
962 2253 1050 2293 sunt
1084 2253 1241 2294 sanetus
1266 2253 1448 2294 Bacchus
1484 2254 1520 2294 ἃ
1557 2254 1712 2294 saueius
1737 2254 1948 2309 Giorgius,
1982 2255 2037 2296 set

645 2313 801 2353 sanetus
824 2313 1025 2366 Giorgius
1049 2314 1087 2352 in
1109 2314 1274 2353 civitate
1295 2313 1411 2367 Tyra
1432 2313 1656 2368 requiescit.
1678 2313 1805 2353 Tunc
1828 2329 1899 2367 per
1926 2325 2037 2356 tanta

646 2373 685 2413 &
715 2372 810 2412 talia
838 2373 1014 2412 vidimus
1044 2372 1135 2412 loca
1166 2373 1205 2412 in
1236 2372 1443 2413 miraculis
1477 2371 1616 2426 posita.
1648 2373 1809 2413 Reverfi
1844 2373 1931 2426 post
1960 2388 2034 2414 nos

648 2447 719 2486 per
754 2431 882 2471 multa
915 2431 1089 2483 castella,
1127 2446 1197 2486 per
1231 2433 1396 2486 plateas,
1430 2433 1563 2483 vicos,
1601 2432 1726 2483 villas,
1747 2432 1811 2472 vel
1841 2433 2036 2484 civitates,

648 2491 800 2544 fatigati
829 2506 877 2531 ex
909 2502 990 2531 tam
1012 2492 1136 2547 longo
1166 2494 1323 2543 itinere,
1344 2493 1530 2546 cepimus
1555 2493 1699 2532 iterum
1720 2506 1884 2545 carpere
1912 2493 2037 2532 trans-

649 2561 790 2591 euntes
808 2566 932 2603 mare,
949 2553 1135 2593 Venimus
1152 2551 1311 2593 Italiam
1330 2553 1535 2606 propriam
1564 2552 1784 2606 regionem.
1802 2552 1912 2591 Adiu
1921 2562 2036 2591 vante

653 2611 840 2651 Domino
870 2609 985 2651 Ihesu
1008 2613 1171 2654 Christo
1202 2612 1353 2663 nostro,
1386 2628 1458 2665 pro
1487 2614 1601 2653 cuius
1623 2626 1760 2652 amore
1782 2612 1829 2650 ab
1851 2612 1926 2651 hac
1947 2610 2038 2650 loca

653 2670 787 2724 egreffi
818 2672 1034 2724 providere
1064 2672 1224 2722 ivimus,
1256 2682 1339 2724 tan)
1370 2670 1436 2710 sua
1470 2671 1671 2711 mirabilia
1706 2685 1784 2724 que
1819 2669 1898 2723 ipse
1934 2670 2037 2710 inter

653 2730 841 2770 homines
876 2730 1062 2771 habitans
1094 2730 1202 2783 fecit,
1235 2729 1272 2770 ἅτ
1303 2730 1515 2770 beatorum
1551 2730 1825 2785 apostolorum
1860 2729 1923 2769 vel
1958 2744 2036 2785 que
