2216 3435
521 283 902 317 HODOEPORICON
939 285 971 316 S.
1000 282 1327 316 WILLIBALDI.
1519 283 1605 335 253

240 434 352 479 timis
382 431 592 477 fluc‘luum
629 429 933 476 formidinibus
967 428 1279 494 periculosique
1315 430 1460 493 pelagi
1497 432 1611 493 pres-

240 505 355 561 suris,
391 503 557 549 vastum
585 518 662 564 per
690 519 828 563 equor
863 503 994 548 citato
1029 502 1185 547 celocis
1225 501 1360 559 cursu,
1396 503 1610 564 prosperis

238 574 390 632 ventis,
404 573 543 620 velata
559 590 684 631 nave,
703 574 782 618 tuti
806 572 970 618 aridam
993 573 1194 619 viderunt
1213 589 1381 618 terram.
1408 573 1451 618 Et
1471 573 1612 619 statim

239 660 416 690 ovantes
449 642 504 689 de
527 645 627 690 navi
657 642 984 701 descenderunt,
1003 655 1021 672 ‘¹
1047 646 1092 690 δε
1129 644 1216 689 illic
1255 643 1544 689 castraverunt
1568 647 1613 690 ὅ(

238 715 422 760 tentoria
456 713 638 759 fixerunt
675 715 719 759 in
761 715 853 776 ripa
893 713 1096 772 fluminis,
1140 713 1261 776 quod
1288 713 1304 742 Ι)
1339 729 1615 775 nuncupatur

236 787 267 830 S
270 790 407 846 igona,
438 786 555 830 iuxta
578 782 744 843 urbem,
769 802 853 846 que
878 802 1057 831 vocatur
1083 790 1255 848 Rotam,-
1272 797 1284 814 ⁶
1317 783 1377 830 ibi
1404 785 1482 829 fuit
1505 801 1615 829 mer-

238 855 498 901 cimonium.
515 855 536 883 d

302 925 347 972 Et
378 926 465 972 illic
493 926 723 988 aliquantis
746 926 913 973 dierum
944 928 1161 973 curriculis
1185 928 1513 989 requiescenteS,
1538 928 1615 972 ite-

237 1014 334 1042 rum
357 1013 538 1060 pergere
563 1014 784 1060 ceperunt,
814 1000 859 1043 &
876 988 1009 1043 multa
1032 998 1118 1043 illic
1141 999 1390 1044 sauciorum
1410 999 1614 1058 oratoria,

239 1085 324 1130 que
349 1068 428 1113 illis
454 1069 499 1113 in
524 1067 815 1113 commodum
836 1069 1018 1127 fuerunt,
1046 1067 1216 1113 orando
1242 1069 1466 1130 petierunt.
1495 1068 1541 1113 Et
1560 1066 1615 1113 fic

236 1140 383 1185 inante
407 1142 694 1184 Gortlzonicum
720 1138 935 1202 gradatim
960 1156 1010 1184 ex
1029 1155 1149 1201 parte
1167 1156 1447 1202 peragrantes
1471 1140 1615 1201 super-

237 1225 460 1256 venerunt.
488 1210 694 1271 Cumque
719 1225 945 1272 pergentes
962 1221 974 1237 ⁸
997 1208 1242 1256 veniffentf
1259 1209 1315 1255 ad
1340 1209 1507 1267 urbem,
1531 1227 1614 1272 que

238 1296 419 1327 vocatur
437 1283 552 1337 Luca,
578 1279 858 1325 Willibaldus
884 1281 928 1325 ὅ(
946 1279 1251 1326 Wunebaldus
1271 1298 1439 1342 patrem
1463 1298 1616 1326 eorum

238 1351 284 1398 in
305 1352 513 1396 comitatu
533 1352 693 1396 itineris
713 1352 869 1412 pariter
889 1368 989 1395 cum
1011 1351 1088 1396 illis
1115 1350 1342 1397 ducebant.
1376 1352 1616 1413 Statimque

238 1420 299 1467 ibi
324 1420 547 1467 subitanea
570 1437 799 1484 preventus
827 1422 884 1466 est
903 1423 1096 1484 corporis
1121 1421 1386 1481 infirmitate,
1411 1433 1504 1481 ut‚g
1521 1440 1614 1484 pre-

239 1493 370 1539 teritis
414 1508 664 1554 temporum
695 1491 1104 1554 intercapedinibus,
1151 1510 1292 1555 prope
1329 1494 1417 1538 iam
1446 1493 1617 1539 instaret

241 1564 376 1609 exitus
395 1563 457 1608 sui
480 1562 582 1609 dies.
610 1563 655 1607 Et
671 1563 958 1609 invalescente
982 1565 1025 1608 in
1046 1581 1098 1609 eo
1121 1563 1372 1627 egritudinis
1390 1565 1614 1628 gravitate,

240 1634 330 1680 feffi
355 1650 406 1679 ac
431 1633 575 1696 frigidi
608 1634 717 1679 illius
742 1635 831 1679 iam
856 1633 1086 1680 tabuerunt
1113 1636 1309 1697 corporis
1339 1652 1466 1691 artUS‚
1493 1637 1538 1680 ὅ(
1562 1634 1616 1680 fic

243 1705 445 1750 ultimum
469 1706 555 1750 vite
590 1705 661 1750 sue
686 1704 899 1750 exhalavit
923 1706 1129 1768 spiritum.
1167 1707 1406 1768 Statimque
1437 1705 1496 1750 illi
1521 1724 1616 1769 ger-

240 1776 360 1821 mani
377 1775 450 1832 filij
477 1777 579 1833 eius,
606 1792 764 1838 corpus
784 1777 915 1838 patris
936 1793 1088 1821 eorum
1107 1778 1305 1823 exanime
1324 1793 1502 1840 paterne
1527 1777 1614 1840 pie-

239 1847 335 1892 tatis
365 1845 520 1891 affec‘lu
553 1847 851 1908 percipientes,
888 1848 1060 1892 venuste
1094 1847 1402 1894 involverunth
1430 1850 1474 1893 ὃς
1507 1864 1614 1893 terra

240 1916 559 1963 tumulaverunt
576 1918 621 1962 in
647 1917 749 1963 urbe
768 1918 881 1963 Luca
905 1917 960 1963 ad
979 1919 1184 1965 Samstum
1197 1918 1500 1982 Frigidianum.
1522 1920 1532 1946 ¹⁴
1559 1918 1616 1964 lbi

239 1988 462 2051 requiescit
494 2005 652 2050 corpus
685 1990 814 2050 patris
847 2006 1012 2035 eorum.
1051 1990 1384 2051 Confestimque
1408 1990 1481 2049 illi,
1520 2007 1614 2052 per-

237 2075 388 2122 gentes
408 2058 648 2121 usquedum
661 2077 738 2121 per
755 2060 890 2105 vastas
906 2060 1017 2105 ltalie
1032 2060 1214 2118 tellures,
1256 2062 1485 2122 perniciter
1500 2063 1513 2089 k
1537 2079 1612 2123 per

236 2147 431 2176 concava
455 2131 646 2189 vallium,
673 2148 749 2193 per
773 2130 955 2193 abrupta
975 2133 1210 2188 montium,
1236 2149 1314 2194 per
1336 2132 1467 2194 plana
1495 2149 1613 2178 cam-

237 2201 452 2264 pestrium,
492 2201 547 2247 ad
572 2200 724 2247 arduas
750 2205 924 2263 cAlpium
957 2219 1073 2248 arces
1100 2202 1338 2265 pedestrem
1363 2202 1614 2249 scandendo

236 2270 426 2335 gressum
450 2272 696 2337 dirigebant
726 2275 768 2319 in
794 2273 942 2319 altum.
982 2274 1201 2335 Cumque,
1232 2274 1410 2319 lustratis
1435 2275 1615 2337 Alpium

238 2342 532 2389 cacuminibus
559 2345 817 2407 glacialique
844 2346 1008 2390 nivium
1030 2344 1237 2390 nebulosa
1257 2344 1486 2404 turbidine,
1513 2345 1613 2390 almi

240 2415 324 2459 Dei
349 2413 615 2460 adminiculo
648 2416 982 2478 sanctorumque
1015 2416 1312 2472 sustentaculo,
1351 2433 1451 2461 cum
1483 2433 1613 2461 cunc-

239 2486 409 2530 toruml
440 2485 750 2532 contribulium
785 2487 984 2533 clientela
1025 2487 1311 2549 omniumque
1344 2487 1613 2551 collegarum

286 2640 315 2661 a.
338 2630 372 2662 C.
391 2629 618 2662 ascenderunt.
642 2649 683 2654 -——
704 2631 734 2662 b.
756 2632 788 2663 C.
809 2642 883 2674 que.
970 2637 1017 2663 tes
1037 2630 1220 2663 voluerunt.
1244 2651 1288 2654 —
1309 2630 1327 2663 i.
1343 2632 1375 2663 C.
1400 2629 1612 2663 priscianum.

240 2702 284 2706 —
306 2694 335 2715 c.
354 2684 389 2715 C.
408 2691 527 2715 toturn.
548 2703 591 2707 -—
612 2683 643 2715 d.
664 2685 698 2716 C.
714 2683 887 2716 mercimo-
971 2704 1014 2707 —
1029 2685 1052 2726 j.
1073 2688 1105 2716 C.
1129 2684 1288 2716 vastam...
1301 2683 1459 2716 tellurem
1481 2685 1563 2716 -k.
1577 2686 1612 2717 C.

239 2734 302 2767 nia.
325 2753 361 2758 -
381 2747 406 2768 e.
431 2736 464 2768 C.
482 2743 665 2780 pergerent.
686 2756 729 2760 —-
742 2737 763 2768 f.
784 2738 816 2768 C.
834 2747 888 2769 ve·
972 2737 1123 2782 pertinet.
1143 2757 1187 2761 —-
1205 2737 1224 2769 Ι.
1245 2739 1277 2770 C.
1293 2737 1430 2770 cunffis.

240 2795 368 2822 nerunt.
386 2808 428 2812 —
445 2800 478 2834 g.
492 2790 526 2822 C.
541 2789 582 2822 δι.
599 2808 640 2813 -
656 2788 689 2822 h.
707 2790 740 2823 C.
756 2789 887 2822 venien-
