2216 3435
634 237 720 288 154
963 235 1110 267 LIBER
1139 233 1339 267 DUELLII
1367 232 1666 265 CHRISTIANI

527 406 602 435 1219
622 384 700 430 bus
719 386 939 430 Sarraceni
959 401 1109 447 pugna
1128 383 1340 437 conserta,
1368 381 1581 445 fugerunt,
1608 380 1833 443 pluresque
1855 397 2007 426 eorum

622 460 664 502 in
685 473 847 519 campo
868 455 1071 501 cadentes
1092 453 1217 499 occisi
1239 454 1347 511 sunt,
1369 452 1439 498 sed
1456 455 1500 498 ὅ(
1519 452 1685 511 califus‚
1704 469 1857 498 eorum
1878 470 2008 515 papa,

622 549 646 575 a
667 529 864 591 quodam
884 529 1029 574 nostro
1068 527 1202 571 milite
1228 524 1461 588 percussus,
1485 524 1655 582 cecidit,
1682 524 1755 570 sed
1781 526 2008 572 semivivus

622 601 764 659 evasit,
805 619 913 646 unus
950 616 1096 646 autem
1128 598 1182 644 de
1212 598 1363 643 nostris
1399 614 1593 642 mortuus
1624 597 1682 642 est
1706 597 1815 656 illic3
1851 595 2008 660 sicque,

622 691 771 737 pugna
816 674 968 729 soluta,
1007 672 1228 716 Sarraceni
1261 687 1362 715 cum
1397 686 1567 714 merore
1603 668 1658 713 ad
1697 668 1766 713 sua
1792 667 2010 716 redierunt

624 745 773 800 castra,
800 745 930 789 nostri
957 760 1104 788 autem
1134 760 1235 787 cum
1261 740 1426 805 gaudio
1453 757 1697 786 remearunt
1721 742 1764 786 in
1791 741 1874 785 sua.

687 816 840 862 XXlX.
878 820 918 860 ln
947 814 1097 860 diebus
1122 814 1200 859 illis
1224 814 1420 877 precepit
1445 813 1652 858 dominus
1676 812 1844 875 legatus
1869 812 2010 857 omni-

621 887 699 934 bus
755 889 951 951 accipere
990 887 1293 949 penitentiam,
1339 902 1475 947 quum
1517 882 1694 930 volebat
1732 900 1929 946 pugnare
1966 884 2011 928 in

621 978 798 1024 campo,
837 976 989 1022 parato
1015 976 1152 1015 curru,
1183 959 1225 1003 in
1252 975 1343 1019 quo
1368 956 1573 1003 vexillum
1595 957 1751 1001 Sandle
1776 955 1930 1000 Crucis
1955 953 2010 1000 ad

624 1030 956 1077 defendendum
991 1047 1080 1076 erat
1106 1028 1486 1091 componendum.
1526 1029 1654 1091 lgitur
1681 1029 1725 1072 in
1752 1027 1856 1072 festo
1882 1027 2012 1072 Sanc-

468 1117 598 1154 1un.29>
623 1121 769 1149 torum
804 1103 1120 1164 Apostolorum
1156 1102 1331 1146 Petri&
1360 1100 1471 1145 Pauli
1508 1099 1631 1153 iussit,
1669 1116 1824 1144 omnes
1860 1097 2013 1143 discal-

623 1177 760 1222 ciatos
785 1175 841 1222 ad
877 1194 1024 1222 veram
1051 1175 1235 1220 Domini
1268 1190 1443 1218 crucem
1470 1172 1630 1230 venire,
1666 1172 1912 1216 Dominum
1937 1169 2012 1215 de-

623 1265 866 1311 precantes,
905 1263 963 1306 ut,
999 1247 1070 1308 qui
1098 1247 1141 1291 in
1170 1263 1219 1291 ea
1244 1243 1470 1308 pependit,
1510 1241 1636 1288 nobis
1663 1260 1816 1288 verum
1839 1244 1884 1287 ὃ(
1912 1240 2013 1286 utile

624 1319 879 1383 dignaretur
913 1317 1141 1364 confilium
1173 1334 1338 1379 parare.
1380 1314 1651 1362 Previdentes
1683 1330 1828 1360 autem
1855 1313 2013 1377 princi-

622 1409 699 1455 pes
724 1392 869 1447 nostri,
918 1390 1041 1453 quod
1078 1407 1169 1435 non
1200 1387 1302 1435 esset
1338 1406 1493 1446 tutum,
1532 1404 1729 1450 pugnare
1764 1387 1807 1431 in
1834 1401 2013 1448 campo,

625 1481 762 1526 quum
788 1461 1037 1525 oportebat,
1064 1479 1145 1508 nos
1165 1460 1285 1506 simul
1304 1478 1501 1524 pugnare
1520 1476 1622 1504 cum
1647 1458 1820 1504 civitate
1847 1458 1893 1503 ὅ(
1916 1456 2014 1502 nos-

625 1553 688 1582 tra
713 1537 879 1581 servare
900 1533 1072 1589 fossata,
1099 1536 1143 1580 ὃς
1162 1550 1243 1596 pro
1270 1550 1358 1577 uno
1379 1531 1627 1578 Christiano
1651 1530 1884 1592 plusquam
1909 1545 2014 1591 qua-

625 1607 826 1670 draginta
858 1622 979 1652 erant
1004 1607 1177 1669 pagani,
1215 1603 1407 1666 ideoque
1442 1603 1693 1665 respuerunt
1722 1601 2016 1647 neceffitatem

625 1696 785 1742 pugne.

628 1828 695 1869 ‘De
717 1826 856 1885 prima
888 1825 1070 1867 civitatis
1104 1824 1406 1882 impugnatione
1431 1819 1471 1863 ὅ)
1496 1822 1661 1878 hostium
1699 1834 1845 1878 magna
1858 1820 2014 1878 strage.

507 1976 561 2005 Iul·
579 1976 605 2005 8·
697 1965 832 2012 XXX.
865 1968 1027 2010 Interea
1049 1965 1209 2008 06'tavo
1230 1961 1325 2007 idus
1352 1961 1438 2018 lulij
1464 1958 1738 2005 adduxerunt
1761 1957 1893 2004 nostri
1917 1972 2018 2002 coc-

633 2056 703 2084 cas
730 2055 831 2082 cum
856 2035 990 2093 scalis,
1016 2036 1061 2081 &
1087 2032 1223 2097 posite
1253 2034 1349 2078 sunt
1375 2033 1496 2095 super
1518 2030 1683 2077 flumen
1707 2047 1848 2093 prope
1874 2027 2020 2073 menia

631 2110 827 2166 civitatis,
855 2110 901 2154 ὅς
927 2124 1003 2169 per
1027 2123 1167 2151 totam
1193 2105 1311 2151 diem
1342 2118 1662 2168 pugnaverunt.
1689 2101 1848 2165 Pagani
1872 2115 2019 2146 autem

630 2182 909 2246 proiecerunt
944 2180 1095 2242 ignem
1129 2178 1253 2239 super
1287 2176 1418 2222 scalas
1453 2175 1610 2236 easque
1635 2171 1763 2220 valde
1800 2188 2018 2217 cremave-

632 2270 742 2298 runt.
769 2250 909 2314 OOEOd
929 2249 1125 2296 videntes
1145 2248 1390 2305 Christiani,
1412 2246 1634 2309 plorantes
1652 2246 1698 2290 δε
1716 2260 1875 2289 terram
1895 2241 2018 2287 oscu-

630 2325 767 2370 lantes
795 2339 1051 2383 nomenque
1078 2320 1262 2366 Domini
1286 2320 1557 2375 invocantes,
1585 2314 1813 2361 dicebant:
1845 2317 2021 2360 Domine

632 2398 743 2457 Ihesu
787 2396 960 2453 Christe,
1010 2395 1078 2451 qui
1117 2392 1295 2450 liberasti
1329 2406 1409 2434 tres
1433 2405 1582 2448 pueros
1625 2389 1673 2431 de
1714 2390 1871 2430 camino
1908 2386 2021 2445 ignis
2040 2395 2060 2425 f.
2081 2396 2176 2434 ¹79b·

633 2467 672 2511 ὃ)
697 2484 764 2511 eos
790 2471 876 2528 fine
915 2464 1096 2508 incendio
1122 2464 1310 2523 servasti,
1350 2462 1474 2504 libera
1500 2459 1690 2518 famulos
1725 2458 1834 2502 Tuos
1872 2458 1919 2500 ab
1948 2459 2020 2514 zsta

626 2540 926 2599 persecucione,
967 2553 1012 2580 ne
1057 2536 1221 2594 Pagani
1246 2533 1395 2594 poffint
1429 2532 1608 2575 exultare
1642 2531 1690 2574 de
1723 2532 1851 2589 nostra
1880 2528 2021 2588 perdi-

633 2612 773 2655 cione!

700 2679 857 2724 XXXI.
898 2677 1095 2723 Monstro
1121 2691 1268 2721 autem
1298 2674 1416 2719 faesio
1441 2673 1484 2718 in
1509 2672 1697 2728 civitate,
1722 2669 1904 2732 septima
1926 2667 2021 2714 vice

635 2751 753 2797 venit
779 2748 982 2795 soldanus
1008 2764 1110 2792 cum
1135 2743 1466 2798 manurrobusta
1491 2745 1536 2788 &
1554 2740 1732 2789 volebat
1755 2742 1914 2786 intrare
1938 2738 2022 2784 fos-
