2216 3435
637 124 700 188 46
1029 137 1204 170 PAULA
1230 137 1259 169 δε
1289 136 1621 170 EUSTOCHIUM

640 281 830 329 rantibus
856 280 1088 328 reddamus
1105 282 1261 340 vicem,
1280 280 1337 327 ad
1356 280 1558 344 superbas
1578 282 1690 329 fores
1719 285 1938 348 pergimus
1960 288 2020 344 &,

640 357 749 401 inter
772 354 942 419 linguas
973 353 1222 400 rodentium
1249 353 1556 414 ministrorum,
1587 356 1728 418 postes
1754 356 2023 420 ingredimur

641 443 825 474 auratos.

704 500 774 546 VI.
813 502 857 544 In
882 498 1040 544 Christi
1065 515 1184 556 vers),
1211 513 1256 543 ut
1282 498 1407 560 supra
1432 497 1634 560 diximus,
1660 500 1806 547 villula
1824 517 1916 547 tota
1940 504 2025 548 rus-

642 572 780 617 ticitas
804 572 863 629 ὃς,
899 587 1015 616 extra
1050 570 1256 632 psalmos,
1292 568 1505 617 filentium
1544 572 1615 617 est.
1656 573 1960 636 roumque
1985 592 2026 621 te

641 644 829 701 verteris,
855 658 1011 701 arator,
1037 642 1187 688 stivam
1213 658 1378 700 tenens,
1405 644 1574 690 alleluia
1607 643 1823 691 decantat.
1860 644 2027 692 Sudans

643 713 758 762 meff
754 732 803 760 or
822 714 993 777 psalmis
1013 714 1054 758 se
1078 729 1237 759 avocat
1256 715 1315 770 &,
1336 731 1466 760 curva
1487 714 1725 761 attondens
1744 717 1877 763 vitem
1903 716 2027 776 falce,

643 788 803 834 vinitor
829 784 994 848 aliquid
1023 784 1289 831 Davidicum
1314 785 1441 832 canit.
1481 787 1578 833 Hec
1616 788 1712 833 sunt
1747 789 1791 833 in
1819 787 1902 833 hac
1926 805 2028 850 pro-

642 860 785 906 vincia
803 859 1012 916 carmina,
1026 857 1094 915 he,
1106 873 1151 901 ut
1166 857 1300 920 vulgo
1321 856 1490 916 dicitur,
1507 860 1719 905 amatorie
1739 860 2028 918 cantationes,

643 931 713 976 hic
737 930 960 993 pastorum
986 926 1140 987 sibilus,
1169 928 1250 973 hec
1274 946 1396 974 arma
1421 929 1597 976 culture.
1622 931 1790 976 Verum
1815 930 1918 993 quid
1938 933 2029 996 agi-

644 1019 755 1061 mus,
781 1018 863 1047 nec
893 999 999 1062 quid
1026 998 1180 1045 deceat
1204 1001 1463 1063 cogitantes,
1489 1001 1630 1047 solum
1661 1001 1783 1064 quod
1818 1003 2032 1065 cupimus,

645 1074 732 1119 hoc
755 1072 966 1121 videmus

709 1146 797 1192 VII.
835 1146 880 1192 O
910 1144 1092 1208 quando
1122 1144 1229 1191 illud
1254 1160 1425 1208 tempus
1450 1144 1669 1204 adveniet,
1698 1162 1835 1207 quum
1853 1146 2033 1193 anhelus

647 1219 857 1264 nuncium
876 1219 1018 1263 viator
1037 1233 1256 1280 apportet,
1280 1217 1531 1263 Marcellam
1549 1217 1743 1263 nostram
1761 1217 1819 1263 ad
1832 1218 2035 1266 Palestine

646 1292 762 1338 littus
782 1289 1023 1353 appulsam,
1043 1292 1088 1335 ὃς
1106 1291 1188 1335 toti
1207 1290 1532 1335 monachorum
1549 1289 1686 1348 chori,
1708 1305 1801 1336 tota
1814 1290 2035 1354 virginum

648 1363 827 1427 agmina
850 1360 1213 1425 concrepabunt?
1251 1360 1448 1408 Obviam
1467 1362 1645 1408 iamiam
1661 1362 1865 1426 gestimus
1885 1378 2036 1408 occur-

650 1453 740 1481 rere
764 1437 824 1492 &,
851 1451 943 1480 non
962 1435 1210 1498 exspestato
1230 1433 1449 1492 vehicuIO,
1471 1434 1698 1479 concitum
1717 1432 1902 1496 pedibus
1928 1434 2037 1480 ferre

651 1524 823 1570 corpuS.
861 1504 1127 1552 Tenebimus
1147 1523 1317 1565 manus,
1339 1523 1415 1551 ora
1438 1522 1664 1552 cernemus
1683 1507 1728 1551 ὃς
1749 1523 1774 1550 a
1799 1503 2040 1551 desiderato

652 1578 723 1624 vix
755 1578 992 1626 avellemur
1024 1579 1244 1642 amplexu.
1286 1578 1456 1642 Ergone
1494 1578 1574 1623 erit
1607 1576 1677 1622 ille
1713 1574 1818 1636 dies,
1856 1574 2038 1639 quando

654 1648 781 1697 nobis
815 1651 943 1696 liceat
974 1650 1226 1713 speluncam
1262 1649 1485 1695 salvatoris
1521 1649 1718 1694 intrare?
1762 1647 1807 1692 in
1842 1647 2041 1710 sepulcro

656 1721 841 1767 Domini
858 1720 959 1768 flere
979 1740 1081 1769 cum
1101 1722 1261 1778 sorore,
1280 1719 1383 1766 flere
1407 1736 1509 1766 cum
1528 1735 1666 1764 matre
1685 1721 1700 1764 ?
1727 1718 1864 1764 crucis
1884 1717 2045 1764 deinde

656 1791 847 1839 lambere
876 1794 1048 1858 lignum
1080 1796 1125 1839 &
1159 1795 1203 1838 in
1235 1792 1402 1839 Oliveti
1438 1808 1608 1850 monte,
1645 1809 1748 1837 cum
1783 1789 2044 1836 ascendente

660 1867 877 1925 Domino,
901 1882 1009 1912 voto
1035 1867 1079 1911 ὅ(
1099 1865 1249 1911 animo
1270 1862 1481 1911 sublevari
1499 1867 1515 1910 ?
1540 1863 1688 1911 videre
1709 1865 1821 1910 exire
1838 1864 2046 1909 Lazarum

662 1938 801 1983 fasciis
826 1937 1101 2001 colligatum,
1127 1938 1173 1982 ὅς
1197 1935 1360 1982 fluenta
1394 1935 1587 1982 Iordanis
1618 1935 1675 1981 ad
1705 1936 1930 1982 lavacrum
1954 1935 2047 1979 Do-

663 2010 770 2055 mini
786 2010 964 2073 puriora
980 2013 995 2055 ?
1021 2008 1124 2055 inde
1144 2008 1200 2055 ad
1217 2009 1439 2073 pastorum
1458 2008 1602 2054 caulas
1620 2025 1818 2072 pergere,
1837 2007 1882 2052 in
1902 2003 2049 2051 David

664 2099 787 2127 orare
814 2081 1074 2127 mausoleo?
1111 2083 1252 2127 Amos
1277 2080 1542 2144 prophetam
1566 2081 1698 2125 etiam
1723 2096 1840 2125 nunc
1863 2076 2051 2124 buccina

664 2152 866 2215 pastorali
877 2154 920 2198 in
931 2153 1004 2198 sua
1015 2152 1270 2215 conspicere
1284 2169 1390 2215 rupe
1403 2152 1714 2215 plangentem?
1735 2149 1791 2196 ad
1808 2148 2048 2207 Abraham,

667 2224 778 2269 Isaac
801 2226 846 2269 &
878 2222 1022 2284 Iacob,
1058 2224 1188 2269 trium
1221 2240 1399 2286 quoque
1432 2223 1657 2269 illustrium
1691 2222 1955 2268 feminarum
1983 2219 2053 2267 vel

665 2294 942 2341 tabernacula
966 2313 1201 2359 properare
1226 2295 1296 2342 vel
1315 2296 1552 2340 memorias
1572 2297 1588 2340 ?
1624 2293 1772 2341 videre
1799 2294 1987 2350 fontem,
2008 2292 2052 2337 in

666 2384 755 2430 quo
780 2385 805 2413 a
823 2367 1021 2430 Philippo
1042 2367 1265 2413 eunuchus
1290 2367 1349 2413 est
1367 2368 1524 2412 uncins
1542 2369 1558 2411 ?
1594 2367 1832 2412 Samariam
1850 2381 2048 2428 pergere,

664 2443 709 2486 ὃς
732 2439 933 2485 Iohannis
951 2440 1148 2502 Baptiste,
1165 2439 1279 2485 Elisei
1299 2456 1479 2502 quoque
1493 2441 1538 2484 ὃς
1556 2436 1699 2484 Abdie
1712 2437 1872 2501 pariter
1885 2436 2049 2482 cineres

664 2510 880 2557 adorare?
916 2510 1089 2574 ingredi
1115 2511 1356 2574 speluncas,
1388 2511 1433 2555 in
1465 2508 1636 2572 quibus,
1672 2509 1980 2571 persecutionis
2006 2509 2051 2553 ὃς

666 2583 792 2628 famis
817 2599 1032 2645 tempore,
1058 2582 1376 2646 prophetarum
1399 2582 1581 2644 agmina
1605 2581 1703 2625 sunt
1727 2581 1886 2626 nutrita
1906 2582 1922 2624 ?

728 2655 834 2701 VIII.
872 2653 1030 2700 Ibimus
1064 2654 1121 2700 ad
1155 2654 1371 2702 Nazareth
1394 2654 1454 2711 &,
1490 2654 1608 2699 iuxta
1641 2651 2048 2715 interpretationem

666 2726 856 2773 nominis
869 2727 971 2784 eius,
983 2725 1140 2772 florem
1155 2724 1398 2772 videbimus
1414 2725 1598 2770 Galilee.
1629 2722 1761 2769 Haud
1777 2722 1933 2787 procul
1944 2719 2047 2767 inde
