2216 3435
549 189 607 250 38
1166 198 1335 232 GESTA

391 354 467 385 1218
546 345 913 393 mittebat.Naves
928 347 1075 408 itaque
1090 345 1149 390 sui
1166 343 1449 407 gubernaculi
1470 345 1591 391 freno
1616 361 1808 391 carentes
1828 362 1929 391 cum

525 427 528 431 ’
544 417 747 481 procellis
766 434 886 480 rapte
906 419 1001 463 sunt
1017 419 1061 463 ἃ
1081 416 1136 462 ad
1153 415 1341 462 diversos
1360 433 1510 479 portus
1526 416 1772 478 querendos
1793 417 1928 480 longe

542 489 716 551 lateque
747 488 842 535 sunt
867 489 1064 551 disperse.
1107 490 1165 533 At
1200 503 1346 533 tamen
1373 488 1611 534 Nuffienses
1637 506 1739 534 cum
1780 490 1928 551 paucis

542 559 724 607 navibus
745 561 800 606 ad
816 561 1105 607 vocacionem
1123 559 1299 621 patroni
1318 559 1377 603 sui
1397 557 1511 604 beati
1532 560 1707 622 Quirini
1722 560 1926 606 aliorum—

542 649 628 694 que
653 632 901 678 1'ant0torum
925 633 1181 689 interventu,
1212 630 1332 693 apud
1357 630 1541 675 insulam
1565 648 1705 693 prope
1725 632 1927 677 Minorke

540 704 789 767 Kiporoure
809 713 818 732 ¹
840 702 1017 760 diciam,
1036 703 1252 748 Saraceno
1279 702 1562 760 monstrante,
1583 719 1717 763 quem
1745 703 1927 764 quidam
1948 718 2000 755 v.,
2014 717 2058 758 f.5
2076 729 2158 755 v·1,c.
2214 727 2216 744 :

344 791 439 831 Aprii.
456 800 500 830 13.
542 774 817 821 detinuerant
834 774 1075 836 captivum,
1100 790 1280 836 portum
1298 774 1340 817 in
1362 773 1588 819 parasceve
1610 773 1788 819 feliciter
1807 773 1925 820 adie-

542 864 651 893 runt.
673 847 981 909 Confugerant
1006 862 1152 891 autem
1171 861 1435 890 mercatores
1455 843 1511 890 ad
1530 844 1723 890 eundem
1750 862 1927 907 portum

345 927 502 967 must-15·
543 918 602 965 ob
629 917 817 964 eandem
842 918 1029 974 caulam,
1067 918 1141 978 qui
1168 915 1399 961 nobiscum
1432 917 1476 961 in
1509 916 1578 961 die
1603 916 1755 962 Pasche
1792 917 1926 963 sacra-

544 991 699 1037 tiffimo
739 990 954 1036 christiani
989 990 1168 1052 corpori
1207 991 1253 1034 &
1291 989 1489 1052 sanguini
1526 990 1923 1035 communicarunt.

345 1076 429 1116 April
459 1076 504 1106 16.
543 1061 740 1108 Secunda
762 1063 878 1119 feria,
898 1060 1150 1107 ducloribus
1169 1059 1221 1106 ab
1242 1060 1405 1106 eisdem
1423 1061 1627 1122 acceptiS,
1649 1059 1810 1123 gressus
1830 1062 1927 1107 nos-

545 1150 632 1180 tros
656 1134 798 1180 versus
824 1131 1061 1179 Messanam
1086 1133 1175 1179 leto
1201 1131 1315 1196 pede
1340 1130 1586 1189 direximus,
1624 1133 1929 1195 venientesque
1949 1150 1994 1187 B.‚
2011 1161 2035 1190 ρ.
2052 1159 2124 1187 227,
2139 1160 2164 1178 e.

542 1222 684 1268 prope
719 1205 909 1251 Siciliam
943 1204 1089 1251 divina
1112 1205 1318 1267 potencia
1361 1205 1490 1249 totius
1522 1202 1630 1249 boni
1664 1204 1804 1263 causa,
1844 1221 1929 1266 que

540 1279 628 1323 iam
653 1294 733 1322 nos
764 1294 975 1338 aquarum
1005 1279 1050 1322 &
1079 1277 1186 1322 aeris
1211 1277 1527 1321 commocione
1564 1273 1790 1320 tribulatos
1825 1293 1930 1339 pro-

542 1348 734 1406 baverat,
762 1349 858 1394 suos
883 1347 1026 1395 adhuc
1050 1349 1153 1413 igne
1178 1349 1385 1411 castigare
1410 1345 1703 1409 disponebat3
1728 1349 1931 1410 proxima

340 1431 433 1471 April·
452 1441 501 1471 23·
542 1438 735 1483 namque
757 1424 886 1466 nodie
912 1421 1007 1482 post
1041 1424 1217 1466 oclavas
1254 1420 1405 1465 Pasche
1433 1420 1764 1465 coruscaciones
1788 1418 1929 1464 subito

540 1494 666 1556 super
690 1510 771 1539 nos
790 1508 883 1537 orte
902 1493 1011 1551 sunt,
1030 1494 1075 1537 ὃς
1094 1509 1195 1538 ecce
1220 1493 1402 1537 tonitrus
1420 1493 1464 1537 in
1485 1493 1594 1538 sono
1614 1509 1665 1537 ac
1684 1507 1809 1537 motu
1828 1507 1928 1536 acu-

543 1565 717 1611 tissimus
743 1581 896 1609 omnes
922 1564 1088 1610 nostros
1114 1566 1157 1610 in
1191 1562 1367 1610 extafim
1393 1565 1549 1626 rapuit,
1574 1565 1619 1609 ὃς
1647 1563 1792 1624 aliqui,
1818 1580 1928 1625 quos

542 1635 714 1684 deditos
760 1636 917 1681 somno
973 1635 1250 1697 putabamus,
1303 1636 1347 1680 in
1394 1636 1595 1681 Domino
1641 1634 1928 1692 dormierunt,

541 1708 666 1754 multi
690 1709 830 1753 eciam
853 1725 904 1754 ex
930 1707 1163 1753 fulminum
1188 1706 1426 1753 ustionibus
1451 1707 1671 1753 cicatrices
1696 1708 1739 1752 in
1756 1724 1927 1752 memo-

539 1780 626 1826 rale
653 1781 898 1843 perenniter
922 1795 1167 1826 tenuerunt.

827 1941 883 1985 V.
912 1944 979 1985 'De
1003 1943 1261 2001 expedicione
1288 1942 1341 1984 ad
1367 1944 1622 1985 Damiatam.

605 2068 739 2111 Anno
775 2066 919 2129 gracie
954 2063 1181 2110 millesimo
1217 2062 1515 2110 ducentesimo
1552 2067 1711 2109 ottavo
1750 2062 1924 2109 decimo

539 2155 770 2203 coggones
799 2136 1138 2182 innumerabiles
1174 2135 1229 2182 ad
1254 2152 1433 2198 portum
1454 2135 1763 2181 Achonensem
1786 2135 1924 2198 appli-

539 2227 735 2269 cuerunt,
761 2208 847 2255 line
870 2206 1026 2272 quibus
1051 2225 1143 2255 non
1168 2206 1429 2271 expediebat
1461 2207 1696 2253 exercitum
1719 2206 1923 2252 navalem

538 2283 583 2326 in
608 2281 824 2345 Egyptum
848 2280 1045 2346 dirigere.
1071 2281 1159 2326 Rex
1184 2282 1229 2326 ὃς
1247 2280 1490 2342 patriarcha
1509 2295 1611 2323 cum
1632 2277 1740 2323 flore
1759 2280 1924 2325 Austrie

540 2352 908 2416 hospitalibusque
921 2356 967 2399 ὅ(
985 2353 1221 2415 templariis
1239 2349 1417 2396 confilio
1433 2352 1611 2413 Spiritus
1627 2351 1771 2396 Sancti
1791 2367 1919 2414 expe·
1943 2365 1996 2402 V.,
2009 2363 2031 2394 f.
2043 2373 2058 2404 5
2074 2367 2117 2401 vo,
2141 2374 2203 2394 αι.

541 2424 766 2471 dicionem
789 2427 833 2470 in
851 2424 1152 2484 Babyloniam,
1177 2422 1263 2469 fide
1283 2421 1548 2485 interposita,
1573 2438 1803 2482 voverunt,
1828 2439 1923 2485 pre·
2204 2436 2206 2443 ’

540 2496 723 2561 figentes
745 2498 998 2561 peregrinis,
1021 2497 1095 2559 qui
1120 2495 1311 2559 pericula
1325 2495 1453 2539 maris
1467 2494 1636 2558 plenius
1652 2495 1814 2557 experti
1829 2495 1924 2539 sunt

540 2569 750 2627 itineri3,2
780 2566 950 2614 labores
979 2569 1024 2613 in
1049 2567 1399 2614 exaltacionem3
1425 2566 1572 2612 sancste
1612 2566 1761 2612 crucis.
1795 2563 1925 2612 Unde

594 2684 605 2703 1
635 2673 670 2705 V.
692 2672 827 2716 Biporo.
849 2691 892 2696 ——
914 2686 931 2704 2
953 2671 1191 2705 Codd..·iterini
1277 2671 1389 2716 cione)
1418 2673 1447 2705 S.
1474 2670 1602 2705 Crucis.
1628 2690 1671 2694 ——
1703 2682 1717 2712 3
1746 2671 1783 2703 V.
1810 2680 1924 2715 quum.

542 2726 664 2761 laboris
703 2726 944 2759 exaltacionem
975 2725 1033 2769 (V.
1068 2724 1191 2758 exalta-
