2216 3435
383 225 449 257 DE
483 224 620 257 LOCIS
654 223 1042 257 TRANSMARINIS
1083 224 1262 258 SACRIS.
1422 226 1507 277 137

137 372 224 406 stetit
242 371 421 405 Dominus
448 371 592 416 quando
622 383 640 402 a
658 370 792 415 populo
809 371 1000 404 Iudeorum
1034 379 1072 404 ut
1090 371 1354 416 crucifigeretur
1373 373 1510 406 adiudi-

136 434 234 459 catus
260 424 314 458 est.
346 424 432 457 Inde
459 424 618 457 venimus
650 424 693 456 ad
711 435 826 457 aream
846 424 908 457 ubi
927 424 994 457 fuit
1013 424 1208 469 antiquitus
1230 433 1331 469 porta
1349 425 1509 460 civitatis.

135 479 189 513 Ibi
219 479 297 512 sunt
316 489 406 522 aque
434 476 572 521 putride
598 475 658 509 ubi
690 476 807 509 missus
835 476 880 510 est
897 477 1086 510 Iheremias
1104 477 1285 522 propheta.
1313 479 1410 511 Infra
1428 479 1511 512 civi-

134 540 241 566 tatem
260 531 444 564 Ierusalem
470 529 515 562 est
539 529 690 562 inclusus
712 529 790 562 fons
810 529 913 571 Siloe‚
932 530 1016 574 quia
1033 531 1201 564 Eudoxia
1220 531 1396 576 Augusta,
1422 544 1511 565 uxor

133 585 310 618 Iustiniani
333 585 565 629 imperatoris,
592 583 725 617 addidit
753 595 872 617 muros
897 583 1083 617 Ierusalem
1116 584 1236 629 &ipsa
1255 585 1405 618 munivit
1428 586 1511 619 basi-

133 638 237 672 licam
257 639 370 672 Sane'ti
392 638 557 683 Stephani
575 640 607 672 &
635 637 835 682 composuit
853 637 1049 682 sepulcrum
1077 638 1175 671 suum
1197 637 1294 671 iuxta
1312 639 1509 684 sepulcrum

133 692 237 726 saneti
257 692 436 738 Stephani,
461 703 603 737 unaque
622 699 724 736 porta
742 691 891 724 civitatis
913 704 953 724 ex
976 691 1120 724 nomine
1139 691 1239 737 ipfius
1266 693 1427 738 martyris
1450 705 1512 726 vo-

133 753 244 787 catur,
272 747 304 779 &
331 746 377 779 est
401 746 445 778 ad
472 745 564 779 viam
595 757 663 790 que
689 744 827 789 respicit
855 745 899 777 ad
927 744 1146 778 occidentem
1178 757 1247 790 que
1271 745 1448 779 descendit
1467 747 1511 780 ad

136 801 272 844 Ioppen
291 800 323 832 δε
343 800 525 833 Cesaream
546 798 754 831 Palestinam
774 798 826 831 vel
845 798 888 831 ad
907 797 1106 842 Diospolin]
1128 798 1317 841 civitatem,
1337 812 1405 844 que
1422 800 1511 833 anti-

133 852 252 897 quitus
280 853 462 885 dicebatur
480 853 633 894 Azotus,
660 851 696 884 in
716 864 786 896 qua
804 851 989 895 requiescit
1006 852 1140 884 sanetus
1160 851 1339 895 Georgius
1367 861 1508 899 martyr.

134 907 176 939 In
195 906 265 951 ipsa
282 906 349 948 via,
369 917 439 939 non
465 905 571 950 longe
590 918 609 938 a
628 905 778 947 civitate,
798 904 858 937 stat
878 904 1071 949 columpna
1091 916 1288 938 marmorea
1314 918 1382 950 que
1402 907 1510 951 prius-

138 972 244 1004 quam
278 959 457 992 Dominus
495 959 680 992 duceretur
712 959 756 991 ad
786 958 1051 1002 flagellandum,
1081 957 1221 1002 fugiens
1246 958 1359 992 levata
1393 960 1437 992 est
1467 961 1510 994 ad

137 1013 248 1046 nubes
276 1013 308 1046 &
328 1012 486 1057 disposita
512 1012 546 1045 in
575 1012 699 1045 eodem
729 1011 822 1053 loco,
854 1023 922 1056 que
951 1023 1020 1044 non
1054 1011 1158 1044 habet
1188 1011 1306 1052 bafim,
1337 1013 1385 1045 set
1413 1014 1513 1059 super

133 1074 260 1100 terram
282 1066 445 1111 agitatur.
462 1065 733 1099 Revertentibus
754 1065 855 1099 nobis
879 1065 914 1098 in
934 1065 1124 1108 civitatem,
1137 1067 1297 1100 venimus
1317 1067 1359 1100 ad
1378 1067 1511 1100 Proba-

131 1121 239 1155 ticam
271 1120 452 1166 piscinam,
478 1119 574 1153 iuxta
605 1132 709 1165 quam
742 1119 786 1152 est
812 1119 948 1152 bafilica
968 1121 1089 1154 Sanfie
1117 1120 1247 1163 Marie,
1269 1120 1329 1154 ubi
1355 1121 1399 1154 est
1418 1129 1510 1154 nata.

130 1175 270 1209 Deinde
288 1181 472 1219 pergentes
496 1173 691 1215 Bethleem,
713 1173 910 1206 invenimus
928 1173 1125 1218 sepulcrum
1146 1174 1293 1216 Rachel,
1315 1174 1425 1208 tercio
1445 1174 1511 1208 mi-

130 1229 229 1262 liario
254 1228 297 1261 ab
322 1227 518 1260 Ierusalem.
546 1228 586 1259 In
615 1226 684 1271 ipsa
712 1226 828 1259 media
855 1227 909 1260 via
930 1226 1128 1260 invenimus
1153 1228 1289 1261 fontem
1319 1229 1350 1261 δε
1386 1228 1512 1261 dicunt

131 1283 228 1328 quod
255 1282 394 1326 fugiens
421 1280 455 1313 in
481 1282 665 1325 Egyptum
699 1280 811 1313 saneta
844 1280 962 1313 Maria
990 1279 1038 1313 ibi
1070 1281 1191 1314 sederit
1222 1293 1304 1314 cum
1336 1293 1446 1325 puero
1480 1283 1512 1315 δε

129 1336 241 1370 fitiens
268 1334 379 1368 oravit
406 1335 438 1367 δε
465 1332 636 1366 continuo
661 1332 731 1377 ipsa
758 1345 851 1378 aqua
875 1332 1062 1365 emanavit.
1087 1334 1172 1366 Inde
1200 1334 1308 1378 usque
1327 1334 1509 1368 Bethleem

130 1390 209 1423 sunt
227 1387 365 1431 miliarij
385 1395 462 1420 treS.
480 1386 662 1420 Bethleem
679 1386 780 1420 locus
798 1386 1102 1431 splendidissimus,
1123 1387 1205 1432 quia
1222 1387 1269 1420 ibi
1286 1387 1330 1420 est
1348 1387 1512 1432 spelunca

130 1443 191 1477 ubi
219 1450 322 1475 natus
341 1440 386 1474 est
407 1440 597 1474 Dominus.
622 1439 677 1472 Ibi
701 1440 914 1481 IeronimuS,
934 1440 1096 1484 presbiter
1113 1441 1235 1474 doftor
1253 1441 1442 1486 preclarus,
1463 1443 1511 1475 ob

131 1495 357 1530 devotionem
388 1493 586 1534 salvatoris,
614 1500 889 1527 monumentum
921 1493 979 1526 fibi
1010 1494 1220 1538 composuit.
1248 1496 1286 1527 In
1306 1495 1511 1528 suburbano

131 1549 282 1583 eiusdem
303 1547 487 1581 Bethleem
516 1546 667 1580 miliario
697 1547 815 1580 medio
845 1547 936 1580 iacet
954 1547 1070 1581 David
1096 1547 1132 1580 in
1162 1548 1320 1593 sepulcro
1345 1550 1376 1581 Sc
1395 1549 1513 1594 appel-

129 1600 221 1634 latur
249 1600 348 1634 locus
376 1600 433 1633 ille
462 1600 601 1634 bafilica
627 1600 740 1634 Sanffl
763 1600 890 1633 David.
924 1602 981 1634 Set
1013 1602 1044 1634 δε
1072 1601 1236 1643 infantes,
1263 1614 1352 1647 quos
1381 1602 1514 1635 occidit

129 1654 304 1695 Herodes,
328 1653 363 1686 in
390 1653 464 1699 ipso
494 1654 574 1687 loco
600 1654 731 1687 habent
750 1654 907 1699 sepulcra
925 1655 956 1687 δι
974 1654 1009 1687 in
1029 1667 1100 1688 una
1113 1654 1336 1699 requiescunt
1356 1656 1510 1689 ecclesia.

130 1707 186 1740 De
216 1706 400 1740 Bethleem
437 1708 548 1752 usque
583 1708 626 1741 ad
660 1707 778 1741 ilicem
814 1708 980 1741 Mambre
1015 1708 1092 1741 sunt
1123 1708 1260 1752 miliarij
1292 1709 1433 1753 xxiiijor.
1470 1712 1510 1743 In

131 1771 203 1804 quo
232 1759 312 1792 loco
341 1759 565 1804 requiescunt
592 1760 793 1802 Abraham,
818 1761 933 1794 Ysaac
964 1761 996 1794 &
1028 1762 1138 1794 Iacob
1169 1763 1201 1795 &
1230 1762 1366 1807 primus
1398 1764 1508 1796 homo

130 1813 265 1846 Adam.
289 1813 381 1846 Nam
408 1813 574 1858 depositio
602 1814 712 1847 Iacob
739 1815 769 1846 δε
788 1813 905 1847 David
932 1814 966 1847 in
994 1815 1137 1859 regione
1155 1815 1215 1848 illa
1237 1816 1345 1849 tercio
1366 1816 1421 1849 die
1440 1817 1514 1862 post

131 1865 257 1898 Natale
284 1865 433 1899 Domini
468 1867 511 1899 ab
551 1866 717 1900 omnibus
747 1867 962 1900 devotiffime
1000 1868 1205 1901 celebratur.
1238 1869 1293 1901 De
1328 1870 1512 1903 Ierusalem

134 1919 381 1952 descendentes
399 1919 442 1952 ad
461 1919 552 1953 viam
573 1932 641 1965 que
662 1920 757 1953 vadit
776 1920 818 1953 ad
842 1922 977 1954 Gazam
1005 1921 1037 1954 δι
1059 1921 1231 1963 Ascalon,
1254 1922 1406 1956 miliario
1423 1923 1514 1957 vice-

130 1973 214 2006 fimo
253 1971 411 2005 venimus
437 1972 471 2005 in
499 1980 656 2005 montem
680 1973 833 2014 Gelboe‚
860 1972 920 2005 ubi
950 1973 1084 2006 occisus
1111 1973 1156 2007 est
1180 1974 1271 2007 Saul.
1294 1974 1384 2008 Illuc
1405 1987 1514 2021 prope

133 2024 224 2058 iacet
244 2026 376 2059 Goliad
402 2026 436 2059 in
465 2026 581 2060 media
607 2026 673 2068 via,
698 2038 861 2059 acervum
883 2025 1039 2070 ligneum
1069 2026 1109 2059 ad
1131 2028 1244 2071 capud
1262 2027 1348 2070 eius,
1367 2030 1399 2062 <Sc
1417 2030 1516 2074 super

131 2091 210 2111 eum
243 2078 288 2112 est
322 2080 504 2124 congeries
535 2092 665 2124 magna
694 2087 883 2124 petrarum.
915 2079 1054 2112 Deinde
1086 2079 1247 2113 venimus
1276 2081 1310 2114 in
1337 2082 1511 2116 civitatem

130 2144 199 2176 que
218 2132 348 2166 dicitur
366 2133 663 2178 Heleuteropolis‚
689 2133 749 2166 ubi
770 2133 911 2166 Samson
932 2132 1135 2166 fortiffimus
1155 2144 1235 2166 cum
1266 2135 1409 2168 maxilla
1434 2136 1512 2169 afini

131 2184 262 2218 occidit
287 2184 384 2219 mille
416 2185 516 2219 viros.
541 2187 596 2218 Ex
621 2199 692 2231 qua
722 2185 877 2227 maxilla,
903 2185 976 2230 ipso
1005 2195 1137 2227 orante,
1156 2199 1247 2230 aqua
1267 2188 1444 2232 profluxit,
1483 2189 1514 2221 ἃ

131 2236 200 2282 ipse
219 2237 298 2271 fons
317 2238 396 2272 loca
416 2238 487 2284 ipsa
504 2239 612 2284 usque
631 2238 664 2272 in
686 2238 895 2272 hodiernum
915 2238 1006 2272 diem
1029 2238 1158 2283 irrigat.
1188 2240 1274 2273 Inde
1294 2240 1453 2274 venimus
1472 2241 1514 2274 ad

131 2289 250 2324 locum
280 2291 339 2324 ubi
363 2291 465 2324 Isaias
491 2292 663 2336 propheta
688 2292 730 2325 de
756 2292 843 2325 serra
869 2291 987 2336 lignea
1010 2292 1167 2325 set-catus
1195 2293 1239 2325 est
1257 2293 1288 2326 &
1314 2293 1444 2327 ibidem
1466 2306 1515 2327 re-

133 2343 279 2388 quiescit
293 2345 354 2378 sub
375 2357 506 2390 quercu
524 2345 655 2390 Rogel,
673 2345 769 2378 iuxta
784 2345 968 2379 decursum
993 2357 1178 2390 aquarum.
1199 2346 1337 2380 Exinde
1356 2347 1515 2381 venimus

131 2396 166 2429 in
194 2396 314 2430 locum
345 2397 405 2430 ubi
425 2398 580 2432 Abacuc
604 2398 776 2443 propheta
803 2398 936 2432 ferebat
964 2398 1149 2444 prandium
1183 2398 1400 2442 messoribus,
1420 2400 1515 2433 iuxta

134 2462 239 2494 quem
266 2450 386 2484 locum
415 2451 523 2495 surgit
547 2451 627 2484 fons
649 2451 684 2484 in
705 2464 776 2496 quo
796 2451 994 2497 Phillippus
1014 2450 1203 2497 baptizavit
1227 2453 1446 2486 eunuchum.
1476 2456 1515 2487 In

132 2502 207 2548 ipsis
239 2503 326 2537 locis
361 2504 438 2537 sunt
467 2504 576 2549 putei,
603 2516 693 2549 quos
723 2505 889 2538 foderunt
918 2505 1118 2547 Abraham,
1148 2505 1262 2540 Ysaac
1289 2507 1321 2539 δι
1349 2508 1458 2540 Iacob
1488 2508 1518 2540 Sc

138 2556 402 2601 appellaverunt
422 2556 686 2602 Calumpniam.
714 2557 799 2591 Inde
829 2557 989 2591 venimus
1009 2557 1183 2602 Serapium
1204 2559 1236 2591 &
1261 2558 1340 2591 inde
1359 2559 1519 2592 venimus

137 2610 360 2652 Mammam,
375 2610 409 2643 in
427 2623 496 2655 qua
513 2610 696 2656 requiescit
710 2611 844 2644 sanetus
858 2611 980 2645 vietor
996 2619 1136 2656 martyr.
1158 2611 1213 2645 De
1226 2613 1397 2645 Mazoma
1413 2613 1520 2658 usque

138 2663 236 2696 Gaza
257 2663 361 2696 habet
382 2662 585 2696 miliarium.
614 2663 752 2696 Deinde
785 2672 976 2706 moventeS,
1005 2672 1042 2697 ut
1067 2664 1332 2698 ascenderemus
1358 2674 1516 2699 montem

136 2713 230 2756 Sina,
258 2715 479 2760 susceperunt
511 2727 573 2749 nos
610 2715 774 2749 monachi
807 2728 847 2750 ex
878 2716 1002 2750 eodem
1035 2724 1155 2749 monte
1187 2717 1219 2750 &
1247 2717 1515 2751 introduxerunt

1344 2795 1382 2826 18
