2216 3435
705 150 790 195 ¹70
1250 150 1512 184 ARCULFUS

689 330 745 372 lll.
784 331 850 373 ‘De
877 330 952 373 illa
968 347 1085 389 petra
1113 347 1221 374 extra
1251 348 1400 374 murum
1415 336 1507 392 fita,
1529 333 1658 391 super
1683 351 1797 392 quani
1824 352 1925 392 aqua
1944 338 2078 394 prime

894 402 1113 446 lavationis
1138 405 1344 462 ei115,p0st
1368 407 1635 461 nativitatem,
1663 407 1786 465 effusa
1811 409 1877 464 est.

751 507 818 552 De
832 507 903 552 illa
919 524 1039 570 petra
1050 524 1167 553 extra
1182 525 1354 552 murum
1370 507 1522 570 pofita,
1536 509 1658 571 super
1667 526 1801 571 quam
1811 526 1925 571 aqua
1935 510 2076 572 prime

685 578 780 639 post
805 581 1075 626 nativitatem
1111 579 1322 625 dominici
1354 578 1589 626 ablutionis
1615 581 1858 643 corpusculi
1883 580 1938 626 de
1967 582 2078 626 muri

685 651 929 696 summitate
962 652 1188 709 inclinato,
1226 653 1268 696 in
1299 669 1390 713 quo
1415 651 1547 697 effusa
1572 652 1649 711 est,
1674 653 1865 711 vasculo,
1892 650 2078 698 breviter

686 722 1133 769 commemorandum
1172 723 1336 769 estimo.
1377 724 1480 787 Qe
1520 724 1623 769 sacri
1663 724 1823 770 lavacri
1867 741 1981 786 aqua
2022 723 2076 769 de

683 812 810 840 muro
848 794 979 840 effusa
1019 796 1062 840 in
1102 811 1225 858 petra
1260 795 1434 840 inferius
1474 796 1641 841 iacente
1679 794 1794 857 quasi
1834 794 2075 857 quamdam

682 883 835 912 natura
878 883 1080 912 cavatam
1117 868 1281 913 invenit
1313 865 1495 913 foffam:
1529 884 1614 929 que
1647 866 1802 913 eadem
1833 866 1998 912 undula
2029 869 2072 912 in

682 939 827 1000 primo
850 937 1079 984 dominico
1099 938 1262 1001 repleta
1282 938 1495 996 natalitio,
1516 956 1567 984 ex
1586 937 1748 984 eodem
1768 938 1837 984 die
1853 938 1910 984 ad
1930 938 2074 984 nostra

682 1010 815 1072 usque
843 1026 1045 1073 tempora
1069 1028 1147 1073 per
1171 1010 1332 1055 multos
1358 1009 1604 1055 seculorum
1629 1011 1828 1056 circuitus
1855 1009 2074 1072 purissima

681 1081 812 1143 plena
840 1083 1101 1128 monstratur
1124 1081 1321 1145 lympha,
1347 1080 1432 1127 fine
1462 1082 1549 1128 ulla
1575 1081 1825 1128 defefflone
1849 1082 1918 1128 vel
1945 1080 2072 1127 dimi-

682 1154 877 1212 nutione,
903 1154 1049 1199 nostro
1070 1154 1291 1200 Salvatore
1316 1153 1402 1199 hoc
1429 1154 1689 1199 miraculum
1710 1172 1735 1199 a
1753 1152 1822 1199 die
1841 1154 2074 1200 nativitatis

679 1224 750 1270 sue
774 1242 1028 1289 peragente,
1059 1224 1113 1271 de
1140 1243 1229 1288 quo
1262 1225 1477 1288 propheta
1498 1227 1632 1272 canit:
1662 1228 1744 1287 Qi
1765 1228 1899 1271 eduxit
1931 1244 2073 1285 aquam

677 1298 724 1341 de
745 1315 878 1358 petra.
921 1297 966 1343 Et
996 1298 1216 1360 apostolus
1243 1298 1414 1343 Paulus:
1456 1302 1576 1344 Petra
1607 1316 1732 1343 autem
1764 1315 1850 1343 erat
1875 1300 2070 1358 Clzrzstus,

685 1370 758 1430 qui
784 1367 838 1414 de
862 1368 1080 1415 duriffima
1109 1386 1262 1415 contra
1287 1385 1488 1415 naturam
1513 1386 1635 1433 petra
1659 1370 1704 1414 in
1725 1368 1894 1415 deserto
1920 1367 2073 1414 sitienti

681 1441 852 1504 populo
902 1441 1246 1487 consolatoriam
1291 1440 1500 1504 produxit
1545 1459 1708 1503 aquam
1756 1440 1854 1487 vela
1891 1439 2070 1486 undam.

681 1510 798 1558 ldem
822 1513 912 1575 ipse
938 1513 995 1558 est
1021 1513 1104 1558 Dei
1123 1514 1253 1559 virtus
1280 1514 1325 1558 ὃς
1345 1514 1431 1558 Dei
1454 1513 1676 1576 sapientia,
1703 1514 1777 1575 qui
1802 1514 1847 1558 ὃς
1872 1511 1926 1558 de
1945 1511 2069 1558 Beth-

677 1584 924 1630 lehemitica
975 1584 1046 1630 illa
1092 1601 1215 1646 petra
1261 1601 1424 1646 aquam
1466 1582 1614 1630 eduxit
1655 1584 1830 1646 eiusque
1865 1583 2070 1630 lacunam

679 1656 859 1719 plenam
877 1657 1044 1719 semper
1062 1656 1252 1719 lymphis
1274 1656 1525 1702 conservat:
1550 1674 1685 1718 quam
1700 1656 1845 1728 noster
1868 1655 2069 1701 Arculfus

676 1728 864 1791 propriis
888 1727 1071 1791 inspexit
1096 1725 1319 1774 obtutibus
1344 1729 1389 1773 ὅ(
1413 1728 1456 1773 in
1482 1726 1639 1773 eadem
1663 1727 1822 1773 faciem
1844 1726 1959 1773 lavit.

676 1907 744 1954 lV.
782 1911 848 1952 ‘De
885 1908 971 1953 alia
1008 1909 1183 1970 ecclesia,
1221 1912 1260 1952 in
1298 1926 1373 1967 qua
1403 1907 1511 1951 illud
1542 1909 1791 1952 ‘Davidicum
1821 1907 2066 1967 conspicitur

1217 1995 1519 2024 lnonunlenlunl.

735 2091 935 2137 Arculfus
972 2109 996 2137 a
1034 2109 1104 2137 me
1136 2089 1190 2136 de
1216 2091 1414 2154 sepulcro
1441 2090 1587 2137 David
1622 2091 1734 2153 regis
1759 2091 2063 2152 interrogatus,

672 2164 758 2209 hoc
784 2162 911 2209 nobis
944 2163 1198 2225 responsum
1227 2161 1361 2221 dedit,
1382 2163 1598 2224 inquiens:
1636 2161 1892 2224 Sepulcrum
1916 2158 2063 2207 David

670 2236 782 2299 regis
806 2236 851 2281 in
871 2251 982 2280 tetra
1006 2234 1173 2280 humati
1200 2252 1286 2298 ego
1312 2235 1402 2298 ipse
1430 2251 1521 2280 non
1544 2233 1815 2297 negligenter
1839 2232 2062 2293 inquirens

673 2305 1020 2369 frequentabam,
1052 2304 1175 2368 quod
1205 2307 1250 2351 in
1276 2322 1396 2368 parte
1429 2304 1574 2351 media
1611 2305 1855 2368 pavimenti
1888 2301 2062 2349 ecclesie

671 2377 756 2424 fine
793 2378 942 2440 aliquo
984 2375 1166 2423 habetur
1213 2375 1484 2440 superpofito
1529 2392 1809 2440 ornamento,
1851 2373 2061 2419 humilem

668 2449 891 2513 lapideam
916 2447 1194 2512 pyramidem
1216 2447 1394 2507 liabens,
1418 2446 1525 2493 illud
1545 2448 1669 2511 supra
1698 2445 2060 2504 circumdantem,

656 2519 1010 2585 *lampademque
1034 2517 1348 2583 superpositam
1373 2519 1485 2566 clare
1509 2517 1775 2565 lucentem.b

714 2644 742 2665 a.
777 2635 917 2665 ‘Tantum
948 2634 984 2666 B.
1023 2632 1073 2666 vel
1103 2631 1240 2665 undam.
1275 2651 1317 2656 -—
1404 2630 1481 2664 aliis
1502 2631 1628 2675 semper
1650 2629 1873 2674 interponitur.

668 2688 698 2720 b.
722 2686 793 2720 Non
806 2686 840 2720 in
853 2687 943 2720 codd.
959 2687 1006 2729 L.,
1022 2687 1072 2728 B„
1089 2684 1275 2728 Bern.‚sed
1289 2685 1320 2718 in
