2216 3435
323 219 511 254 XIV-xv.
541 213 841 249 DESCRIPTIO
861 210 1180 245 PARROCHIAE
1200 208 1503 242 IERUSALEM.
1542 196 1640 253 xlvij

318 424 580 465 EDITIONEs:

320 490 432 542 1672,
450 489 488 526 in
504 485 734 527 Mabillonis
755 484 849 524 AA.
866 483 930 523 88.
948 483 1034 522 ord.
1056 482 1092 522 S.
1110 481 1420 539 Bened.,saecul.
1441 480 1640 535 III‚part.

263 555 322 606 II,
340 565 376 608 p.
397 552 587 606 523-526,
608 567 650 590 ex
670 551 742 590 cod.
765 551 803 588 d.

321 619 433 672 1839,
465 617 617 656 codicem
648 613 926 668 Lincolnensem
958 613 1072 652 edidit
1098 611 1166 651 Fr.
1195 610 1358 661 Michel,
1385 612 1421 650 in
1453 612 1543 651 actis
1563 627 1645 664 quae

263 685 460 725 dicuntur:
473 680 700 721 MAEmoires
714 681 763 718 de
779 678 816 718 la
830 678 988 718 8οςίἑῖὲ
1005 677 1053 716 de
1069 676 1328 730 geographie,
1347 685 1370 715 t.
1386 675 1530 730 IV,pp.
1548 677 1644 729 784-

265 762 351 803 794.
381 748 486 802 §Quae
515 746 619 786 editio
637 745 730 799 sere
749 744 891 784 nullius
915 743 1033 797 pretij
1061 742 1312 797 exstimanda.

322 814 434 865 1852,
463 810 796 852 Mabillonianam
827 809 1012 848 editionem
1043 808 1156 847 denuo
1181 808 1272 861 typis
1298 806 1467 861 expreſjit
1493 806 1646 860 Migm’,

263 881 301 920 in
323 877 569 930 Patrologiae
592 876 728 915 latinae
749 874 875 924 cursu,
896 871 1058 923 CXXI,
1078 889 1107 912 c.
1129 873 1216 926 569.

323 944 436 997 1873,
455 942 531 982 luci
556 941 718 981 eamdem
748 940 1021 989 narrationem,
1048 937 1248 994 Francisci
1281 937 1436 977 Michel
1462 938 1646 976 emendato

263 1020 375 1060 textu,
408 1008 508 1048 dedit
530 1006 680 1056 'l'obler,
712 1006 808 1045 inter
831 1003 1137 1056 Descriptiones
1167 1002 1310 1042 Terrae
1331 1001 1500 1053 San&ae,
1522 1012 1560 1057 p.
1583 1002 1644 1054 85.

849 1155 1054 1202 XIV-XV

460 1262 761 1297 DESCRIPTIO
789 1261 1111 1294 PARROCHIAE
1138 1260 1438 1293 IERUSALEM.

387 1322 603 1356 NOTITIA
648 1320 1154 1354 PATRIARCHATUUM
1199 1319 1506 1353 ANTIOCHIAE

723 1381 794 1414 AC
822 1380 1182 1413 IEROSOLYMAE.

325 1465 371 1505 In
393 1465 574 1521 opusculo,
594 1465 653 1504 cui
671 1464 818 1504 titulum
841 1462 1174 1516 Descriptionem
1192 1463 1412 1516 parrochiae
1432 1461 1648 1504 Ierusalem

267 1530 477 1585 praefigunt
493 1530 625 1569 codices
647 1530 908 1586 manuscripti,
937 1529 1110 1581 quaedam
1132 1528 1258 1567 brevis
1278 1538 1385 1579 atque
1405 1529 1502 1568 omni
1513 1540 1648 1570 ornatu

269 1596 439 1649 destituta
462 1595 709 1648 ecclefiarum,
728 1611 810 1648 quae
835 1594 1133 1650 [erosolymitani
1146 1592 1385 1648 patriarchae
1411 1593 1541 1634 ditioni
1547 1594 1647 1650 sub-

267 1660 356 1699 ditae
378 1668 501 1709 erant,
521 1660 620 1699 nobis
645 1659 871 1698 enumeratio
891 1658 1090 1698 exhibetur.
1110 1657 1294 1713 ⁴Quamfi
1306 1657 1500 1712 illzstrare
1513 1657 1642 1697 volue-

269 1725 398 1774 rimus,
427 1734 555 1778 pauca
583 1724 682 1764 nobis
712 1724 754 1763 de
782 1724 932 1776 antiquo
960 1722 1060 1777 ssius
1089 1722 1241 1778 ecclefiae
1259 1724 1370 1777 statu
1401 1723 1567 1762 dicenda.
1603 1722 1650 1762 In

265 1789 401 1843 primis
412 1789 489 1843 post
501 1788 685 1843 Chrssum
695 1788 863 1845 saeculis,
878 1788 966 1827 eccle
960 1787 1025 1843 fia
1040 1787 1089 1827 H
1091 1788 1195 1844 ieros
1188 1788 1389 1841 olymitana
1404 1788 1651 1829 tantummodo

267 1851 487 1907 episcopalis
516 1863 611 1902 erat,
643 1853 703 1907 etfi
723 1852 944 1907 quibusdam
965 1851 1160 1892 honoribus
1189 1868 1232 1892 ac
1246 1853 1463 1907 privilegiis
1470 1852 1649 1907 fingula-

271 1918 374 1956 ribus
392 1918 575 1970 gaudens,
596 1933 638 1956 ac
662 1917 886 1973 Caesarienfi
895 1917 1055 1972 subdita
1072 1926 1157 1956 erat
1169 1917 1371 1970 metropoli,
1390 1918 1495 1958 intra
1516 1917 1651 1958 Antio-

273 1981 377 2022 cheni
390 1982 684 2036 patriarchatus
699 1983 830 2022 limites
837 1982 936 2036 sttae.
959 1981 1041 2021 Nec
1057 1992 1177 2022 tamen
1193 1997 1296 2035 aequo
1310 1983 1431 2022 animo
1445 1982 1540 2023 hanc
1550 1983 1652 2039 sedis

260 2047 353 2102 suae
374 2047 607 2086 conditionem
641 2047 809 2087 tulerunt
835 2047 1001 2102 episcopi,
1030 2062 1184 2099 quorum
1213 2047 1249 2086 in
1270 2057 1385 2087 mente
1405 2048 1655 2087 recurrebant

269 2120 319 2151 tot
335 2113 378 2152 {55'
400 2122 516 2152 tantae
547 2114 583 2152 in
605 2113 675 2164 ista
697 2115 787 2153 urbe
808 2127 866 2152 res
880 2114 1004 2166 gestae.
1037 2112 1082 2152 In
1099 2113 1223 2167 primo
1242 2114 1366 2165 itaque
1385 2113 1529 2152 concilio
1549 2128 1651 2152 oecu-

268 2177 416 2227 menico,
436 2176 638 2216 Nicaenum
655 2178 745 2228 dico,
765 2192 861 2216 anno
882 2189 955 2231 325
978 2188 1207 2230 congregato,
1227 2177 1414 2217 nonnullae
1434 2177 1593 2230 querelae
1612 2178 1654 2216 de

256 2242 366 2296 statu
380 2242 443 2281 illo
459 2243 506 2281 ab
521 2242 681 2297 episcopo
695 2241 886 2282 Macario
897 2242 1171 2298 prolataesunt.
1185 2242 1299 2296 Quas
1314 2252 1435 2282 tamen
1454 2258 1522 2281 non
1540 2243 1652 2282 audi-

269 2317 411 2346 verunt
432 2316 572 2360 patres,
593 2308 657 2359 qui
675 2308 711 2346 in
722 2308 880 2365 septimo
900 2322 1034 2347 canone
1053 2308 1303 2347 decreverunt
1320 2307 1657 2364 Hierosolymitani

271 2381 311 2424 ep
319 2371 430 2426 iscopi
441 2379 580 2426 cuncta.
585 2372 784 2425 servanda
797 2389 811 2412 e
805 2372 868 2426 ffl
875 2372 1102 2426 privilegia,
1117 2373 1306 2412 dummodo
1316 2373 1553 2428 metropolita:
1563 2373 1654 2413 iura

271 2436 395 2494 illaesa
430 2448 633 2477 manerent.
656 2448 667 2468 1
695 2437 827 2490 Neque
853 2453 943 2477 vero
976 2437 1036 2477 hoc
1067 2437 1177 2477 edicto
1201 2438 1341 2494 sedata
1373 2438 1560 2494 discordia
1593 2439 1652 2491 est.

270 2500 403 2554 Quum
421 2503 514 2541 enim
530 2503 719 2542 concilium
735 2502 872 2558 Ephesi
887 2518 983 2542 anno
996 2515 1070 2556 431
1091 2514 1350 2556 congregatum
1354 2503 1454 2557 fuit,
1470 2503 1655 2559 episcopus
1714 2537 1717 2539 .

270 2564 322 2603 H
323 2566 654 2623 ierosolymitanus,
675 2568 886 2618 Iuvenalis,
908 2583 931 2607 a
946 2568 1124 2623 patribus
1138 2568 1246 2622 petiit
1264 2578 1305 2608 ut
1317 2568 1480 2623 deinceps
1501 2567 1656 2623 ecclcfiae

259 2629 349 2685 suae
377 2631 510 2670 dicioni
528 2632 782 2688 subiiceretur
810 2632 1033 2673 Antiochena
1053 2631 1215 2688 ecclesia,
1250 2633 1346 2673 omni
1365 2633 1658 2688 patriarchatus

298 2767 300 2769 .
323 2750 332 2769 1
359 2737 490 2779 Labbe,
508 2737 662 2781 Concilia,
681 2749 721 2780 11,
739 2750 792 2780 47.
