2216 3435
522 374 597 402 1219

445 511 534 540 Mart.
553 520 567 549 3
576 519 599 539 1.

437 2014 534 2054 April.
551 2023 595 2051 17.

628 208 642 237 Ι
659 204 715 255 52
960 202 1108 236 LIBER
1134 200 1337 235 DUELLII
1364 199 1664 234 CHRISTIANI

618 354 663 398 ἃ
688 350 975 412 Corradinus,
1002 353 1164 409 fratres,
1191 351 1460 416 figentesque
1483 352 1600 397 iuxta
1615 368 1696 397 nos
1723 351 1793 397 sua
1819 352 2003 397 tentoria

619 425 751 472 nichil
775 424 902 471 nobis
930 425 1033 471 mali
1058 426 1264 471 fecerunt.

686 498 812 543 XXH.
851 497 1023 544 Deinde
1056 497 1152 559 post
1187 497 1268 542 hec
1302 497 1345 540 in
1382 494 1451 540 die
1485 495 1742 554 Palmarum,
1781 494 1824 540 id
1863 495 1921 541 cst
1957 497 2002 541 in

620 570 873 629 Dominica,
910 587 994 631 que
1021 568 1075 614 de
1105 568 1250 613 Ramis
1281 568 1496 614 olivarum
1521 566 1689 626 dicitur,
1730 567 1933 614 soldanus
1957 569 2002 612 ὃς

619 640 889 687 Corradinus
908 641 1100 697 scientes,
1128 641 1230 702 quia
1255 656 1334 685 nos
1360 637 1617 685 volebamus
1642 637 1871 698 celebrare,
1898 657 2001 702 qua-

616 714 711 759 liter
729 714 921 759 Christus
947 714 1066 760 venit
1088 711 1398 767 lerosolimam,
1423 727 1661 772 antequam
1686 712 1817 756 nostri
1841 728 2001 758 conve-

616 787 783 832 nientes
811 802 965 831 mutuo
991 783 1065 829 fibi
1083 782 1258 846 poffent
1278 781 1515 840 subvenire,
1542 781 1767 827 confilium
1794 783 2001 843 fecerunt,

617 858 742 920 super
766 876 847 903 nos
879 858 1024 904 venire
1049 856 1219 917 nosque
1249 873 1274 900 a
1300 856 1408 900 facie
1437 872 1545 901 terre
1570 854 1725 901 delere.
1755 859 2001 902 Innumera-

616 928 721 975 biles
755 931 884 993 igitur
936 944 1090 973 contra
1131 945 1211 973 nos
1254 942 1480 985 venerunt,
1531 928 1575 972 ὃς
1622 925 2003 988 quemadmodum

614 1002 721 1064 lupi,
758 1001 1020 1048 devorantes
1054 1017 1209 1064 agnos,
1243 1001 1301 1045 ita
1335 998 1585 1045 ceciderunt
1609 998 1822 1046 devorare
1850 1016 1932 1044 nos
1958 1000 2004 1043 &

616 1075 703 1119 iam
729 1072 959 1120 diviserant
982 1072 1132 1117 omnia
1152 1070 1270 1117 bona
1294 1072 1479 1130 11116116,
1506 1070 1576 1116 sed
1602 1072 1747 1134 gracia
1771 1072 1855 1117 Dei
1879 1071 2004 1116 multi

615 1164 665 1192 ex
691 1146 768 1191 illis
804 1143 930 1191 occisi
963 1146 1072 1203 sunt,
1110 1146 1154 1189 &
1179 1145 1307 1207 pauci
1341 1143 1395 1190 de
1419 1144 1568 1189 nostris
1605 1143 1870 1190 defecerunt.
1908 1145 2003 1190 Nos

614 1235 777 1277 autem,
796 1233 1093 1263 memorantes
1113 1216 1341 1279 epistolam
1362 1216 1488 1274 Pauli,
1515 1214 1789 1262 dicebamus:
1815 1220 1845 1261 S
1849 1221 1864 1261 i
1889 1221 2003 1262 ‘Deus

605 1309 685 1353 pro
711 1293 839 1347 nobis,
877 1295 967 1350 quis
994 1307 1129 1335 contra
1158 1307 1229 1334 nos
1241 1295 1261 1333 ‚³
1292 1289 1518 1349 (Roman,
1539 1303 1646 1348 VIII,
1683 1292 1778 1354 31.)
1815 1288 1859 1336 Et
1889 1305 2003 1334 certe

617 1378 735 1408 tanta
756 1362 899 1407 nostra
921 1378 1012 1407 erat
1032 1362 1212 1420 miseria,
1237 1360 1360 1423 quod
1375 1368 1479 1424 ficut
1499 1381 1635 1408 cervus
1659 1364 2002 1425 defideJ·atfontes

615 1453 805 1494 aquarum
850 1432 1021 1497 (Psalm.
1065 1446 1184 1491 XLII,
1225 1435 1287 1494 2),
1340 1435 1396 1479 ita
1434 1432 1782 1480 defiderabamus
1822 1434 2003 1480 virentia

615 1506 760 1553 videre
801 1504 1043 1551 herbarum.
1088 1505 1217 1550 Nulla
1258 1506 1421 1567 quippe
1459 1505 1610 1568 lingua
1644 1506 1758 1551 valet
1790 1505 2003 1568 explicare

616 1578 832 1624 miseriam
854 1579 899 1623 ὃς
924 1576 1207 1636 infirmitates,
1234 1594 1341 1639 quas
1365 1576 1468 1639 paffi
1497 1577 1638 1622 sumus
1664 1578 1706 1621 in
1728 1576 1801 1622 illo
1828 1577 1944 1623 loco.

681 1650 825 1696 XXIH.
852 1651 932 1695 l-lis
952 1652 1008 1695 ita
1027 1649 1168 1713 gestis,
1195 1648 1249 1694 de
1269 1650 1455 1694 exercitu
1476 1647 1563 1693 dux
1582 1648 1746 1693 Austrie
1766 1650 2002 1711 repatrians

616 1721 789 1768 receffit.

650 1870 717 1911 De
743 1882 882 1926 quarto
908 1867 1076 1910 adventu
1100 1869 1357 1926 Paganorum
1382 1866 1422 1910 ὃ)
1443 1868 1490 1910 de
1514 1868 1662 1926 califa,
1681 1886 1793 1929 papa
1819 1886 1967 1913 eorum.

681 2007 985 2054 XXIV-XXV.
1017 2011 1171 2054 Iterum
1190 2009 1285 2071 post
1312 2008 1392 2055 hec
1414 2010 1570 2071 quinto
1596 2008 1771 2055 decimo
1799 2011 2002 2057 calendas

615 2079 716 2137 Maij
738 2079 940 2126 soldanus
959 2081 1004 2126 ὅ(
1023 2080 1311 2139 Corradinus,
1334 2081 1500 2138 fratres,
1523 2081 1715 2127 colleffls
1735 2082 2002 2142 exercitibus,

615 2168 827 2197 venerunt
846 2154 891 2198 ὅς
911 2153 1180 2199 intraverunt
1207 2152 1414 2198 vallatum
1442 2153 1636 2198 nostrum
1659 2156 1704 2199 ὅς
1727 2171 2002 2216 putaverunt,

615 2222 656 2268 se
676 2240 757 2268 nos
778 2222 897 2285 poffe
916 2223 1128 2270 destruere
1147 2226 1192 2270 ὃ(
1211 2242 1235 2269 a
1255 2224 1362 2270 facie
1383 2242 1490 2270 terre
1510 2223 1665 2270 delere.
1696 2225 1778 2272 Sed
1802 2228 2002 2273 Domino

615 2294 804 2351 volente,
850 2294 1080 2340 Christiani
1123 2294 1367 2341 habuerunt
1404 2297 1634 2342 vic-{oriam
1667 2299 1712 2342 ὃς
1748 2297 2004 2344 occiderunt

616 2380 705 2411 tam
724 2367 981 2412 Sarracenos
1001 2385 1135 2429 quam
1155 2384 1309 2429 equos,
1333 2367 1426 2429 plus
1448 2384 1581 2429 quam
1595 2367 1684 2413 duo
1706 2369 1835 2415 milia.
1860 2370 2003 2416 Tanta

614 2452 761 2482 autem
797 2453 886 2482 erat
924 2438 1159 2483 multitudo
1187 2439 1376 2501 pilorum
1408 2440 1452 2484 ὅς
1477 2439 1728 2502 sagittarum
1753 2439 1879 2503 supra
1905 2442 2002 2487 nos-

614 2522 729 2553 trum
753 2508 976 2566 vallatum,
1013 2508 1135 2570 quod
1172 2525 1281 2554 terra
1309 2526 1400 2554 non
1425 2509 1678 2571 apparebat.
1715 2512 1818 2556 Hoc
1839 2510 2002 2557 bellurn

614 2577 750 2624 biduo
777 2578 962 2626 duravit.
1005 2581 1174 2626 Interim
1201 2580 1473 2626 Corradinus
1496 2581 1722 2628 mandavit
1756 2583 1810 2628 acl
1836 2584 2002 2628 amicos

614 2650 712 2695 suos
737 2648 898 2712 ubique
915 2653 960 2696 ὃς
979 2668 1055 2696 eos
1083 2650 1137 2698 ad
1159 2650 1322 2698 bellum
1346 2653 1616 2712 invitaverat,
1640 2653 1799 2700 scilicet
1818 2655 1999 2701 Damas-

616 2737 717 2766 cum
740 2723 784 2767 &
802 2722 944 2784 Alapa
963 2725 1008 2768 ὃς
1027 2723 1181 2768 Reanis
1200 2725 1245 2769 ὃς
1264 2739 1404 2769 totam
1424 2740 1582 2770 terram
1601 2727 1848 2772 commovit
1867 2726 2000 2788 usque
