<?xml version="1.0" encoding="UTF-8"?>
<!DOCTYPE html PUBLIC "-//W3C//DTD XHTML 1.0 Transitional//EN"
    "http://www.w3.org/TR/xhtml1/DTD/xhtml1-transitional.dtd">
<html xmlns="http://www.w3.org/1999/xhtml" xml:lang="en" lang="en">
 <head>
  <title>
</title>
<meta http-equiv="Content-Type" content="text/html;charset=utf-8" />
  <meta name='ocr-system' content='tesseract 3.04.00' />
  <meta name='ocr-capabilities' content='ocr_page ocr_carea ocr_par ocr_line ocrx_word'/>
</head>
<body>
  <div class='ocr_page' id='page_1' title='image "./p1itinerahierosoly1tobl_0420.png"; bbox 0 0 2216 3435; ppageno 0'>
   <div class='ocr_carea' id='block_1_1' title="bbox 555 220 1411 282">
    <p class='ocr_par' dir='ltr' id='par_1_1' title="bbox 555 220 1411 282">
     <span class='ocr_line' id='line_1_1' title="bbox 555 220 1411 282; baseline -0.001 -16"><span class='ocrx_word' id='word_1_1' title='bbox 555 220 645 282; x_wconf 82' lang='lat'>358</span> <span class='ocrx_word' id='word_1_2' title='bbox 1094 232 1411 266; x_wconf 79' lang='lat' dir='ltr'>THEoDoans</span> 
     </span>
    </p>
   </div>
   <div class='ocr_carea' id='block_1_2' title="bbox 373 384 2076 2642">
    <p class='ocr_par' dir='ltr' id='par_1_2' title="bbox 412 384 2040 917">
     <span class='ocr_line' id='line_1_2' title="bbox 548 384 1936 441; baseline 0.002 -17"><span class='ocrx_word' id='word_1_3' title='bbox 548 400 571 424; x_wconf 81' lang='lat' dir='ltr'><strong>x</strong></span> <span class='ocrx_word' id='word_1_4' title='bbox 596 384 693 436; x_wconf 61' lang='lat' dir='ltr'>mil„</span> <span class='ocrx_word' id='word_1_5' title='bbox 728 385 767 425; x_wconf 82' lang='lat'>&amp;</span> <span class='ocrx_word' id='word_1_6' title='bbox 788 385 840 425; x_wconf 93' lang='lat' dir='ltr'>ibi</span> <span class='ocrx_word' id='word_1_7' title='bbox 864 386 919 426; x_wconf 87' lang='lat' dir='ltr'>est</span> <span class='ocrx_word' id='word_1_8' title='bbox 941 387 1139 426; x_wconf 84' lang='lat' dir='ltr'>memoria</span> <span class='ocrx_word' id='word_1_9' title='bbox 1162 386 1281 427; x_wconf 65' lang='lat' dir='ltr'>sand‘d</span> <span class='ocrx_word' id='word_1_10' title='bbox 1306 386 1455 427; x_wconf 89' lang='lat' dir='ltr'>Helisei</span> <span class='ocrx_word' id='word_1_11' title='bbox 1479 387 1664 441; x_wconf 85' lang='lat' dir='ltr'>discipuli</span> <span class='ocrx_word' id='word_1_12' title='bbox 1691 388 1759 439; x_wconf 88' lang='lat' dir='ltr'>sui,</span> <span class='ocrx_word' id='word_1_13' title='bbox 1791 388 1857 428; x_wconf 91' lang='lat' dir='ltr'>ubi</span> <span class='ocrx_word' id='word_1_14' title='bbox 1881 388 1936 428; x_wconf 89' lang='lat' dir='ltr'>est</span> 
     </span>
     <span class='ocr_line' id='line_1_3' title="bbox 548 443 1936 500; baseline 0.005 -19"><span class='ocrx_word' id='word_1_15' title='bbox 548 443 651 495; x_wconf 89' lang='lat' dir='ltr'>fons,</span> <span class='ocrx_word' id='word_1_16' title='bbox 682 460 803 498; x_wconf 88' lang='lat' dir='ltr'>quem</span> <span class='ocrx_word' id='word_1_17' title='bbox 837 446 916 500; x_wconf 89' lang='lat' dir='ltr'>ipse</span> <span class='ocrx_word' id='word_1_18' title='bbox 952 446 1135 487; x_wconf 88' lang='lat' dir='ltr'>Heliseus</span> <span class='ocrx_word' id='word_1_19' title='bbox 1158 446 1379 497; x_wconf 84' lang='lat' dir='ltr'>benedixit,</span> <span class='ocrx_word' id='word_1_20' title='bbox 1409 445 1448 486; x_wconf 88' lang='lat'>&amp;</span> <span class='ocrx_word' id='word_1_21' title='bbox 1478 445 1595 500; x_wconf 86' lang='lat' dir='ltr'>super</span> <span class='ocrx_word' id='word_1_22' title='bbox 1627 446 1706 499; x_wconf 84' lang='lat' dir='ltr'>ipsa</span> <span class='ocrx_word' id='word_1_23' title='bbox 1737 449 1936 488; x_wconf 86' lang='lat' dir='ltr'>memoria</span> 
     </span>
     <span class='ocr_line' id='line_1_4' title="bbox 548 503 1935 560; baseline 0.003 -18"><span class='ocrx_word' id='word_1_24' title='bbox 548 503 742 544; x_wconf 87' lang='lat' dir='ltr'>fabricata</span> <span class='ocrx_word' id='word_1_25' title='bbox 762 506 816 545; x_wconf 89' lang='lat' dir='ltr'>est</span> <span class='ocrx_word' id='word_1_26' title='bbox 832 506 1008 546; x_wconf 63' lang='lat' dir='ltr'>ecclesia.</span> <span class='ocrx_word' id='word_1_27' title='bbox 1031 505 1084 545; x_wconf 81' lang='lat' dir='ltr'>Et</span> <span class='ocrx_word' id='word_1_28' title='bbox 1106 506 1155 545; x_wconf 89' lang='lat' dir='ltr'>ab</span> <span class='ocrx_word' id='word_1_29' title='bbox 1171 505 1254 558; x_wconf 91' lang='lat' dir='ltr'>ipso</span> <span class='ocrx_word' id='word_1_30' title='bbox 1277 504 1370 545; x_wconf 88' lang='lat' dir='ltr'>loco</span> <span class='ocrx_word' id='word_1_31' title='bbox 1388 505 1453 545; x_wconf 89' lang='lat' dir='ltr'>ubi</span> <span class='ocrx_word' id='word_1_32' title='bbox 1476 504 1684 546; x_wconf 85' lang='lat' dir='ltr'>Dominus</span> <span class='ocrx_word' id='word_1_33' title='bbox 1706 507 1935 560; x_wconf 88' lang='lat' dir='ltr'>baptizatus</span> 
     </span>
     <span class='ocr_line' id='line_1_5' title="bbox 549 563 1935 618; baseline 0.003 -16"><span class='ocrx_word' id='word_1_34' title='bbox 549 563 603 603; x_wconf 90' lang='lat' dir='ltr'>est</span> <span class='ocrx_word' id='word_1_35' title='bbox 624 563 746 618; x_wconf 88' lang='lat' dir='ltr'>usque</span> <span class='ocrx_word' id='word_1_36' title='bbox 767 566 814 605; x_wconf 85' lang='lat' dir='ltr'>ad</span> <span class='ocrx_word' id='word_1_37' title='bbox 837 582 943 605; x_wconf 78' lang='lat' dir='ltr'>mare</span> <span class='ocrx_word' id='word_1_38' title='bbox 968 565 1152 615; x_wconf 76' lang='lat' dir='ltr'>Mortua,</span> <span class='ocrx_word' id='word_1_39' title='bbox 1173 565 1240 604; x_wconf 91' lang='lat' dir='ltr'>ubi</span> <span class='ocrx_word' id='word_1_40' title='bbox 1259 565 1382 604; x_wconf 84' lang='lat' dir='ltr'>intrat</span> <span class='ocrx_word' id='word_1_41' title='bbox 1403 565 1576 605; x_wconf 84' lang='lat' dir='ltr'>Iordanis</span> <span class='ocrx_word' id='word_1_42' title='bbox 1600 565 1760 617; x_wconf 86' lang='lat' dir='ltr'>fluvius,</span> <span class='ocrx_word' id='word_1_43' title='bbox 1798 567 1881 606; x_wconf 88' lang='lat' dir='ltr'>mil.</span> <span class='ocrx_word' id='word_1_44' title='bbox 1898 581 1935 607; x_wconf 92' lang='lat' dir='ltr'>v.</span> 
     </span>
     <span class='ocr_line' id='line_1_6' title="bbox 412 624 1934 678; baseline 0.003 -18"><span class='ocrx_word' id='word_1_45' title='bbox 412 630 528 661; x_wconf 69' lang='lat' dir='ltr'>XVIII</span> <span class='ocrx_word' id='word_1_46' title='bbox 602 624 657 664; x_wconf 85' lang='lat' dir='ltr'>Et</span> <span class='ocrx_word' id='word_1_47' title='bbox 678 625 758 678; x_wconf 87' lang='lat' dir='ltr'>ipse</span> <span class='ocrx_word' id='word_1_48' title='bbox 779 625 834 664; x_wconf 90' lang='lat' dir='ltr'>est</span> <span class='ocrx_word' id='word_1_49' title='bbox 854 626 971 665; x_wconf 85' lang='lat' dir='ltr'>maris</span> <span class='ocrx_word' id='word_1_50' title='bbox 992 625 1190 675; x_wconf 66' lang='lat' dir='ltr'>splortuus,</span> <span class='ocrx_word' id='word_1_51' title='bbox 1218 625 1283 664; x_wconf 91' lang='lat' dir='ltr'>ubi</span> <span class='ocrx_word' id='word_1_52' title='bbox 1306 625 1459 664; x_wconf 84' lang='lat' dir='ltr'><em>Sodoma</em></span> <span class='ocrx_word' id='word_1_53' title='bbox 1485 624 1523 664; x_wconf 70' lang='grc' dir='ltr'>δε</span> <span class='ocrx_word' id='word_1_54' title='bbox 1547 624 1738 666; x_wconf 80' lang='lat' dir='ltr'><em>Gomorra</em></span> <span class='ocrx_word' id='word_1_55' title='bbox 1766 625 1934 665; x_wconf 74' lang='lat' dir='ltr'>demersi</span> 
     </span>
     <span class='ocr_line' id='line_1_7' title="bbox 546 683 1935 738; baseline 0 -15"><span class='ocrx_word' id='word_1_56' title='bbox 546 683 633 724; x_wconf 89' lang='lat' dir='ltr'>sunt</span> <span class='ocrx_word' id='word_1_57' title='bbox 656 685 694 723; x_wconf 87' lang='lat' dir='ltr'>in</span> <span class='ocrx_word' id='word_1_58' title='bbox 715 685 974 737; x_wconf 82' lang='lat' dir='ltr'>profundum,</span> <span class='ocrx_word' id='word_1_59' title='bbox 995 684 1033 724; x_wconf 55' lang='grc' dir='ltr'><strong><em>ἃ</em></strong></span> <span class='ocrx_word' id='word_1_60' title='bbox 1054 684 1149 724; x_wconf 84' lang='lat' dir='ltr'>alias</span> <span class='ocrx_word' id='word_1_61' title='bbox 1170 684 1226 738; x_wconf 88' lang='lat' dir='ltr'>iij,</span> <span class='ocrx_word' id='word_1_62' title='bbox 1247 685 1342 738; x_wconf 90' lang='lat' dir='ltr'>quia</span> <span class='ocrx_word' id='word_1_63' title='bbox 1363 684 1430 723; x_wconf 88' lang='lat' dir='ltr'>ille</span> <span class='ocrx_word' id='word_1_64' title='bbox 1452 685 1636 725; x_wconf 90' lang='lat' dir='ltr'>civitates</span> <span class='ocrx_word' id='word_1_65' title='bbox 1653 685 1840 725; x_wconf 74' lang='lat' dir='ltr'>demersit</span> <span class='ocrx_word' id='word_1_66' title='bbox 1860 685 1935 724; x_wconf 92' lang='lat' dir='ltr'>do-</span> 
     </span>
     <span class='ocr_line' id='line_1_8' title="bbox 547 742 1935 797; baseline 0.001 -15"><span class='ocrx_word' id='word_1_67' title='bbox 547 744 680 784; x_wconf 90' lang='lat' dir='ltr'>minus</span> <span class='ocrx_word' id='word_1_68' title='bbox 702 742 809 785; x_wconf 86' lang='lat' dir='ltr'>Iesus</span> <span class='ocrx_word' id='word_1_69' title='bbox 833 745 870 783; x_wconf 86' lang='lat' dir='ltr'>in</span> <span class='ocrx_word' id='word_1_70' title='bbox 895 743 1142 797; x_wconf 87' lang='lat' dir='ltr'>profundum</span> <span class='ocrx_word' id='word_1_71' title='bbox 1164 754 1332 797; x_wconf 88' lang='lat' dir='ltr'>propter</span> <span class='ocrx_word' id='word_1_72' title='bbox 1360 743 1521 783; x_wconf 85' lang='lat' dir='ltr'>luxoria</span> <span class='ocrx_word' id='word_1_73' title='bbox 1541 757 1694 783; x_wconf 89' lang='lat' dir='ltr'>eorum.</span> <span class='ocrx_word' id='word_1_74' title='bbox 1727 743 1781 784; x_wconf 84' lang='lat' dir='ltr'>Et</span> <span class='ocrx_word' id='word_1_75' title='bbox 1803 745 1856 784; x_wconf 90' lang='lat' dir='ltr'>ibi</span> <span class='ocrx_word' id='word_1_76' title='bbox 1878 744 1935 784; x_wconf 87' lang='lat' dir='ltr'>est</span> 
     </span>
     <span class='ocr_line' id='line_1_9' title="bbox 546 801 1934 856; baseline 0.001 -15"><span class='ocrx_word' id='word_1_77' title='bbox 546 816 648 841; x_wconf 82' lang='lat' dir='ltr'>uxor</span> <span class='ocrx_word' id='word_1_78' title='bbox 670 803 794 854; x_wconf 83' lang='lat' dir='ltr'>Loth,</span> <span class='ocrx_word' id='word_1_79' title='bbox 816 803 1028 856; x_wconf 54' lang='lat' dir='ltr'>quiafaffla</span> <span class='ocrx_word' id='word_1_80' title='bbox 1049 802 1103 842; x_wconf 84' lang='lat' dir='ltr'>est</span> <span class='ocrx_word' id='word_1_81' title='bbox 1124 801 1252 842; x_wconf 89' lang='lat' dir='ltr'>statua</span> <span class='ocrx_word' id='word_1_82' title='bbox 1267 801 1353 842; x_wconf 88' lang='lat' dir='ltr'>salis</span> <span class='ocrx_word' id='word_1_83' title='bbox 1375 802 1413 843; x_wconf 83' lang='lat'>&amp;</span> <span class='ocrx_word' id='word_1_84' title='bbox 1431 804 1643 856; x_wconf 89' lang='lat' dir='ltr'>quomodo</span> <span class='ocrx_word' id='word_1_85' title='bbox 1666 803 1809 843; x_wconf 87' lang='lat' dir='ltr'>crescit</span> <span class='ocrx_word' id='word_1_86' title='bbox 1826 805 1934 855; x_wconf 91' lang='lat' dir='ltr'>luna,</span> 
     </span>
     <span class='ocr_line' id='line_1_10' title="bbox 545 861 2040 917; baseline 0.001 -16"><span class='ocrx_word' id='word_1_87' title='bbox 545 861 684 902; x_wconf 86' lang='lat' dir='ltr'>crescit</span> <span class='ocrx_word' id='word_1_88' title='bbox 706 862 743 902; x_wconf 63' lang='grc' dir='ltr'>δε</span> <span class='ocrx_word' id='word_1_89' title='bbox 766 862 857 915; x_wconf 88' lang='lat' dir='ltr'>ipsa,</span> <span class='ocrx_word' id='word_1_90' title='bbox 880 862 917 902; x_wconf 69' lang='grc' dir='ltr'>δε</span> <span class='ocrx_word' id='word_1_91' title='bbox 939 862 1151 916; x_wconf 86' lang='lat' dir='ltr'>quomodo</span> <span class='ocrx_word' id='word_1_92' title='bbox 1173 861 1208 901; x_wconf 92' lang='lat' dir='ltr'>se</span> <span class='ocrx_word' id='word_1_93' title='bbox 1231 862 1377 901; x_wconf 87' lang='lat' dir='ltr'>minuit</span> <span class='ocrx_word' id='word_1_94' title='bbox 1399 861 1506 913; x_wconf 87' lang='lat' dir='ltr'>luna,</span> <span class='ocrx_word' id='word_1_95' title='bbox 1529 863 1677 902; x_wconf 88' lang='lat' dir='ltr'>minuit</span> <span class='ocrx_word' id='word_1_96' title='bbox 1698 862 1736 902; x_wconf 86' lang='lat'>&amp;</span> <span class='ocrx_word' id='word_1_97' title='bbox 1758 861 1850 915; x_wconf 88' lang='lat' dir='ltr'>ipsa.</span> <span class='ocrx_word' id='word_1_98' title='bbox 1955 879 1973 908; x_wconf 87' lang='lat' dir='ltr'>f.</span> <span class='ocrx_word' id='word_1_99' title='bbox 1993 887 2040 917; x_wconf 84' lang='lat'>32-</span> 
     </span>
    </p>

    <p class='ocr_par' dir='ltr' id='par_1_3' title="bbox 443 919 1934 1212">
     <span class='ocr_line' id='line_1_11' title="bbox 443 919 1932 974; baseline 0.003 -16"><span class='ocrx_word' id='word_1_100' title='bbox 443 928 523 959; x_wconf 79' lang='lat' dir='ltr'>Xlll</span> <span class='ocrx_word' id='word_1_101' title='bbox 598 919 644 960; x_wconf 90' lang='lat' dir='ltr'>In</span> <span class='ocrx_word' id='word_1_102' title='bbox 675 931 789 961; x_wconf 63' lang='lat' dir='ltr'>monte</span> <span class='ocrx_word' id='word_1_103' title='bbox 821 922 978 973; x_wconf 68' lang='lat' dir='ltr'>Oli-vste,</span> <span class='ocrx_word' id='word_1_104' title='bbox 1024 922 1090 961; x_wconf 91' lang='lat' dir='ltr'>ubi</span> <span class='ocrx_word' id='word_1_105' title='bbox 1126 920 1336 961; x_wconf 85' lang='lat' dir='ltr'>Dominus</span> <span class='ocrx_word' id='word_1_106' title='bbox 1367 921 1483 974; x_wconf 89' lang='lat' dir='ltr'>super</span> <span class='ocrx_word' id='word_1_107' title='bbox 1519 921 1697 974; x_wconf 87' lang='lat' dir='ltr'>lapidem</span> <span class='ocrx_word' id='word_1_108' title='bbox 1738 922 1932 962; x_wconf 84' lang='lat' dir='ltr'>humeros</span> 
     </span>
     <span class='ocr_line' id='line_1_12' title="bbox 546 980 1934 1033; baseline 0.001 -14"><span class='ocrx_word' id='word_1_109' title='bbox 546 980 634 1020; x_wconf 82' lang='lat' dir='ltr'>suos</span> <span class='ocrx_word' id='word_1_110' title='bbox 656 980 845 1033; x_wconf 79' lang='lat' dir='ltr'>inposuit,</span> <span class='ocrx_word' id='word_1_111' title='bbox 881 981 918 1019; x_wconf 80' lang='lat' dir='ltr'>in</span> <span class='ocrx_word' id='word_1_112' title='bbox 941 994 1021 1033; x_wconf 90' lang='lat' dir='ltr'>qua</span> <span class='ocrx_word' id='word_1_113' title='bbox 1049 991 1160 1033; x_wconf 87' lang='lat' dir='ltr'>petra</span> <span class='ocrx_word' id='word_1_114' title='bbox 1189 980 1310 1019; x_wconf 88' lang='lat' dir='ltr'>ambo</span> <span class='ocrx_word' id='word_1_115' title='bbox 1338 980 1497 1019; x_wconf 87' lang='lat' dir='ltr'>humeri</span> <span class='ocrx_word' id='word_1_116' title='bbox 1530 980 1615 1020; x_wconf 90' lang='lat' dir='ltr'>eius</span> <span class='ocrx_word' id='word_1_117' title='bbox 1638 980 1934 1032; x_wconf 86' lang='lat' dir='ltr'>discenderunt,</span> 
     </span>
     <span class='ocr_line' id='line_1_13' title="bbox 544 1037 1934 1093; baseline 0.003 -16"><span class='ocrx_word' id='word_1_118' title='bbox 544 1037 643 1079; x_wconf 86' lang='lat' dir='ltr'>ficut</span> <span class='ocrx_word' id='word_1_119' title='bbox 672 1040 711 1078; x_wconf 86' lang='lat' dir='ltr'>in</span> <span class='ocrx_word' id='word_1_120' title='bbox 742 1054 848 1091; x_wconf 86' lang='lat' dir='ltr'>cera,</span> <span class='ocrx_word' id='word_1_121' title='bbox 878 1041 974 1093; x_wconf 87' lang='lat' dir='ltr'>quia</span> <span class='ocrx_word' id='word_1_122' title='bbox 1000 1040 1115 1080; x_wconf 89' lang='lat' dir='ltr'>locus</span> <span class='ocrx_word' id='word_1_123' title='bbox 1143 1038 1210 1079; x_wconf 90' lang='lat' dir='ltr'>ille</span> <span class='ocrx_word' id='word_1_124' title='bbox 1241 1038 1422 1079; x_wconf 58' lang='lat' dir='ltr'>Ana-hora</span> <span class='ocrx_word' id='word_1_125' title='bbox 1445 1039 1592 1079; x_wconf 90' lang='lat' dir='ltr'>dicitur</span> <span class='ocrx_word' id='word_1_126' title='bbox 1622 1039 1660 1079; x_wconf 85' lang='lat'>&amp;</span> <span class='ocrx_word' id='word_1_127' title='bbox 1691 1040 1745 1078; x_wconf 91' lang='lat' dir='ltr'>ibi</span> <span class='ocrx_word' id='word_1_128' title='bbox 1768 1039 1934 1081; x_wconf 85' lang='lat' dir='ltr'>ecclefia</span> 
     </span>
     <span class='ocr_line' id='line_1_14' title="bbox 543 1098 1933 1152; baseline 0.001 -14"><span class='ocrx_word' id='word_1_129' title='bbox 543 1099 736 1138; x_wconf 85' lang='lat' dir='ltr'>fabricata</span> <span class='ocrx_word' id='word_1_130' title='bbox 757 1098 824 1138; x_wconf 88' lang='lat' dir='ltr'>est.</span> <span class='ocrx_word' id='word_1_131' title='bbox 847 1099 929 1138; x_wconf 88' lang='lat' dir='ltr'>Ubi</span> <span class='ocrx_word' id='word_1_132' title='bbox 954 1113 1080 1152; x_wconf 84' lang='lat' dir='ltr'>prope</span> <span class='ocrx_word' id='word_1_133' title='bbox 1102 1099 1156 1138; x_wconf 87' lang='lat' dir='ltr'>est</span> <span class='ocrx_word' id='word_1_134' title='bbox 1177 1098 1356 1149; x_wconf 85' lang='lat' dir='ltr'>ecclefia,</span> <span class='ocrx_word' id='word_1_135' title='bbox 1377 1098 1443 1137; x_wconf 91' lang='lat' dir='ltr'>ubi</span> <span class='ocrx_word' id='word_1_136' title='bbox 1468 1098 1604 1151; x_wconf 85' lang='lat' dir='ltr'>pausat</span> <span class='ocrx_word' id='word_1_137' title='bbox 1631 1098 1764 1139; x_wconf 66' lang='lat' dir='ltr'>san&amp;a</span> <span class='ocrx_word' id='word_1_138' title='bbox 1783 1099 1933 1140; x_wconf 87' lang='lat' dir='ltr'>Tecla.</span> 
     </span>
     <span class='ocr_line' id='line_1_15' title="bbox 544 1158 1151 1212; baseline 0.002 -15"><span class='ocrx_word' id='word_1_139' title='bbox 544 1158 684 1198; x_wconf 90' lang='lat' dir='ltr'>Locus</span> <span class='ocrx_word' id='word_1_140' title='bbox 708 1158 787 1212; x_wconf 91' lang='lat' dir='ltr'>ipse</span> <span class='ocrx_word' id='word_1_141' title='bbox 807 1159 956 1198; x_wconf 88' lang='lat' dir='ltr'>dicitur</span> <span class='ocrx_word' id='word_1_142' title='bbox 977 1159 1151 1212; x_wconf 74' lang='lat' dir='ltr'>Betfage.</span> 
     </span>
    </p>

    <p class='ocr_par' dir='ltr' id='par_1_4' title="bbox 443 1217 1935 1396">
     <span class='ocr_line' id='line_1_16' title="bbox 443 1217 1932 1272; baseline 0.004 -19"><span class='ocrx_word' id='word_1_143' title='bbox 443 1223 522 1254; x_wconf 88' lang='lat' dir='ltr'>XIV</span> <span class='ocrx_word' id='word_1_144' title='bbox 597 1217 643 1258; x_wconf 90' lang='lat' dir='ltr'>ln</span> <span class='ocrx_word' id='word_1_145' title='bbox 668 1220 781 1270; x_wconf 86' lang='lat' dir='ltr'>(corr.</span> <span class='ocrx_word' id='word_1_146' title='bbox 803 1218 924 1269; x_wconf 91' lang='lat' dir='ltr'>unde)</span> <span class='ocrx_word' id='word_1_147' title='bbox 949 1218 1083 1271; x_wconf 85' lang='lat' dir='ltr'>pullus</span> <span class='ocrx_word' id='word_1_148' title='bbox 1100 1218 1352 1272; x_wconf 84' lang='lat' dir='ltr'>afine,quem</span> <span class='ocrx_word' id='word_1_149' title='bbox 1375 1217 1584 1258; x_wconf 89' lang='lat' dir='ltr'>Dominus</span> <span class='ocrx_word' id='word_1_150' title='bbox 1605 1217 1716 1269; x_wconf 86' lang='lat' dir='ltr'>sedit,</span> <span class='ocrx_word' id='word_1_151' title='bbox 1733 1218 1932 1259; x_wconf 66' lang='lat' dir='ltr'>addu&amp;us</span> 
     </span>
     <span class='ocr_line' id='line_1_17' title="bbox 543 1277 1935 1335; baseline 0 -18"><span class='ocrx_word' id='word_1_152' title='bbox 543 1277 611 1318; x_wconf 86' lang='lat' dir='ltr'>est.</span> <span class='ocrx_word' id='word_1_153' title='bbox 635 1278 827 1330; x_wconf 87' lang='lat' dir='ltr'>Cumque</span> <span class='ocrx_word' id='word_1_154' title='bbox 849 1278 1011 1317; x_wconf 89' lang='lat' dir='ltr'>intravit</span> <span class='ocrx_word' id='word_1_155' title='bbox 1028 1290 1145 1330; x_wconf 88' lang='lat' dir='ltr'>porta</span> <span class='ocrx_word' id='word_1_156' title='bbox 1162 1278 1377 1317; x_wconf 84' lang='lat' dir='ltr'>Beniamin</span> <span class='ocrx_word' id='word_1_157' title='bbox 1406 1278 1445 1317; x_wconf 90' lang='lat' dir='ltr'>in</span> <span class='ocrx_word' id='word_1_158' title='bbox 1461 1277 1723 1335; x_wconf 52' lang='lat' dir='ltr'><em>Hierusalem,</em></span> <span class='ocrx_word' id='word_1_159' title='bbox 1745 1277 1812 1316; x_wconf 91' lang='lat' dir='ltr'>ubi</span> <span class='ocrx_word' id='word_1_160' title='bbox 1835 1278 1935 1331; x_wconf 85' lang='lat' dir='ltr'>legi-</span> 
     </span>
     <span class='ocr_line' id='line_1_18' title="bbox 546 1337 1934 1396; baseline 0 -19"><span class='ocrx_word' id='word_1_161' title='bbox 546 1348 624 1377; x_wconf 85' lang='lat' dir='ltr'>tur:</span> <span class='ocrx_word' id='word_1_162' title='bbox 640 1337 701 1377; x_wconf 88' lang='lat' dir='ltr'><em>M</em></span> <span class='ocrx_word' id='word_1_163' title='bbox 701 1338 791 1388; x_wconf 79' lang='lat' dir='ltr'>aris,</span> <span class='ocrx_word' id='word_1_164' title='bbox 802 1353 919 1390; x_wconf 75' lang='lat' dir='ltr'><em>quare</em></span> <span class='ocrx_word' id='word_1_165' title='bbox 930 1338 1129 1395; x_wconf 78' lang='lat' dir='ltr'><em>conversus</em></span> <span class='ocrx_word' id='word_1_166' title='bbox 1141 1353 1173 1377; x_wconf 75' lang='lat' dir='ltr'>es</span> <span class='ocrx_word' id='word_1_167' title='bbox 1184 1338 1404 1396; x_wconf 76' lang='lat' dir='ltr'>rctrorsum,</span> <span class='ocrx_word' id='word_1_168' title='bbox 1415 1339 1459 1377; x_wconf 69' lang='lat'>{5⁵</span> <span class='ocrx_word' id='word_1_169' title='bbox 1472 1346 1547 1377; x_wconf 88' lang='lat' dir='ltr'>tuos</span> <span class='ocrx_word' id='word_1_170' title='bbox 1558 1346 1690 1376; x_wconf 84' lang='lat' dir='ltr'>montes</span> <span class='ocrx_word' id='word_1_171' title='bbox 1706 1353 1823 1390; x_wconf 83' lang='lat' dir='ltr'><em>quare</em></span> <span class='ocrx_word' id='word_1_172' title='bbox 1835 1338 1934 1377; x_wconf 84' lang='lat' dir='ltr'><em>exul-</em></span> 
     </span>
    </p>

    <p class='ocr_par' dir='ltr' id='par_1_5' title="bbox 450 1396 2076 1454">
     <span class='ocr_line' id='line_1_19' title="bbox 450 1396 2076 1454; baseline 0 -17"><span class='ocrx_word' id='word_1_173' title='bbox 450 1403 526 1434; x_wconf 77' lang='lat' dir='ltr'>XVI</span> <span class='ocrx_word' id='word_1_174' title='bbox 546 1398 647 1453; x_wconf 79' lang='lat' dir='ltr'>tastis</span> <span class='ocrx_word' id='word_1_175' title='bbox 659 1396 761 1452; x_wconf 77' lang='lat' dir='ltr'>ficut</span> <span class='ocrx_word' id='word_1_176' title='bbox 787 1397 931 1448; x_wconf 76' lang='lat' dir='ltr'>arietes,</span> <span class='ocrx_word' id='word_1_177' title='bbox 953 1399 997 1437; x_wconf 49' lang='grc' dir='ltr'>ὅ</span> <span class='ocrx_word' id='word_1_178' title='bbox 1017 1407 1093 1438; x_wconf 79' lang='lat' dir='ltr'>tuos</span> <span class='ocrx_word' id='word_1_179' title='bbox 1113 1397 1325 1453; x_wconf 81' lang='lat' dir='ltr'><em>collesficut</em></span> <span class='ocrx_word' id='word_1_180' title='bbox 1353 1398 1443 1451; x_wconf 85' lang='lat' dir='ltr'><em>agni</em></span> <span class='ocrx_word' id='word_1_181' title='bbox 1473 1397 1609 1437; x_wconf 85' lang='lat' dir='ltr'><em>ovium.</em></span> <span class='ocrx_word' id='word_1_182' title='bbox 1631 1396 1796 1454; x_wconf 79' lang='lat' dir='ltr'>(Psalm.</span> <span class='ocrx_word' id='word_1_183' title='bbox 1818 1398 1935 1451; x_wconf 46' lang='lat' dir='ltr'><em>cxiij2)</em></span> <span class='ocrx_word' id='word_1_184' title='bbox 1955 1404 1974 1433; x_wconf 82' lang='lat' dir='ltr'>f·</span> <span class='ocrx_word' id='word_1_185' title='bbox 1994 1413 2032 1442; x_wconf 86' lang='lat'>32</span> <span class='ocrx_word' id='word_1_186' title='bbox 2049 1403 2076 1432; x_wconf 89' lang='lat' dir='ltr'>b.</span> 
     </span>
    </p>

    <p class='ocr_par' dir='ltr' id='par_1_6' title="bbox 430 1455 1939 1913">
     <span class='ocr_line' id='line_1_20' title="bbox 430 1455 1932 1512; baseline -0.001 -14"><span class='ocrx_word' id='word_1_187' title='bbox 430 1468 528 1498; x_wconf 71' lang='lat' dir='ltr'>XXX</span> <span class='ocrx_word' id='word_1_188' title='bbox 602 1457 758 1498; x_wconf 87' lang='lat' dir='ltr'>Civitas</span> <span class='ocrx_word' id='word_1_189' title='bbox 793 1456 940 1496; x_wconf 85' lang='lat' dir='ltr'>dicitur</span> <span class='ocrx_word' id='word_1_190' title='bbox 966 1457 1148 1511; x_wconf 85' lang='lat' dir='ltr'>Sarapta,</span> <span class='ocrx_word' id='word_1_191' title='bbox 1178 1456 1251 1497; x_wconf 91' lang='lat' dir='ltr'>stat</span> <span class='ocrx_word' id='word_1_192' title='bbox 1282 1458 1393 1496; x_wconf 77' lang='lat' dir='ltr'>iuxta</span> <span class='ocrx_word' id='word_1_193' title='bbox 1422 1466 1574 1496; x_wconf 76' lang='lat' dir='ltr'>montem</span> <span class='ocrx_word' id='word_1_194' title='bbox 1611 1455 1849 1508; x_wconf 84' lang='lat' dir='ltr'>Garmelum,</span> <span class='ocrx_word' id='word_1_195' title='bbox 1878 1458 1932 1512; x_wconf 86' lang='lat' dir='ltr'>xij</span> 
     </span>
     <span class='ocr_line' id='line_1_21' title="bbox 548 1515 1935 1571; baseline 0 -14"><span class='ocrx_word' id='word_1_196' title='bbox 548 1517 633 1557; x_wconf 87' lang='lat' dir='ltr'>mil.</span> <span class='ocrx_word' id='word_1_197' title='bbox 649 1517 781 1556; x_wconf 89' lang='lat' dir='ltr'>habet.</span> <span class='ocrx_word' id='word_1_198' title='bbox 806 1517 889 1556; x_wconf 90' lang='lat' dir='ltr'>Ubi</span> <span class='ocrx_word' id='word_1_199' title='bbox 908 1517 1064 1556; x_wconf 52' lang='lat' dir='ltr'>sanaeaeus</span> <span class='ocrx_word' id='word_1_200' title='bbox 1082 1517 1223 1557; x_wconf 88' lang='lat' dir='ltr'>Helias</span> <span class='ocrx_word' id='word_1_201' title='bbox 1239 1516 1373 1557; x_wconf 80' lang='lat' dir='ltr'>missus</span> <span class='ocrx_word' id='word_1_202' title='bbox 1389 1516 1444 1556; x_wconf 92' lang='lat' dir='ltr'>est</span> <span class='ocrx_word' id='word_1_203' title='bbox 1461 1516 1509 1556; x_wconf 88' lang='lat' dir='ltr'>ad</span> <span class='ocrx_word' id='word_1_204' title='bbox 1529 1517 1694 1555; x_wconf 90' lang='lat' dir='ltr'>viduam</span> <span class='ocrx_word' id='word_1_205' title='bbox 1712 1515 1837 1568; x_wconf 92' lang='lat' dir='ltr'>illam,</span> <span class='ocrx_word' id='word_1_206' title='bbox 1856 1532 1935 1571; x_wconf 93' lang='lat' dir='ltr'>que</span> 
     </span>
     <span class='ocr_line' id='line_1_22' title="bbox 541 1573 1939 1630; baseline -0.001 -13"><span class='ocrx_word' id='word_1_207' title='bbox 541 1591 635 1617; x_wconf 88' lang='lat' dir='ltr'>eum</span> <span class='ocrx_word' id='word_1_208' title='bbox 658 1576 855 1630; x_wconf 87' lang='lat' dir='ltr'>pascebat.</span> <span class='ocrx_word' id='word_1_209' title='bbox 878 1577 1007 1618; x_wconf 88' lang='lat' dir='ltr'>Cuius</span> <span class='ocrx_word' id='word_1_210' title='bbox 1028 1576 1158 1616; x_wconf 87' lang='lat' dir='ltr'>filium</span> <span class='ocrx_word' id='word_1_211' title='bbox 1179 1576 1423 1616; x_wconf 83' lang='lat' dir='ltr'>resuscitavit</span> <span class='ocrx_word' id='word_1_212' title='bbox 1444 1575 1552 1615; x_wconf 83' lang='lat' dir='ltr'>&amp;ibi</span> <span class='ocrx_word' id='word_1_213' title='bbox 1569 1573 1625 1614; x_wconf 88' lang='lat' dir='ltr'>est</span> <span class='ocrx_word' id='word_1_214' title='bbox 1641 1574 1790 1630; x_wconf 79' lang='lat' dir='ltr'><em>ecclefia</em></span> <span class='ocrx_word' id='word_1_215' title='bbox 1811 1577 1939 1616; x_wconf 66' lang='lat' dir='ltr'><em>SanHi</em></span> 
     </span>
     <span class='ocr_line' id='line_1_23' title="bbox 540 1633 1935 1687; baseline 0 -13"><span class='ocrx_word' id='word_1_216' title='bbox 540 1635 676 1684; x_wconf 77' lang='lat' dir='ltr'><em>Helie3</em></span> <span class='ocrx_word' id='word_1_217' title='bbox 697 1651 792 1675; x_wconf 88' lang='lat' dir='ltr'>nam</span> <span class='ocrx_word' id='word_1_218' title='bbox 809 1651 961 1676; x_wconf 88' lang='lat' dir='ltr'>nomen</span> <span class='ocrx_word' id='word_1_219' title='bbox 978 1636 1160 1676; x_wconf 84' lang='lat' dir='ltr'>mulieris</span> <span class='ocrx_word' id='word_1_220' title='bbox 1176 1635 1390 1675; x_wconf 88' lang='lat' dir='ltr'>nescimus.</span> <span class='ocrx_word' id='word_1_221' title='bbox 1408 1634 1630 1685; x_wconf 86' lang='lat' dir='ltr'>Lazarum,</span> <span class='ocrx_word' id='word_1_222' title='bbox 1643 1648 1767 1687; x_wconf 89' lang='lat' dir='ltr'>quem</span> <span class='ocrx_word' id='word_1_223' title='bbox 1782 1633 1935 1674; x_wconf 90' lang='lat' dir='ltr'>Domi-</span> 
     </span>
     <span class='ocr_line' id='line_1_24' title="bbox 540 1692 1936 1748; baseline -0.001 -15"><span class='ocrx_word' id='word_1_224' title='bbox 540 1708 616 1735; x_wconf 85' lang='lat' dir='ltr'>nus</span> <span class='ocrx_word' id='word_1_225' title='bbox 637 1694 850 1746; x_wconf 83' lang='lat' dir='ltr'>suscitavit,</span> <span class='ocrx_word' id='word_1_226' title='bbox 879 1696 1037 1746; x_wconf 84' lang='lat' dir='ltr'>scimus,</span> <span class='ocrx_word' id='word_1_227' title='bbox 1068 1695 1164 1748; x_wconf 90' lang='lat' dir='ltr'>quia</span> <span class='ocrx_word' id='word_1_228' title='bbox 1193 1693 1444 1733; x_wconf 88' lang='lat' dir='ltr'>resuscitatus</span> <span class='ocrx_word' id='word_1_229' title='bbox 1467 1692 1534 1732; x_wconf 90' lang='lat' dir='ltr'>est.</span> <span class='ocrx_word' id='word_1_230' title='bbox 1567 1693 1679 1732; x_wconf 90' lang='lat' dir='ltr'>Nam</span> <span class='ocrx_word' id='word_1_231' title='bbox 1701 1692 1740 1732; x_wconf 87' lang='lat'>&amp;</span> <span class='ocrx_word' id='word_1_232' title='bbox 1761 1692 1936 1732; x_wconf 89' lang='lat' dir='ltr'>secunda</span> 
     </span>
     <span class='ocr_line' id='line_1_25' title="bbox 542 1751 1933 1805; baseline 0 -13"><span class='ocrx_word' id='word_1_233' title='bbox 542 1765 672 1794; x_wconf 86' lang='lat' dir='ltr'>morte</span> <span class='ocrx_word' id='word_1_234' title='bbox 695 1755 779 1795; x_wconf 90' lang='lat' dir='ltr'>eius</span> <span class='ocrx_word' id='word_1_235' title='bbox 801 1770 924 1795; x_wconf 90' lang='lat' dir='ltr'>nemo</span> <span class='ocrx_word' id='word_1_236' title='bbox 945 1755 1060 1805; x_wconf 88' lang='lat' dir='ltr'>vidit,</span> <span class='ocrx_word' id='word_1_237' title='bbox 1081 1753 1151 1794; x_wconf 76' lang='lat' dir='ltr'>nist</span> <span class='ocrx_word' id='word_1_238' title='bbox 1174 1753 1278 1793; x_wconf 90' lang='lat' dir='ltr'>solus</span> <span class='ocrx_word' id='word_1_239' title='bbox 1302 1753 1433 1804; x_wconf 91' lang='lat' dir='ltr'>Deus,</span> <span class='ocrx_word' id='word_1_240' title='bbox 1461 1752 1500 1792; x_wconf 86' lang='lat'>&amp;</span> <span class='ocrx_word' id='word_1_241' title='bbox 1520 1751 1646 1791; x_wconf 91' lang='lat' dir='ltr'>modo</span> <span class='ocrx_word' id='word_1_242' title='bbox 1673 1752 1713 1791; x_wconf 86' lang='lat' dir='ltr'>in</span> <span class='ocrx_word' id='word_1_243' title='bbox 1735 1752 1817 1805; x_wconf 88' lang='lat' dir='ltr'>ipso</span> <span class='ocrx_word' id='word_1_244' title='bbox 1839 1751 1933 1792; x_wconf 86' lang='lat' dir='ltr'>loco</span> 
     </span>
     <span class='ocr_line' id='line_1_26' title="bbox 542 1809 1935 1868; baseline -0.001 -15"><span class='ocrx_word' id='word_1_245' title='bbox 542 1814 675 1854; x_wconf 89' lang='lat' dir='ltr'>omnis</span> <span class='ocrx_word' id='word_1_246' title='bbox 690 1814 880 1868; x_wconf 91' lang='lat' dir='ltr'>populus,</span> <span class='ocrx_word' id='word_1_247' title='bbox 901 1815 1037 1868; x_wconf 87' lang='lat' dir='ltr'>quein</span> <span class='ocrx_word' id='word_1_248' title='bbox 1054 1814 1226 1854; x_wconf 86' lang='lat' dir='ltr'>circuitu</span> <span class='ocrx_word' id='word_1_249' title='bbox 1248 1813 1334 1853; x_wconf 89' lang='lat' dir='ltr'>eius</span> <span class='ocrx_word' id='word_1_250' title='bbox 1351 1811 1571 1862; x_wconf 87' lang='lat' dir='ltr'>versantur,</span> <span class='ocrx_word' id='word_1_251' title='bbox 1594 1811 1648 1850; x_wconf 88' lang='lat' dir='ltr'>ibi</span> <span class='ocrx_word' id='word_1_252' title='bbox 1671 1809 1803 1852; x_wconf 84' lang='lat' dir='ltr'>miffas</span> <span class='ocrx_word' id='word_1_253' title='bbox 1827 1812 1935 1851; x_wconf 88' lang='lat' dir='ltr'>cele-</span> 
     </span>
     <span class='ocr_line' id='line_1_27' title="bbox 542 1872 721 1913; baseline 0.011 -2"><span class='ocrx_word' id='word_1_254' title='bbox 542 1872 721 1913; x_wconf 88' lang='lat' dir='ltr'>brantur.</span> 
     </span>
    </p>

    <p class='ocr_par' dir='ltr' id='par_1_7' title="bbox 373 1930 2039 2343">
     <span class='ocr_line' id='line_1_28' title="bbox 373 1930 2039 1987; baseline -0.001 -12"><span class='ocrx_word' id='word_1_255' title='bbox 373 1945 524 1976; x_wconf 81' lang='lat' dir='ltr'>XXXIX</span> <span class='ocrx_word' id='word_1_256' title='bbox 595 1931 642 1972; x_wconf 89' lang='lat' dir='ltr'>In</span> <span class='ocrx_word' id='word_1_257' title='bbox 663 1933 837 1974; x_wconf 65' lang='lat' dir='ltr'><em>Arabim</em></span> <span class='ocrx_word' id='word_1_258' title='bbox 857 1935 1040 1974; x_wconf 87' lang='lat' dir='ltr'>civitates</span> <span class='ocrx_word' id='word_1_259' title='bbox 1062 1934 1130 1987; x_wconf 80' lang='lat' dir='ltr'>xij,</span> <span class='ocrx_word' id='word_1_260' title='bbox 1161 1933 1229 1973; x_wconf 89' lang='lat' dir='ltr'>ubi</span> <span class='ocrx_word' id='word_1_261' title='bbox 1253 1933 1416 1972; x_wconf 89' lang='lat' dir='ltr'>fuerunt</span> <span class='ocrx_word' id='word_1_262' title='bbox 1438 1932 1633 1972; x_wconf 87' lang='lat' dir='ltr'>Amorrei</span> <span class='ocrx_word' id='word_1_263' title='bbox 1655 1931 1693 1972; x_wconf 85' lang='lat'>&amp;</span> <span class='ocrx_word' id='word_1_264' title='bbox 1721 1930 1932 1984; x_wconf 85' lang='lat' dir='ltr'>Gergesei,</span> <span class='ocrx_word' id='word_1_265' title='bbox 1954 1943 1974 1975; x_wconf 87' lang='lat' dir='ltr'>f.</span> <span class='ocrx_word' id='word_1_266' title='bbox 1993 1953 2039 1983; x_wconf 87' lang='lat'>33.</span> 
     </span>
     <span class='ocr_line' id='line_1_29' title="bbox 541 1990 1932 2049; baseline -0.001 -18"><span class='ocrx_word' id='word_1_267' title='bbox 541 1990 696 2032; x_wconf 86' lang='lat' dir='ltr'>Iebusei</span> <span class='ocrx_word' id='word_1_268' title='bbox 718 1992 757 2032; x_wconf 68' lang='grc' dir='ltr'>δε</span> <span class='ocrx_word' id='word_1_269' title='bbox 774 1992 955 2032; x_wconf 84' lang='lat' dir='ltr'>Ferezei.</span> <span class='ocrx_word' id='word_1_270' title='bbox 979 1993 998 2031; x_wconf 66' lang='lat' dir='ltr'><em>l</em></span> <span class='ocrx_word' id='word_1_271' title='bbox 998 1992 1158 2044; x_wconf 72' lang='lat' dir='ltr'>alestim</span> <span class='ocrx_word' id='word_1_272' title='bbox 1154 2009 1170 2031; x_wconf 79' lang='grc' dir='ltr'><em>ι</em></span> <span class='ocrx_word' id='word_1_273' title='bbox 1193 1992 1342 2031; x_wconf 87' lang='lat' dir='ltr'>dicitur</span> <span class='ocrx_word' id='word_1_274' title='bbox 1363 1992 1574 2045; x_wconf 88' lang='lat' dir='ltr'>provincia</span> <span class='ocrx_word' id='word_1_275' title='bbox 1590 1992 1658 2031; x_wconf 90' lang='lat' dir='ltr'>ubi</span> <span class='ocrx_word' id='word_1_276' title='bbox 1676 1991 1932 2049; x_wconf 77' lang='lat' dir='ltr'><em>Hierosalem,</em></span> 
     </span>
     <span class='ocr_line' id='line_1_30' title="bbox 541 2050 1934 2110; baseline -0.001 -19"><span class='ocrx_word' id='word_1_277' title='bbox 541 2052 682 2092; x_wconf 87' lang='lat' dir='ltr'>civitas</span> <span class='ocrx_word' id='word_1_278' title='bbox 712 2053 840 2106; x_wconf 72' lang='lat' dir='ltr'>xxiiij,</span> <span class='ocrx_word' id='word_1_279' title='bbox 880 2052 919 2092; x_wconf 91' lang='lat' dir='ltr'>id</span> <span class='ocrx_word' id='word_1_280' title='bbox 957 2052 1012 2092; x_wconf 87' lang='lat' dir='ltr'>est</span> <span class='ocrx_word' id='word_1_281' title='bbox 1055 2052 1209 2092; x_wconf 73' lang='lat' dir='ltr'><em>Gzlzlea</em></span> <span class='ocrx_word' id='word_1_282' title='bbox 1227 2059 1374 2110; x_wconf 79' lang='lat' dir='ltr'>supra,</span> <span class='ocrx_word' id='word_1_283' title='bbox 1406 2051 1734 2110; x_wconf 76' lang='lat' dir='ltr'>[Me]sopotamia,</span> <span class='ocrx_word' id='word_1_284' title='bbox 1765 2050 1934 2091; x_wconf 86' lang='lat' dir='ltr'>Armina</span> 
     </span>
     <span class='ocr_line' id='line_1_31' title="bbox 539 2109 1934 2167; baseline -0.002 -16"><span class='ocrx_word' id='word_1_285' title='bbox 539 2112 690 2163; x_wconf 77' lang='lat' dir='ltr'>minore,</span> <span class='ocrx_word' id='word_1_286' title='bbox 712 2111 880 2151; x_wconf 53' lang='lat' dir='ltr'>Armiaeza</span> <span class='ocrx_word' id='word_1_287' title='bbox 900 2113 1052 2162; x_wconf 86' lang='lat' dir='ltr'><em>maiore,</em></span> <span class='ocrx_word' id='word_1_288' title='bbox 1077 2110 1264 2166; x_wconf 70' lang='lat' dir='ltr'>Perfidia,</span> <span class='ocrx_word' id='word_1_289' title='bbox 1285 2111 1408 2166; x_wconf 86' lang='lat' dir='ltr'><em>Affia,</em></span> <span class='ocrx_word' id='word_1_290' title='bbox 1429 2110 1588 2167; x_wconf 82' lang='lat' dir='ltr'>Epheso,</span> <span class='ocrx_word' id='word_1_291' title='bbox 1615 2109 1793 2166; x_wconf 85' lang='lat' dir='ltr'><em>Mustca,</em></span> <span class='ocrx_word' id='word_1_292' title='bbox 1824 2109 1934 2149; x_wconf 77' lang='lat' dir='ltr'><em>Fila-</em></span> 
     </span>
     <span class='ocr_line' id='line_1_32' title="bbox 540 2169 1934 2229; baseline -0.001 -18"><span class='ocrx_word' id='word_1_293' title='bbox 540 2171 666 2226; x_wconf 60' lang='grc' dir='ltr'>ἅείβα,</span> <span class='ocrx_word' id='word_1_294' title='bbox 686 2171 829 2226; x_wconf 74' lang='lat' dir='ltr'>Graff</span> <span class='ocrx_word' id='word_1_295' title='bbox 814 2188 912 2225; x_wconf 80' lang='lat' dir='ltr'>ger,</span> <span class='ocrx_word' id='word_1_296' title='bbox 930 2171 1075 2222; x_wconf 72' lang='lat' dir='ltr'>Erana,</span> <span class='ocrx_word' id='word_1_297' title='bbox 1092 2171 1323 2229; x_wconf 82' lang='lat' dir='ltr'>Damascus,</span> <span class='ocrx_word' id='word_1_298' title='bbox 1344 2170 1556 2222; x_wconf 83' lang='lat' dir='ltr'><em>Galidura,</em></span> <span class='ocrx_word' id='word_1_299' title='bbox 1579 2170 1713 2221; x_wconf 83' lang='lat' dir='ltr'><em>Lalia,</em></span> <span class='ocrx_word' id='word_1_300' title='bbox 1736 2169 1934 2220; x_wconf 81' lang='lat' dir='ltr'>Caritolz&#39;a,</span> 
     </span>
     <span class='ocr_line' id='line_1_33' title="bbox 542 2229 1933 2296; baseline -0.002 -25"><span class='ocrx_word' id='word_1_301' title='bbox 542 2231 676 2286; x_wconf 86' lang='lat' dir='ltr'><em>Astra,</em></span> <span class='ocrx_word' id='word_1_302' title='bbox 718 2231 929 2282; x_wconf 67' lang='lat' dir='ltr'><em>Iunchana,</em></span> <span class='ocrx_word' id='word_1_303' title='bbox 964 2230 1005 2273; x_wconf 91' lang='lat' dir='ltr'><em>V</em></span> <span class='ocrx_word' id='word_1_304' title='bbox 1001 2232 1153 2282; x_wconf 85' lang='lat' dir='ltr'><em>olumza,</em></span> <span class='ocrx_word' id='word_1_305' title='bbox 1188 2230 1398 2296; x_wconf 72' lang='lat' dir='ltr'>Medefva,</span> <span class='ocrx_word' id='word_1_306' title='bbox 1449 2230 1642 2281; x_wconf 81' lang='lat' dir='ltr'>Hiericho,</span> <span class='ocrx_word' id='word_1_307' title='bbox 1674 2229 1933 2280; x_wconf 80' lang='lat' dir='ltr'>Alexandria,</span> 
     </span>
     <span class='ocr_line' id='line_1_34' title="bbox 542 2289 1802 2347; baseline 0 -18"><span class='ocrx_word' id='word_1_308' title='bbox 542 2290 776 2341; x_wconf 81' lang='lat' dir='ltr'>Nicomedia,</span> <span class='ocrx_word' id='word_1_309' title='bbox 798 2291 1009 2331; x_wconf 73' lang='lat' dir='ltr'><em>Sirmionia.</em></span> <span class='ocrx_word' id='word_1_310' title='bbox 1032 2290 1152 2347; x_wconf 83' lang='lat' dir='ltr'>Ouas</span> <span class='ocrx_word' id='word_1_311' title='bbox 1169 2291 1352 2330; x_wconf 88' lang='lat' dir='ltr'>civitates</span> <span class='ocrx_word' id='word_1_312' title='bbox 1374 2290 1442 2329; x_wconf 88' lang='lat' dir='ltr'>sub</span> <span class='ocrx_word' id='word_1_313' title='bbox 1465 2290 1714 2343; x_wconf 86' lang='lat' dir='ltr'>imperatore</span> <span class='ocrx_word' id='word_1_314' title='bbox 1736 2289 1802 2329; x_wconf 90' lang='lat' dir='ltr'>est.</span> 
     </span>
    </p>

    <p class='ocr_par' dir='ltr' id='par_1_8' title="bbox 374 2349 2074 2642">
     <span class='ocr_line' id='line_1_35' title="bbox 374 2349 2074 2408; baseline -0.003 -16"><span class='ocrx_word' id='word_1_315' title='bbox 374 2361 524 2392; x_wconf 85' lang='lat' dir='ltr'>XXXIV</span> <span class='ocrx_word' id='word_1_316' title='bbox 594 2349 641 2390; x_wconf 91' lang='lat' dir='ltr'>In</span> <span class='ocrx_word' id='word_1_317' title='bbox 663 2351 787 2408; x_wconf 76' lang='lat' dir='ltr'><em>Effso</em></span> <span class='ocrx_word' id='word_1_318' title='bbox 808 2350 895 2390; x_wconf 89' lang='lat' dir='ltr'>sunt</span> <span class='ocrx_word' id='word_1_319' title='bbox 925 2351 976 2405; x_wconf 83' lang='lat' dir='ltr'>vij</span> <span class='ocrx_word' id='word_1_320' title='bbox 1003 2351 1145 2391; x_wconf 89' lang='lat' dir='ltr'>fratres</span> <span class='ocrx_word' id='word_1_321' title='bbox 1167 2350 1430 2400; x_wconf 86' lang='lat' dir='ltr'>do1mientes,</span> <span class='ocrx_word' id='word_1_322' title='bbox 1457 2363 1637 2403; x_wconf 90' lang='lat' dir='ltr'>quorum</span> <span class='ocrx_word' id='word_1_323' title='bbox 1667 2350 1838 2389; x_wconf 88' lang='lat' dir='ltr'>nomina</span> <span class='ocrx_word' id='word_1_324' title='bbox 1856 2349 1933 2388; x_wconf 86' lang='lat' dir='ltr'>hec</span> <span class='ocrx_word' id='word_1_325' title='bbox 1955 2357 1974 2386; x_wconf 92' lang='lat' dir='ltr'>f.</span> <span class='ocrx_word' id='word_1_326' title='bbox 1993 2365 2029 2396; x_wconf 84' lang='lat'>33</span> <span class='ocrx_word' id='word_1_327' title='bbox 2048 2358 2074 2387; x_wconf 82' lang='lat' dir='ltr'>b.</span> 
     </span>
     <span class='ocr_line' id='line_1_36' title="bbox 543 2407 1933 2463; baseline -0.001 -13"><span class='ocrx_word' id='word_1_328' title='bbox 543 2410 889 2460; x_wconf 77' lang='lat' dir='ltr'>1u11tzAchillius,</span> <span class='ocrx_word' id='word_1_329' title='bbox 906 2410 1018 2450; x_wconf 77' lang='lat' dir='ltr'>Dion</span> <span class='ocrx_word' id='word_1_330' title='bbox 1028 2410 1130 2460; x_wconf 80' lang='lat' dir='ltr'>ihus,</span> <span class='ocrx_word' id='word_1_331' title='bbox 1148 2408 1371 2463; x_wconf 79' lang='lat' dir='ltr'>Eugenius</span> <span class='ocrx_word' id='word_1_332' title='bbox 1387 2408 1584 2459; x_wconf 81' lang='lat' dir='ltr'>Sabatius,</span> <span class='ocrx_word' id='word_1_333' title='bbox 1603 2407 1829 2461; x_wconf 86' lang='lat' dir='ltr'>Propatius,</span> <span class='ocrx_word' id='word_1_334' title='bbox 1845 2409 1933 2448; x_wconf 87' lang='lat' dir='ltr'>Ste-</span> 
     </span>
     <span class='ocr_line' id='line_1_37' title="bbox 544 2467 1931 2524; baseline -0.001 -15"><span class='ocrx_word' id='word_1_335' title='bbox 544 2484 685 2524; x_wconf 87' lang='lat' dir='ltr'>panus,</span> <span class='ocrx_word' id='word_1_336' title='bbox 715 2470 954 2524; x_wconf 80' lang='lat' dir='ltr'>Chyriacus.</span> <span class='ocrx_word' id='word_1_337' title='bbox 986 2468 1125 2509; x_wconf 86' lang='lat' dir='ltr'>Mater</span> <span class='ocrx_word' id='word_1_338' title='bbox 1154 2481 1296 2509; x_wconf 85' lang='lat' dir='ltr'>eorum</span> <span class='ocrx_word' id='word_1_339' title='bbox 1323 2481 1442 2521; x_wconf 84' lang='lat' dir='ltr'>grece</span> <span class='ocrx_word' id='word_1_340' title='bbox 1474 2479 1645 2507; x_wconf 90' lang='lat' dir='ltr'>vocatur</span> <span class='ocrx_word' id='word_1_341' title='bbox 1678 2467 1864 2508; x_wconf 86' lang='lat' dir='ltr'>Caritina</span> <span class='ocrx_word' id='word_1_342' title='bbox 1894 2467 1931 2508; x_wconf 87' lang='lat'>&amp;</span> 
     </span>
     <span class='ocr_line' id='line_1_38' title="bbox 543 2525 1929 2583; baseline -0.001 -14"><span class='ocrx_word' id='word_1_343' title='bbox 543 2530 666 2570; x_wconf 86' lang='lat' dir='ltr'>latine</span> <span class='ocrx_word' id='word_1_344' title='bbox 697 2528 900 2580; x_wconf 84' lang='lat' dir='ltr'>Felicitas,</span> <span class='ocrx_word' id='word_1_345' title='bbox 931 2528 1170 2583; x_wconf 83' lang='lat' dir='ltr'>catulusque</span> <span class='ocrx_word' id='word_1_346' title='bbox 1198 2538 1368 2567; x_wconf 88' lang='lat' dir='ltr'>vocatur</span> <span class='ocrx_word' id='word_1_347' title='bbox 1400 2528 1603 2568; x_wconf 87' lang='lat' dir='ltr'>Urcanus.</span> <span class='ocrx_word' id='word_1_348' title='bbox 1634 2525 1752 2580; x_wconf 92' lang='lat' dir='ltr'>Ipse</span> <span class='ocrx_word' id='word_1_349' title='bbox 1744 2538 1851 2567; x_wconf 81' lang='lat' dir='ltr'>lacet</span> <span class='ocrx_word' id='word_1_350' title='bbox 1881 2527 1929 2567; x_wconf 88' lang='lat' dir='ltr'>ad</span> 
     </span>
     <span class='ocr_line' id='line_1_39' title="bbox 545 2586 1930 2642; baseline -0.002 -14"><span class='ocrx_word' id='word_1_351' title='bbox 545 2588 667 2642; x_wconf 89' lang='lat' dir='ltr'>pedes</span> <span class='ocrx_word' id='word_1_352' title='bbox 688 2603 845 2628; x_wconf 80' lang='lat' dir='ltr'>eorum.</span> <span class='ocrx_word' id='word_1_353' title='bbox 877 2588 958 2628; x_wconf 91' lang='lat' dir='ltr'>Ubi</span> <span class='ocrx_word' id='word_1_354' title='bbox 984 2590 1088 2628; x_wconf 88' lang='lat' dir='ltr'>iacet</span> <span class='ocrx_word' id='word_1_355' title='bbox 1108 2587 1265 2628; x_wconf 58' lang='lat' dir='ltr'>sanitus</span> <span class='ocrx_word' id='word_1_356' title='bbox 1288 2588 1541 2628; x_wconf 90' lang='lat' dir='ltr'>Timotheus</span> <span class='ocrx_word' id='word_1_357' title='bbox 1570 2586 1786 2640; x_wconf 87' lang='lat' dir='ltr'>discipulus</span> <span class='ocrx_word' id='word_1_358' title='bbox 1808 2586 1930 2626; x_wconf 68' lang='lat' dir='ltr'>saneti</span> 
     </span>
    </p>
   </div>
   <div class='ocr_carea' id='block_1_3' title="bbox 341 2646 1932 2760">
    <p class='ocr_par' dir='ltr' id='par_1_9' title="bbox 341 2646 1932 2760">
     <span class='ocr_line' id='line_1_40' title="bbox 547 2646 673 2686; baseline 0 0"><span class='ocrx_word' id='word_1_359' title='bbox 547 2646 673 2686; x_wconf 89' lang='lat' dir='ltr'>Pauli.</span> 
     </span>
     <span class='ocr_line' id='line_1_41' title="bbox 341 2704 1932 2760; baseline -0.004 -10"><span class='ocrx_word' id='word_1_360' title='bbox 341 2719 526 2751; x_wconf 65' lang='lat' dir='ltr'>XXXVIII</span> <span class='ocrx_word' id='word_1_361' title='bbox 599 2704 718 2746; x_wconf 82' lang='lat' dir='ltr'>quta</span> <span class='ocrx_word' id='word_1_362' title='bbox 747 2716 899 2746; x_wconf 77' lang='lat' dir='ltr'>montem</span> <span class='ocrx_word' id='word_1_363' title='bbox 920 2707 1044 2760; x_wconf 84' lang='lat' dir='ltr'><em>Synai,</em></span> <span class='ocrx_word' id='word_1_364' title='bbox 1075 2707 1178 2746; x_wconf 88' lang='lat' dir='ltr'>infra</span> <span class='ocrx_word' id='word_1_365' title='bbox 1206 2706 1429 2757; x_wconf 89' lang='lat' dir='ltr'>civitatem,</span> <span class='ocrx_word' id='word_1_366' title='bbox 1470 2705 1537 2744; x_wconf 85' lang='lat' dir='ltr'>ubi</span> <span class='ocrx_word' id='word_1_367' title='bbox 1570 2704 1738 2759; x_wconf 86' lang='lat' dir='ltr'>Moyses</span> <span class='ocrx_word' id='word_1_368' title='bbox 1760 2704 1932 2744; x_wconf 84' lang='lat' dir='ltr'>Abime-</span> 
     </span>
    </p>
   </div>
  </div>
 </body>
</html>
