2216 3435
622 266 673 299 IN
700 265 964 299 OBSIDIONE
989 264 1252 298 DAMIATE.
1538 264 1622 316 155

250 414 386 459 satum
405 412 610 457 nostrum.
631 412 816 475 Qanto
833 427 980 457 autem
999 411 1135 456 acrius
1155 427 1235 455 nos
1260 409 1622 473 expugnabamus
1648 432 1725 461 1219

251 485 483 540 civitatem,
520 499 641 528 tanto
675 482 769 545 plus
805 481 879 544 ipsi
909 480 965 528 ab
995 482 1182 527 exercitu
1208 480 1376 527 soldani
1401 499 1625 544 expugna-

251 551 413 599 bamur.
440 553 543 598 Hoc
563 552 725 599 bellum
749 553 828 599 fuit
851 552 1092 598 biduanum
1110 569 1210 596 cum
1237 568 1442 613 quattuor
1463 551 1623 598 occisis.

251 627 295 668 In
320 622 479 668 foffato
513 641 658 687 autem
693 625 826 686 aliqui
859 622 912 669 de
938 624 1088 668 nostris
1125 624 1283 667 mortui
1325 623 1516 681 fuerunt3
1556 623 1624 682 alij

248 694 350 756 igne
383 693 609 752 combusti,
648 695 716 752 alij
751 693 966 756 lapidibus
1000 693 1158 752 obruti,
1195 694 1262 751 alij
1299 691 1519 751 decollati,
1556 694 1624 752 alij

248 765 408 827 sagittis
436 765 594 810 confixi
629 766 736 812 sunt.
778 764 976 829 Qidam
1000 781 1146 810 autem
1170 765 1441 819 sarracenus,
1480 765 1623 809 exiens

249 833 302 880 de
327 836 512 894 civitate,
545 837 687 882 retulit
709 836 849 892 nobis,
887 835 1008 898 quod
1033 837 1142 881 intra
1167 836 1386 881 civitatem
1405 836 1512 879 inter
1536 835 1626 881 vul-

248 922 420 952 neratos
454 909 499 952 ὃς
534 923 729 952 mortuos
756 907 997 969 computati
1038 906 1208 951 fuerunt
1234 906 1463 967 plusquam
1488 906 1625 950 oelin-

247 979 380 1039 genti.
418 978 500 1036 Alij
537 995 697 1037 autem,
732 977 786 1023 de
822 978 922 1022 foris
950 978 1183 1033 venientes,
1225 977 1422 1038 quintam
1458 992 1627 1038 partem

246 1047 421 1093 illorum
471 1066 561 1096 tam
601 1050 833 1094 hominum
870 1066 1002 1111 quam
1038 1066 1254 1110 equorum
1279 1048 1482 1107 occisam,
1521 1046 1624 1093 affe-

247 1136 434 1165 ruerunt.

312 1191 479 1236 XXXII.
519 1194 672 1236 Iterum
704 1192 902 1254 precepit
938 1190 1144 1237 dominus
1173 1190 1355 1253 legatus,
1396 1191 1451 1236 ad
1482 1193 1625 1237 menia

247 1262 427 1307 civitatis
452 1261 616 1307 trahere
641 1278 793 1308 cattos.

539 1406 606 1448 De
617 1406 794 1464 secunda
818 1408 1000 1449 civitatis
1023 1408 1332 1466 oppugnatione.

311 1549 440 1612 Igitur
460 1548 614 1609 quinto
639 1547 814 1593 decimo
839 1547 1041 1593 calendas
1060 1549 1241 1611 Augusti
1266 1547 1511 1594 trahebatur
1535 1566 1621 1594 cat-
1642 1565 1696 1594 Iul.
1717 1566 1761 1594 18.

245 1634 310 1663 tus
334 1636 443 1664 unus
477 1616 534 1663 ad
561 1617 781 1664 fossatum.
819 1618 971 1682 Egreffi
1008 1634 1155 1664 autem
1180 1620 1338 1682 Pagani
1363 1636 1464 1664 cum
1491 1637 1622 1665 manu

244 1688 386 1735 valida
410 1689 523 1734 sexta
544 1689 651 1734 hora
675 1689 774 1748 diei,
806 1688 1045 1735 deferentes
1070 1690 1191 1753 ligna
1208 1692 1253 1734 ὃς
1269 1690 1434 1753 ignem,
1459 1707 1623 1736 cattum

244 1760 436 1805 nostrum
452 1760 637 1805 ferreum
650 1777 964 1817 cremaverunt,
986 1759 1040 1806 de
1059 1762 1178 1806 cuius
1196 1762 1420 1807 amiffione
1436 1763 1624 1807 maxime

245 1829 461 1876 doluimus
484 1848 579 1888 nos,
608 1832 653 1876 ὃς
675 1832 787 1876 intus
813 1832 999 1877 maxime
1022 1830 1266 1877 letabantur
1289 1832 1361 1878 illi.

310 1977 376 2017 ‘De
398 1977 523 2018 tercia
546 1977 837 2035 expugnatione
861 1974 900 2018 δ’
921 1976 1087 2018 adventu
1116 1978 1370 2034 Paganorum
1399 1977 1552 2020 οέῖανο.

306 2115 490 2162 ΧΧΧΙΙΙ.
531 2119 572 2160 [n
605 2116 709 2160 festo
735 2116 889 2161 Sane‘te
913 2115 1200 2178 Margarethe‚
1236 2116 1408 2160 armatis
1447 2116 1757 2161 cocchis1u1-20-

243 2188 288 2232 ὃ(
317 2187 450 2250 galeis
487 2185 774 2244 &.barb0tis,
800 2187 1032 2232 Christiani
1067 2203 1277 2232 venerunt
1318 2188 1473 2231 iterum
1505 2188 1620 2233 iuxta

244 2275 391 2303 muros
428 2259 623 2304 civitatis.
659 2259 879 2304 Sarraceni
914 2275 1060 2303 autem
1097 2274 1197 2302 cum
1222 2259 1415 2320 petrariis
1439 2260 1484 2303 ὅ(
1517 2275 1620 2320 qua-

244 2329 352 2375 rellis
377 2332 421 2375 &
446 2329 675 2376 trabucetis
705 2329 934 2375 crudeliter
960 2330 999 2374 se
1027 2328 1332 2386 defenderunt,
1369 2328 1441 2374 sed
1475 2330 1619 2376 Chris-

244 2402 346 2447 tiani
371 2402 529 2446 multos
555 2401 809 2447 occiderunt
832 2404 876 2447 δε
900 2401 1243 2447 vulneraverunt.
1269 2401 1395 2445 Tunc
1419 2402 1541 2446 multi
1567 2402 1620 2448 de

243 2472 413 2517 civitate
431 2470 607 2531 flebant,
628 2473 705 2518 viri
734 2489 784 2517 ac
803 2473 1016 2529 mulieres,
1044 2473 1164 2534 parvi
1186 2474 1230 2516 ὃ(
1251 2473 1414 2534 magni,
1440 2473 1619 2534 capillos

244 2543 341 2587 suos
361 2543 590 2588 evellentes
610 2561 863 2605 nomenque
878 2544 960 2588 Dei
979 2544 1038 2588 sui
1051 2542 1398 2605 blasphemantes
1414 2546 1457 2588 ὃς
1473 2543 1618 2589 dieen-

244 2630 323 2659 tes:
368 2616 405 2659 Ο
436 2617 580 2674 infelix
604 2617 864 2672 Machomer,
898 2634 982 2659 ecce
1008 2616 1227 2673 Christiani
1255 2619 1416 2675 capiunt
1444 2619 1618 2660 ‘Damia-

243 2703 323 2730 tam
347 2686 386 2729 ὃν
407 2704 477 2730 nos
498 2690 747 2744 interficient,
774 2705 985 2746 nomenque
1012 2686 1136 2730 ‘Tuum
1156 2703 1231 2730 non
1255 2690 1331 2730 erit
1355 2690 1420 2730 hic
1444 2689 1618 2746 amplius

245 2761 479 2813 invocatum,
521 2775 658 2802 nomen
689 2775 815 2802 autem
844 2761 927 2802 ‘Dei
954 2760 1267 2816 Christianorum
1297 2761 1374 2802 erit
1403 2759 1616 2802 exaltatum
