2216 3435
690 146 774 192 162
1243 157 1501 190 ARCULFUS

781 397 924 443 XXIII.
951 401 1017 441 ‘De
1043 398 1131 441 loco
1159 400 1377 440 ‘Dominice
1402 397 1637 457 c1scenfi0ni5
1663 395 1702 439 ὃ*
1727 397 1773 439 de
1801 395 1959 456 ecclefia

1209 478 1248 518 in
1274 492 1319 518 eo
1345 474 1541 531 edificata.

751 609 794 651 In
833 623 929 651 toto
956 622 1108 651 monte
1133 604 1300 650 Oliveti
1333 603 1470 648 nullus
1494 603 1618 648 locus
1643 602 1769 648 altior
1793 600 1878 647 effe
1903 599 2072 646 videtur

684 680 775 738 illo,
812 678 866 724 de
898 696 986 740 quo
1015 678 1234 723 Dominus
1268 674 1323 721 ad
1355 676 1472 721 celos
1504 673 1739 721 ascendisse
1772 673 1966 734 traditur,
1997 672 2071 719 ubi

686 749 863 814 grandis
899 752 1057 812 ecclefia
1089 749 1167 794 stat
1191 750 1378 805 rotunda,
1405 764 1545 793 ternas
1570 765 1647 810 per
1673 747 1900 792 circuitum
1927 763 2071 791 came-

685 840 796 868 ratas
842 821 1006 868 habens
1056 822 1251 885 porticus
1299 819 1481 882 desuper
1527 822 1678 864 tecffas:
1727 820 1846 864 cuius
1897 815 2072 864 ecclefie

687 895 865 940 interior
891 893 1066 951 domus,
1093 891 1177 938 sme
1204 894 1319 937 tecio
1346 893 1390 936 ὅ(
1415 889 1501 936 sine
1528 907 1715 948 camera,
1747 889 1802 935 ad
1828 890 1973 936 celum
1998 887 2073 935 sub

686 969 784 1011 ae're
816 964 936 1011 nudo
968 981 1120 1028 aperta
1156 980 1290 1026 patet,
1324 964 1366 1009 in
1402 963 1521 1007 cuius
1553 961 1751 1007 orientali
1787 978 1910 1024 parte
1942 962 2074 1007 altare

687 1035 761 1082 sub
788 1037 972 1100 angusto
1003 1038 1250 1099 protee'tum
1276 1037 1393 1080 teoto
1421 1034 1563 1080 exstat.
1601 1032 1701 1078 Ideo
1726 1034 1873 1096 itaque
1897 1034 2076 1078 interior

688 1109 761 1154 illa
786 1107 944 1154 domus
971 1118 1219 1153 cameramd
1244 1124 1335 1152 non
1361 1104 1506 1164 habet,
1531 1121 1577 1150 ut
1604 1104 1658 1150 de
1683 1104 1758 1150 iIlo
1783 1105 1903 1164 loco,
1922 1106 1966 1150 in
1983 1120 2074 1167 quo

687 1181 958 1244 postremum
994 1180 1142 1226 divina
1179 1178 1440 1225 cernunturb
1475 1178 1666 1241 vestigia,
1708 1194 1809 1222 cum
1848 1178 1892 1222 in
1935 1177 2077 1223 celum

689 1253 912 1298 Dominus
945 1253 989 1296 in
1023 1250 1139 1298 nube
1171 1249 1412 1297 sublevatus
1443 1251 1516 1310 est,
1550 1250 1621 1295 via
1651 1249 1820 1312 semper
1844 1265 1992 1313 aperta
2015 1247 2077 1308 sit,

688 1327 733 1370 ὅ(
759 1325 896 1370 oculis
921 1324 1195 1369 exorantium
1220 1321 1276 1368 ad
1301 1322 1442 1368 celum
1468 1337 1628 1385 pateat.

753 1397 870 1442 Nam
906 1413 1007 1441 cum
1040 1395 1135 1454 hec,
1171 1392 1224 1439 de
1265 1411 1348 1455 qua
1380 1410 1497 1439 nunc
1536 1409 1676 1455 pauca
1712 1392 2078 1450 commemoravi,

695 1466 865 1514 bafilica
905 1466 1202 1525 fabricaretur,
1244 1465 1364 1512 idem
1402 1466 1525 1511 locus
1566 1465 1849 1528 vestigiorum
1879 1464 2079 1524 Domini,

691 1556 737 1585 ut
766 1538 868 1585 alibi
898 1540 1104 1602 scriptum
1144 1554 1364 1601 repertum
1396 1538 1468 1595 est,
1503 1537 1748 1582 continuari
1776 1537 2080 1600 operimento‘

691 1629 794 1657 cum
835 1611 1000 1673 reliqua
1044 1611 1274 1655 stratorum
1286 1608 1306 1637 A
1344 1625 1467 1672 parte
1511 1626 1603 1654 non
1648 1609 1806 1670 potuit.
1855 1609 2080 1672 Siquidem

690 1701 969 1746 quecumque
1000 1681 1345 1746 adplicabantur,
1377 1682 1564 1727 insolens
1597 1697 1706 1726 terra
1740 1680 1932 1727 humana
1956 1683 2080 1729 susci-

691 1774 794 1820 pere
819 1755 1038 1818 respuens,
1072 1756 1115 1799 in
1141 1771 1217 1799 ora
1242 1752 1590 1817 adponentiume
1614 1753 1770 1798 reiecit.
1801 1753 1924 1816 Qin
1950 1755 2081 1801 etiam

703 1846 728 1874 a
752 1828 952 1874 Domino
988 1825 1231 1872 concalcati
1259 1825 1445 1889 pulveris
1478 1823 1591 1870 adeo
1620 1841 1812 1887 perenne
1837 1823 2082 1873 documen-

693 1917 787 1947 tum
813 1899 884 1957 est‚
910 1914 956 1944 ut
979 1897 1158 1961 vestigia
1189 1913 1420 1942 cernantur
1444 1894 1663 1959 impreffa,
1687 1897 1732 1941 ὃς
1757 1912 1858 1941 cum
1884 1897 2082 1959 quotidie
2109 1924 2111 1927 v

694 1968 1014 2016 confluentium
1038 1968 1143 2014 fides
1176 1986 1200 2013 a
1225 1970 1427 2014 Domino
1459 1967 1623 2012 calcata
1654 1965 1840 2029 diripiat,
1870 1967 2082 2016 damnum

695 2059 842 2088 tamen
879 2040 1011 2087 areas
1028 2057 1120 2086 non
1153 2040 1291 2097 sentit,
1322 2042 1368 2086 ὃς
1393 2037 1582 2085 eandem
1615 2037 1759 2083 adhuc
1788 2039 1848 2083 sui
1877 2040 2081 2103 speciem,

694 2114 826 2160 veluti
850 2111 1057 2176 impreffis
1081 2110 1248 2175 fignata
1271 2111 1472 2175 vestigiis,
1495 2128 1605 2158 terra
1629 2111 1826 2157 custodit.

762 2187 807 2230 In
832 2184 995 2230 eodem
1012 2183 1143 2247 igitur
1167 2183 1286 2242 loco,
1312 2199 1358 2228 ut
1380 2183 1547 2228 sanefius
1573 2183 1702 2228 refert
1720 2182 1935 2243 Amulfus,
1961 2184 2084 2231 sedu-

696 2256 760 2301 lus
803 2254 997 2301 eiusdem
1036 2254 1363 2316 frequentator,
1405 2272 1503 2300 erea
1539 2253 1716 2318 grandis
1745 2256 2084 2317 per-circuitum

701 2343 812 2386 rota,
840 2326 1025 2390 desuper
1050 2326 1295 2388 explanata,
1316 2325 1474 2371 collata
1500 2326 1571 2383 est,
1597 2326 1715 2371 cuius
1739 2325 1924 2372 altitudo
1951 2328 2084 2391 usque

698 2397 754 2443 ad
799 2400 1040 2445 cervicemg
1080 2396 1229 2443 haberi
1269 2397 1530 2443 monstratur
1588 2397 1848 2443 mensurata:
1884 2399 1927 2444 in
1965 2401 2085 2446 cuius

745 2550 773 2570 a.
794 2540 848 2580 G„
871 2537 915 2571 al.
943 2538 1039 2582 supra
1067 2537 1286 2570 collocatum.
1310 2555 1351 2559 —
1438 2546 1497 2579 que
1509 2534 1553 2568 al.
1575 2535 1710 2568 excuffis
1730 2535 2086 2580 marmoribiisfinere-

700 2592 730 2623 b.
757 2591 807 2632 L.‚
828 2590 872 2623 al.
899 2590 1092 2625 institerant.
1117 2610 1159 2615 -
1181 2601 1208 2623 c.
1235 2588 1353 2631 Greffl,
1438 2589 1533 2622 cecit.
1556 2609 1597 2613 —-
1623 2588 1645 2622 f.
1668 2590 1713 2631 L.,
1736 2590 1771 2623 V.
1790 2601 1900 2623 arena.
1919 2609 1963 2614 -
1981 2601 2014 2634 g.
2036 2590 2086 2624 Al.

697 2644 740 2677 al.
756 2644 1052 2690 pavimento—d.
1066 2645 1115 2686 B„
1127 2645 1189 2685 ed„
1199 2645 1237 2676 G.
1254 2643 1353 2675 stato-
1438 2642 1610 2675 verticem.

700 2709 791 2737 rum3
815 2698 846 2730 L.
866 2697 1068 2742 reliquorum
1092 2697 1141 2730 stt.
1163 2716 1206 2721 -
1225 2708 1251 2729 e.
1267 2699 1352 2739 Qta·
