2216 3435
560 186 622 233 66
945 196 1009 229 DF,
1048 196 1258 229 ITINERE
1295 194 1564 229 FRISONUM.

464 346 635 397 1217liat
673 348 718 391 ἃ
754 343 970 403 sublimat,
1014 344 1173 390 eodem
1210 343 1280 390 die
1316 345 1490 390 mutatis
1529 361 1610 408 pro
1646 356 1755 391 voto
1793 344 1947 400 ventis,

391 1219 468 1255 Aug.
488 1226 534 1256 15.

562 435 724 463 ceteras
754 434 884 462 naves
909 419 954 462 ὅ(
981 417 1121 461 socios
1148 417 1316 461 nostros
1339 417 1382 460 in
1402 416 1518 462 viam
1538 416 1774 462 voluntatis
1798 432 1951 461 eorum

558 488 739 535 reduxit.
779 489 872 534 Nos
908 506 1012 534 vero
1051 506 1075 533 a
1102 504 1231 550 portu
1264 488 1377 533 exire
1404 504 1496 532 non
1520 487 1728 546 valentes,
1764 486 1871 532 duas
1893 485 1952 533 ibi

559 564 709 606 nocffes
731 561 966 623 exegimus.
985 560 1144 605 Tercio
1165 558 1346 604 tandem
1361 558 1431 605 die
1452 559 1546 605 vela
1563 560 1769 618 levantes,
1791 555 1951 604 eodem

557 631 626 678 die
653 633 766 678 circa
799 633 896 678 solis
926 632 1132 677 occasum
1159 630 1356 677 horridas
1394 632 1538 677 fauces
1570 632 1839 688 intravimus,
1877 627 1951 675 ubi

556 703 724 767 Europa
751 707 795 750 &
814 703 989 758 Affrica,
1017 702 1238 748 montibus
1258 703 1408 749 ere6³tis
1428 704 1472 748 in
1492 702 1650 760 celum,
1677 701 1803 747 facile
1825 700 1952 746 cons-

556 777 775 838 piciuntur
809 794 833 822 a
872 776 1031 822 dextris
1061 778 1107 822 ὃς
1141 793 1164 821 a
1189 774 1369 822 finistris.
1411 774 1469 821 lbi
1510 774 1763 821 Mulemuda
1804 774 1952 820 civitas

557 847 716 894 Affrice
743 851 787 894 ὅ(
807 848 1018 911 Ceteriph
1045 847 1265 911 oppidum
1287 848 1498 910 Hispanie
1517 864 1569 894 ex
1588 862 1709 909 parte
1728 846 1951 891 montium

556 918 823 966 occidentali
848 919 902 965 fic
927 936 1081 965 contra
1099 935 1328 982 ponuntur
1346 928 1357 948 ¹
1378 936 1429 964 ex
1449 918 1631 977 diffido,
1658 933 1704 962 ut
1728 934 1951 962 commea-

556 993 617 1036 tui
637 990 902 1038 brevissimus
930 992 988 1037 est
1006 989 1213 1037 transitus.
1245 990 1315 1036 Ad
1336 991 1551 1036 orientem
1570 1007 1674 1035 veto
1689 989 1836 1051 Cepta
1849 989 1953 1034 civi-

555 1079 617 1107 tas
638 1064 905 1126 conspicitur
923 1064 965 1108 in
985 1062 1162 1120 Affrica‚
1186 1063 1254 1108 cui
1274 1080 1325 1108 ex
1344 1061 1509 1108 diree'so
1521 1061 1743 1125 Malagam
1760 1059 1953 1123 opponit

555 1134 778 1196 Hispania.
823 1136 953 1198 Igitur
989 1136 1031 1180 in
1059 1135 1134 1179 alis
1170 1133 1333 1197 zephiri
1371 1150 1467 1179 toto
1493 1150 1665 1179 carcere
1691 1131 1839 1191 emiffi‚
1881 1130 1952 1177 die

555 1204 875 1269 Affumptionis
909 1205 1034 1252 beate
1058 1206 1252 1270 Virginis
1274 1204 1494 1269 assumpti,
1528 1222 1619 1250 non
1646 1205 1854 1268 navigare
1878 1201 1951 1250 secl

554 1277 704 1324 volare
728 1276 1004 1337 videbamur,
1038 1279 1095 1323 ita
1121 1295 1166 1323 ut
1191 1279 1268 1339 qui
1294 1278 1392 1341 sepe
1418 1275 1734 1322 descenderant
1756 1276 1800 1320 in
1827 1274 1948 1322 navi-

552 1347 632 1394 bus
657 1351 702 1395 &
728 1351 1008 1412 operationes
1042 1350 1235 1395 fecerant
1273 1349 1317 1393 in
1355 1349 1493 1410 aquis,
1529 1365 1755 1410 nunquam
1791 1347 1833 1392 se
1857 1363 1948 1392 tam

554 1421 668 1466 iratis
694 1421 934 1473 elementis,
967 1438 1057 1467 tam
1100 1418 1349 1466 inmanibus
1395 1419 1596 1482 procellis
1627 1420 1813 1465 iacstatos
1836 1419 1947 1465 iura-

554 1508 659 1538 rent.
686 1493 839 1538 Ventis
865 1494 1013 1555 itaque
1039 1491 1292 1557 urgentibus
1313 1511 1336 1538 a
1356 1492 1596 1554 conspeetu
1617 1491 1841 1553 Hispanie,
1863 1507 1947 1553 que

552 1581 631 1626 pre
670 1564 807 1610 oculis
845 1565 1013 1626 semper
1048 1563 1252 1610 habenda
1277 1564 1349 1623 est,
1388 1561 1688 1609 Balbellonam
1728 1560 1945 1620 euntibus,

551 1635 687 1698 longe
726 1634 856 1681 delati
882 1635 1004 1681 Evice
1030 1636 1214 1681 insulam
1240 1651 1395 1697 quarto
1422 1634 1492 1680 die
1516 1635 1731 1693 venimus,
1768 1631 1841 1679 ubi
1865 1650 1946 1679 nos

553 1705 742 1753 deviasse
765 1708 1101 1770 cognoscentes,
1126 1708 1266 1770 proris
1299 1706 1355 1752 ad
1381 1723 1540 1752 terram
1562 1703 1793 1765 converfis‚
1818 1705 1946 1750 tertio

552 1777 623 1823 die
655 1779 890 1824 Tortosam
933 1779 1151 1825 civitatem
1178 1778 1443 1838 accessimus,
1486 1776 1561 1824 ubi
1595 1777 1745 1823 Errora
1778 1774 1948 1835 fluvius,

551 1848 674 1894 limes
707 1850 908 1913 gentium
938 1852 983 1895 ὃς
1016 1851 1222 1895 terminus
1248 1849 1457 1909 fidelium,
1488 1847 1687 1895 dulcibus
1726 1849 1849 1911 aquis
1883 1850 1948 1895 in-

551 1917 689 1965 fluens
729 1920 1068 1966 amaritudinem
1106 1937 1322 1984 temperat
1345 1923 1392 1967 ὃς
1416 1920 1558 1967 reddit
1588 1918 1848 1983 potabilem.
1890 1919 1948 1966 {bi

552 1989 734 2036 tandem
759 1992 1003 2038 Sarracenis
1034 2010 1059 2038 a
1085 2008 1210 2055 tergo
1237 1992 1407 2049 relidfis,
1442 1991 1688 2038 libertatem
1723 1991 1947 2039 consecuti

550 2063 596 2107 ὃς
630 2079 766 2124 aquas
801 2062 1068 2126 potabile8,2
1095 2065 1251 2109 veteris
1276 2065 1455 2111 veritate
1488 2062 1674 2126 probata
1708 2061 1948 2126 proverbij,

552 2133 676 2195 quod
699 2133 947 2180 libertatem
971 2135 1140 2181 estimat
1163 2136 1208 2181 ὃς
1233 2136 1429 2198 precium
1455 2135 1584 2197 ponit
1607 2151 1721 2197 aque
1743 2133 1944 2198 potabili‚

552 2204 823 2251 laudavimus
851 2207 1140 2253 inventorem.
1168 2207 1401 2252 Defecerat
1425 2207 1542 2252 enim
1568 2204 1694 2252 nobis
1719 2224 1849 2269 aqua,
1867 2215 1882 2246 3
1900 2207 1946 2252 ὃς

552 2277 677 2321 multi
709 2276 764 2322 de
788 2278 939 2322 nostris
965 2276 1047 2323 sitis
1073 2280 1118 2323 ὃς
1144 2276 1329 2324 febrium
1353 2280 1398 2323 ὅ(
1427 2276 1671 2323 diffenterie
1696 2278 1841 2324 calore
1865 2279 1946 2324 fer-

554 2364 702 2393 ventes
727 2365 862 2410 aquas
890 2350 1020 2394 maris
1047 2367 1215 2395 amaras
1239 2349 1483 2395 haurientes
1508 2346 1618 2394 sitim
1643 2349 1944 2413 extinguendo

554 2419 816 2478 incitabant3
855 2420 925 2479 alij
951 2420 1105 2465 limum
1124 2422 1167 2465 in
1187 2420 1354 2484 lagenis
1375 2421 1617 2479 inventum,
1636 2420 1707 2478 alij
1729 2421 1945 2482 quoscun-

555 2505 641 2549 que
668 2490 826 2536 frudius
865 2489 1068 2536 manibus
1092 2489 1409 2553 exprimebant,
1447 2490 1700 2536 neceffitatis
1724 2492 1793 2537 sue
1822 2508 1944 2537 men-

554 2559 749 2607 dicantes
774 2562 1008 2621 auxilium3
1048 2562 1118 2620 afij
1146 2562 1258 2608 feces
1284 2563 1374 2608 vini
1408 2562 1476 2608 vel
1503 2561 1677 2609 cervisie
1701 2561 1943 2627 sugebant3

605 2735 624 2772 i³
640 2722 674 2751 A.
705 2728 833 2764 pentus.
866 2741 897 2743 *—
920 2734 936 2752 2
959 2720 1044 2752 naffi
1062 2724 1134 2752 add
1167 2722 1204 2751 H.
1227 2740 1269 2743 κ
1295 2731 1308 2760 3
1330 2722 1369 2752 A.
1389 2732 1441 2765 aq.

1965 1441 1990 1460 c.
2009 1437 2055 1468 32.
