2216 3435
692 162 704 190 1
720 156 778 207 50
1247 158 1506 191 ARCULFUS

682 322 748 367 lV.
787 325 854 367 ‘De
890 326 977 384 ipso
1014 325 1165 385 lapide,
1207 328 1275 383 qui
1312 325 1365 367 ad
1398 328 1536 383 ostium
1573 329 1812 369 monumenti
1853 325 2065 369 advolutus

742 411 850 450 erat,
883 413 993 454 quem
1027 396 1194 456 angelus
1220 398 1408 450 Domini,
1445 397 1493 439 de
1519 396 1603 440 celo
1628 397 1878 456 descendetur,
1912 400 1998 456 post

787 468 1109 526 refitrret‘lionem
1130 470 1215 510 eius
1233 467 1419 521 revolvit,
1442 468 1490 510 de
1510 471 1673 527 tugurio
1693 466 1731 511 ὃ
1740 468 1944 528 sepulcro.

742 556 825 604 Sed
850 559 960 604 inter
984 558 1078 618 hec,
1105 558 1158 605 de
1179 559 1255 604 illo
1281 559 1406 622 supra
1437 576 1684 605 memorato
1710 559 1869 622 lapide,
1907 560 1980 622 qui
2005 558 2062 605 ad

677 630 833 674 ostium
865 631 1144 676 monumenti
1169 630 1396 689 dominici,
1429 631 1524 693 post
1555 629 1681 694 ipsius
1708 631 1889 677 Domini
1928 632 2062 677 cruci-

676 701 747 747 fixi
783 702 1084 764 sepultionem,
1128 702 1273 747 multis
1306 701 1648 748 trucidentibusa
1682 703 1795 762 viris,
1831 701 2064 749 advolutus

677 774 749 832 est,
784 771 967 819 breviter
1000 773 1297 820 intimandum
1333 772 1419 820 effe
1460 773 1648 820 videtur:
1687 791 1819 836 quem
1861 775 2064 820 Arculfus

675 844 923 890 intercisum
956 847 1001 890 ὃς
1036 846 1080 890 in
1115 845 1221 891 duas
1254 844 1440 892 divisum
1470 862 1611 908 partes
1642 846 1789 904 refert,
1821 847 1937 892 cuius
1966 863 2064 910 pars

675 917 835 975 minor,
862 916 1130 962 ferramentis
1157 916 1321 976 dolata,
1357 915 1620 978 quadratum
1649 917 1780 962 altare
1806 918 1849 962 in
1875 916 2065 963 rotunda

674 989 801 1050 supra
828 986 1042 1050 descripta
1067 987 1241 1034 ecclesia
1266 1005 1366 1034 ante
1392 988 1548 1034 ostium
1573 989 1671 1051 sepe
1695 988 1806 1033 illius
1832 990 2065 1035 memorati

675 1059 846 1122 mgurij,
879 1059 964 1103 hoc
994 1060 1051 1104 est
1084 1058 1296 1104 dominici
1321 1061 1614 1119 monumenti,
1641 1059 1750 1105 stans
1781 1060 2063 1105 constitutum

675 1130 877 1190 cernitur3
919 1131 1061 1175 maior
1094 1148 1199 1176 vero
1234 1131 1346 1176 illius
1381 1130 1536 1194 lapidis
1572 1149 1691 1194 pars,
1729 1148 1840 1193 eque
1875 1131 2064 1176 circum-

675 1200 839 1259 dolata,
875 1202 918 1246 in
953 1202 1153 1248 orientali
1191 1201 1385 1248 eiusdem
1425 1200 1599 1248 ecclefie
1636 1203 1757 1261 loco,
1784 1201 2063 1266 quadrangu-

672 1272 764 1318 lum
788 1271 904 1318 aliud
929 1273 1076 1332 altare,
1102 1272 1177 1319 sub
1202 1273 1526 1320 linteaminibus
1553 1273 1787 1320 stabilitum
1812 1274 1954 1319 exstat.

739 1345 807 1389 De
848 1344 957 1389 illius
1001 1362 1107 1408 ergo
1149 1362 1271 1408 petre
1314 1345 1549 1403 coloribus,
1598 1347 1642 1390 in
1685 1363 1771 1407 qua
1814 1344 1921 1391 illud
1962 1346 2062 1409 sepe

675 1414 841 1461 dietum
873 1418 1097 1480 tugurium
1133 1416 1385 1462 dolatorum
1420 1418 1689 1463 ferramentis
1719 1418 1896 1463 interius
1932 1434 2061 1464 cava-

674 1504 767 1533 tum
811 1487 1019 1534 habeturb
1056 1487 1421 1551 dominicumque
1460 1489 1703 1552 sepulcrum
1741 1490 1784 1534 in
1821 1488 2062 1551 aquilonali

671 1559 775 1604 loco
816 1559 943 1623 ipfius
978 1559 1157 1617 habens,
1197 1559 1252 1606 de
1287 1579 1373 1607 una
1409 1560 1656 1623 eademque
1693 1576 1817 1623 petra
1858 1560 2060 1621 excisum,

673 1648 760 1693 qua
799 1633 845 1677 &
892 1648 1235 1677 monumentum
1276 1633 1375 1691 ests
1417 1633 1503 1678 hoc
1540 1633 1611 1691 est,
1648 1632 1789 1694 ipsum
1825 1632 2060 1695 tugurium,

671 1703 887 1761 Arculfus‚
923 1721 948 1748 a
976 1721 1049 1748 me
1078 1705 1385 1768 interrogatus,
1418 1703 1549 1750 dixit:
1582 1702 1689 1749 Illud
1721 1702 1935 1748 dominici
1964 1721 2061 1748 mo-

670 1775 870 1820 numenti
925 1776 1163 1837 tugurium,
1226 1776 1346 1821 nullo
1395 1774 1536 1820 modo
1592 1775 1844 1820 intrinsecus
1903 1792 2059 1821 ornatu

670 1848 847 1905 tetstum,
884 1846 1017 1908 usque
1048 1845 1181 1892 hodie
1215 1865 1293 1910 per
1319 1863 1460 1892 totam
1491 1848 1579 1892 eius
1616 1845 1898 1893 cavaturamd
1928 1847 2058 1893 ferra-

670 1934 926 1964 mentorum
955 1917 1144 1963 ostendit
1173 1919 1366 1983 vestigia,
1403 1918 1558 1981 quibus
1590 1918 1810 1964 dolatores
1838 1917 1921 1965 five
1945 1919 2058 1964 exci-

670 1990 782 2035 sores
806 1990 851 2034 in
876 1988 1037 2035 eodem
1063 1988 1120 2035 us1
1144 1991 1242 2036 sunt
1267 2008 1426 2053 opere:
1452 1991 1576 2036 color
1600 2007 1703 2036 vero
1732 1990 1842 2035 illius
1868 1989 2060 2036 eiusdem

668 2077 791 2124 petre
827 2063 1106 2107 monumenti
1141 2065 1185 2107 ὅς
1222 2063 1403 2125 sepulcri
1440 2081 1533 2108 non
1573 2080 1698 2121 unus,
1734 2061 1807 2107 sed
1838 2061 1927 2107 duo
1965 2079 2059 2124 per-

669 2134 793 2179 mixti
826 2132 1042 2192 videntur,
1079 2133 1207 2180 ruber
1242 2136 1409 2197 itaquee
1447 2137 1491 2180 ὃς
1517 2133 1652 2192 albus,
1678 2132 1795 2179 unde
1819 2135 1864 2178 &
1888 2132 2060 2179 bicolor

670 2203 827 2250 eadem
858 2203 1095 2250 ostenditur
1120 2223 1254 2268 petra.
1292 2205 1376 2252 Sed
1403 2204 1457 2251 de
1494 2205 1555 2251 his
1590 2205 1664 2251 ista
1689 2204 1902 2251 sufficiant
1928 2203 2056 2253 dics’ta.

668 2348 722 2394 V.
759 2351 826 2393 ‘De
851 2350 1009 2411 ecclesia
1034 2352 1179 2394 Sam‘Ie
1204 2351 1373 2406 Marie,
1402 2368 1473 2409 que
1503 2352 1670 2395 rotunde
1699 2354 1857 2395 colzeret
1885 2352 2054 2413 ecclesie.

734 2443 944 2489 Ceterum
1001 2443 1055 2490 de
1102 2444 1350 2490 sanclorum
1407 2445 1619 2489 structuris
1666 2445 1871 2490 locorum
1915 2463 2057 2509 pauca

666 2513 874 2561 addenda
907 2517 1001 2561 sunt
1036 2516 1191 2578 aliqua.
1230 2516 1290 2561 llli
1326 2515 1515 2562 rotunde
1553 2515 1728 2562 ecclefie
1762 2517 1884 2579 supra
1916 2518 2056 2580 sepius

715 2641 744 2660 a.
768 2629 821 2671 L.;
838 2627 882 2660 al.
909 2628 1130 2662 tradentibus.
1152 2649 1196 2653 —
1217 2629 1249 2661 b.
1271 2630 1317 2670 L‚.
1404 2640 1431 2661 c.
1450 2629 1569 2670 G.‚est.
1587 2649 1627 2652 —
1645 2629 2054 2671 d.V.,R.cameraturam.

670 2683 721 2724 B„
739 2683 771 2714 P.
796 2693 925 2725 129433
954 2682 998 2715 al.
1023 2695 1080 2716 om.
1103 2682 1254 2716 habetur.
1275 2703 1318 2709 -
1405 2695 1432 2716 e.
1453 2683 1567 2724 Bern.‚·
1590 2682 1636 2715 al.
1659 2682 1784 2727 utique.
