2216 3435
628 197 714 261 156
958 210 1106 243 LIBER
1132 210 1335 243 DUELLII
1360 210 1663 244 CHRISTIANI

522 378 598 408 1219
619 356 658 400 ὃν·
683 359 856 400 nzanebir
881 361 946 401 liic
970 361 1009 401 in
1035 360 1234 401 eternum!
1265 355 1372 419 QO
1401 354 1568 414 audim,
1597 354 1798 402 soldanus
1824 359 1869 402 ὅς
1889 357 2002 403 Cor-

618 425 791 471 radinus
817 444 1095 473 cucurrerunt
1125 426 1181 472 ad
1206 426 1399 486 califum,
1425 427 1548 472 suum
1567 444 1747 490 papam,
1786 426 2002 474 dicentes:

619 503 810 555 Domine,
863 517 976 560 capra
1017 504 1066 558 est
1114 502 1326 555 Dumium,
1372 516 1413 543 ut
1455 502 1677 544 credimus!
1730 499 1821 562 Qui
1863 499 2004 545 statim

619 570 801 630 proiecit
824 571 987 632 pileum
1013 570 1094 618 live
1118 587 1334 616 coronam
1359 571 1479 615 suam
1503 572 1547 616 in
1573 587 1731 617 terram
1755 573 1801 616 ὅ(
1824 570 2003 617 concul-

618 656 719 684 cans
756 659 853 686 eam
885 660 986 687 cum
1011 641 1278 705 blasphemia
1302 642 1386 687 Dei
1412 642 1471 687 sui
1497 641 1623 688 dixit:
1653 644 1742 688 Heu
1768 662 1842 702 me,
1867 661 2003 688 eamus

619 730 751 757 omnes
777 714 816 757 ἑὲ*
836 719 1055 759 moriamur
1078 733 1163 759 cum
1190 714 1311 758 illis!

682 783 876 830 XXXIV.
903 785 947 831 Et
974 801 1185 832 venerunt
1210 802 1309 830 cum
1336 784 1637 848 manganellis,
1681 803 1813 830 manu
1839 801 2004 831 armata

617 854 823 900 foffatum
845 857 1037 901 nostrum
1058 874 1160 902 cum
1180 857 1367 902 maxima
1389 858 1429 901 vi
1448 857 1730 914 intraverunt,
1753 873 2003 920 gravatum-

618 945 702 989 que
728 928 785 973 est
811 929 1008 990 prelium,
1047 928 1242 974 &multi
1279 928 1333 974 de
1369 928 1520 973 nostris
1558 926 1686 973 occist
1717 930 1762 974 &
1794 928 2005 974 vulnerati

618 1000 714 1044 sunt
751 1001 792 1044 in
829 999 898 1045 die
932 1000 1018 1059 illa,
1054 998 1109 1045 de
1143 1000 1382 1046 Sarracenis
1421 1014 1600 1061 quoque
1636 1001 1744 1045 inter
1784 1016 1923 1062 equos
1960 1001 2005 1045 ὅ(

619 1073 783 1134 equites
811 1072 898 1117 fere
924 1071 1013 1117 duo
1042 1072 1159 1117 milia
1185 1072 1346 1117 mortui
1371 1071 1555 1118 fuerunt.

738 1215 804 1258 ‘De
828 1231 968 1273 quarta
990 1218 1282 1275 expugnatione
1310 1214 1350 1258 ὃ»
1375 1216 1543 1259 adventu
1569 1218 1735 1274 hostium
1765 1232 1880 1259 nono.

478 1369 531 1396 ¹1¹¹-
550 1377 597 1406 31·
683 1358 861 1404 XXXV.
905 1359 1042 1404 Prima
1082 1358 1152 1405 die
1193 1358 1395 1405 calendas
1437 1360 1615 1423 Augusti
1659 1360 1830 1406 summo
1874 1379 2006 1407 mane

619 1430 850 1478 Christiani
876 1432 1031 1476 iterum
1066 1429 1296 1477 trahebant
1330 1431 1518 1477 cocchas
1554 1449 1653 1477 cum
1677 1432 1787 1478 scala
1822 1451 1901 1496 per
1924 1431 2004 1478 flu-

618 1520 719 1547 men
755 1519 854 1547 ante
890 1503 1034 1547 menia
1073 1502 1270 1548 civitatis.
1314 1503 1435 1549 Scala
1467 1504 1715 1549 Pisanorum
1750 1504 1890 1566 prima
1927 1505 2118 1549 fuitf.180
2133 1527 2158 1545 a.

617 1572 672 1619 ad
700 1591 848 1618 muros
874 1572 1026 1635 polita,
1055 1591 1139 1635 que
1173 1575 1261 1619 cito
1289 1574 1374 1620 fere
1400 1591 1493 1619 tota
1519 1575 1599 1619 fuit
1626 1574 1867 1621 combusta.
1906 1577 2004 1622 Hos

617 1659 763 1688 autem
800 1642 995 1690 videntes
1032 1645 1199 1692 nostros
1238 1646 1296 1690 ita
1332 1647 1618 1702 concremari,
1657 1645 1785 1692 valde
1821 1647 2004 1711 plange-

618 1714 782 1760 bamus.
817 1717 942 1760 Tunc
973 1717 1195 1762 Sarraceni
1229 1715 1502 1762 adduxerunt
1541 1715 1746 1763 barbotas
1780 1720 1825 1763 &
1860 1719 2006 1782 galeas

614 1804 798 1832 armatas
822 1804 900 1850 per
919 1786 1096 1834 fiumen.
1123 1788 1277 1834 Nostre
1298 1805 1444 1833 autem
1464 1789 1588 1852 galee
1615 1806 1706 1834 non
1733 1806 1855 1835 erant
1880 1791 2007 1853 supra

615 1859 808 1904 nostrum
827 1876 1028 1922 pontem,
1054 1862 1098 1905 <Sc
1118 1878 1204 1905 una
1225 1860 1303 1906 fuit
1323 1859 1377 1905 ab
1404 1862 1460 1906 eis
1487 1859 1728 1919 combusta,
1753 1861 2006 1908 noluerunt-

616 1948 700 1992 que
728 1932 859 1976 etiam
879 1947 1066 1994 pontem
1093 1933 1286 1977 nostrum
1307 1949 1604 1991 concremare,
1633 1930 1690 1977 ob
1716 1934 1836 1979 cuius
1856 1932 2005 1979 defen-

615 2001 780 2048 {ionem
801 2003 971 2065 plurimi
994 2002 1047 2049 de
1067 2004 1218 2048 nostris
1233 2003 1328 2049 sunt
1345 2003 1570 2050 vulnerati.
1595 2007 1637 2049 ln
1657 2003 1837 2050 meridie
1857 2021 2005 2052 autem

617 2073 753 2138 polita
779 2076 836 2121 est
862 2077 944 2122 alia
963 2077 1073 2122 scala
1098 2076 1222 2139 supra
1244 2095 1417 2122 murum
1437 2078 1638 2132 civitatis,
1662 2080 1707 2123 ὃς
1732 2095 1835 2122 cum
1856 2075 2006 2123 debuit

615 2148 827 2205 reclinari,
849 2148 982 2193 fracia
1008 2149 1076 2194 est.
1104 2151 1209 2194 Item
1229 2150 1347 2195 venit
1371 2149 1453 2194 alia
1478 2149 1590 2195 scala
1616 2148 1887 2195 lanuensium
1912 2147 2006 2194 des-

618 2219 810 2266 cendens
841 2220 966 2282 supra
992 2238 1181 2266 murum.
1221 2221 1349 2266 Tunc
1380 2220 1534 2285 gladiis
1560 2238 1758 2284 pugnare
1783 2237 2006 2284 ceperunt,

618 2294 677 2338 ita
703 2291 824 2353 quod
851 2291 1016 2354 lapides
1040 2294 1085 2337 &
1112 2292 1253 2337 iacula
1287 2294 1329 2340 in
1355 2294 1574 2339 civitatem
1597 2292 1937 2356 proiiciebantur
1961 2295 2007 2338 ὃς

620 2364 778 2409 multos
799 2362 1089 2409 vulnerabant
1106 2366 1151 2409 ὃς
1169 2363 1497 2411 interficiebant.
1519 2365 1677 2428 Pagani
1697 2381 1846 2411 autem
1863 2366 2006 2410 immi-

619 2436 762 2481 serunt
777 2435 901 2498 super
920 2435 1079 2480 scalam
1098 2436 1247 2499 ignem
1267 2454 1454 2499 eamque
1474 2434 1815 2483 combusserunt.
1833 2438 1891 2481 At
1909 2453 2006 2495 nos,

622 2508 695 2569 qui
720 2525 889 2552 eramus
914 2509 957 2553 in
983 2525 1106 2567 terra,
1143 2508 1224 2553 hec
1248 2507 1459 2566 videntes,
1491 2506 1609 2553 flexis
1634 2507 1833 2571 genibus,
1859 2509 2007 2554 Deum

622 2578 843 2641 deprecati
869 2580 1010 2625 sumus
1036 2580 1252 2626 dicentes:
1281 2584 1457 2625 Domine
1491 2583 1602 2641 Ilzesu
1630 2583 1798 2640 Christe,
1826 2585 1894 2640 qui
1920 2582 2006 2624 Tua

624 2654 902 2712 misericordia
928 2655 1111 2697 mundum
1133 2657 1268 2711 venisli
1286 2655 1480 2698 redimere
1501 2653 1539 2696 δ’
1563 2654 1611 2696 de
1631 2670 1742 2696 utero
1763 2654 1887 2696 Ἐεαῐε
1914 2655 2005 2697 Vir-

623 2728 736 2784 ginis
770 2741 924 2768 carnem
946 2725 1105 2783 voluisti
1132 2729 1312 2785 accipere
1336 2729 1546 2768 humanam
1572 2724 1612 2768 ὃ»
1629 2727 1721 2784 pati
1744 2725 1938 2784 dignatus
1965 2740 2006 2767 es
