2216 3435
415 195 519 228 XIII.
546 192 814 227 BERNARDI
839 191 1083 224 MONACHI
1111 191 1480 225 ITINERARIUM.
1597 178 1668 224 le

293 335 431 375 Sancta
443 333 697 389 scripserunt,
731 339 906 382 auctores,
925 331 1120 383 quemdam
1136 341 1392 370 commemorat
1409 330 1670 382 Bernardum,

292 400 356 451 qui
382 399 424 438 de
444 398 564 454 sacro
597 399 691 450 igne,
723 397 906 437 divinitus
931 397 969 436 in
1001 394 1150 449 Templo
1186 395 1480 451 lerosolimitano
1510 396 1670 451 accenso,

292 463 440 515 aliquid
454 462 673 513 tradiderit,
697 461 931 514 Terramque
947 461 1119 500 Santtam
1141 476 1236 500 anno
1255 461 1333 513 870
1354 460 1497 515 viserit.
1519 470 1531 491 1
1558 460 1607 500 N
1606 476 1669 500 on-

290 528 398 567 nulla
418 528 541 578 etiam,
557 544 572 567 e
599 537 697 567 textu
718 527 796 582 ipso
817 527 1046 579 deprompta,
1066 526 1161 565 idem
1182 525 1372 579 certifflme
1394 525 1671 579 demonstrant;

285 602 431 647 papam
468 591 672 631 Nicolaum
708 591 744 641 I,
784 590 1034 644 patriarchas
1067 590 1451 644 Hierosolymitanum
1504 589 1669 630 Theodo-

288 657 394 707 fium,
408 657 716 696 Alexandrinum
733 655 977 706 Michaelem,
993 655 1245 705 Ludovicum,
1262 654 1447 694 Karolum
1465 655 1508 693 Εἴ
1524 654 1668 695 Lotha-

290 722 405 772 rium,
415 721 592 773 Lotharij
602 721 627 760 I
634 721 871 774 imperatoris
871 720 985 774 filios,
1002 726 1131 760 auctor
1143 730 1347 769 enumerat,
1359 720 1422 771 qui
1434 734 1550 759 omnes
1564 720 1671 759 annis

289 786 665 839 865-870vixerunt.
681 785 790 838 Quin
807 786 916 824 etiam
932 794 1068 838 tempus
1087 782 1208 839 ipsum
1229 785 1371 824 itineris
1393 783 1547 838 definire
1558 783 1669 838 pff*

289 865 378 890 mus.
400 850 573 890 Francus
588 850 647 889 ille
663 851 794 904 noster,
810 850 941 889 relicta
958 850 1107 902 patria,
1127 848 1289 888 Romam
1305 849 1402 888 adiit
1421 859 1504 888 ante
1520 859 1670 888 mortem

288 915 338 955 N
336 916 445 955 icolai
454 916 575 969 primi
585 925 700 969 papae
717 915 847 965 (infra,
852 925 890 968 p.
904 922 1010 968 300),
1026 915 1090 966 qui
1104 915 1191 954 obiit
1205 929 1301 953 anno
1312 914 1426 953 medio
1440 914 1515 967 867
1525 934 1541 960 ;
1557 913 1669 954 Ieru-

286 980 402 1035 salem
435 990 557 1020 autem
591 979 746 1036 disceſjit
776 989 974 1033 antequam
1013 978 1228 1033 Theodostus
1243 978 1477 1032 patriarcha
1511 979 1670 1018 debitum

287 1055 453 1096 naturae,
473 1060 569 1084 anno
590 1045 681 1098 869,
699 1044 878 1099 sol-vzſjet.
902 1045 1061 1084 Italiam
1082 1045 1197 1084 denuo
1212 1044 1451 1098 peragravit
1467 1059 1537 1083 non
1557 1043 1669 1084 multo

283 1110 360 1163 post
376 1110 656 1149 Beneventanos
677 1125 700 1148 a
721 1109 927 1159 Ludovico,
948 1109 1076 1149 Italia:
1104 1124 1200 1161 rege,
1220 1108 1371 1161 imperio
1390 1108 1463 1164 suo
1472 1108 1668 1163 subiectos,

287 1175 386 1226 quod
401 1190 496 1213 anno
515 1175 592 1227 870
600 1174 757 1228 fatiam
779 1175 832 1228 ιβ.
868 1173 949 1213 Nec
973 1174 1174 1214 miraberis
1194 1174 1292 1226 quod
1303 1173 1395 1228 fiere
1416 1184 1577 1225 quatuor
1599 1189 1669 1213 an-

287 1254 348 1278 nos
358 1238 441 1278 huic
450 1239 749 1292 peregrinationi
761 1239 994 1291 impenderit,
997 1238 1038 1293 fi
1053 1249 1186 1279 attente
1197 1248 1340 1291 quanta
1347 1238 1533 1291 pericula,
1547 1253 1669 1290 quan-

287 1314 344 1344 tas
363 1303 542 1358 molestias
560 1304 784 1344 toleraverit
802 1303 1105 1358 constderaveris.

339 1369 390 1409 Et
417 1369 473 1408 hic
502 1370 646 1421 quidem
667 1370 703 1408 in
729 1369 910 1421 prooemio
931 1369 1124 1409 Francum
1150 1370 1295 1409 natione
1312 1370 1358 1426 se
1387 1370 1487 1420 dicit,
1517 1385 1560 1409 ac
1576 1369 1672 1422 for-

287 1434 382 1488 taſje
403 1450 445 1473 ex
464 1434 532 1474 illa
549 1444 662 1487 parte
689 1433 868 1473 Franciae
890 1435 1068 1474 oriundus
1083 1445 1180 1484 erat,
1201 1450 1283 1487 quae
1296 1435 1515 1475 Britannice
1536 1434 1673 1473 minori

287 1499 542 1549 conterminat,
567 1509 608 1538 ut
626 1498 804 1554 quisaepe
825 1500 867 1538 de
886 1499 1105 1539 Britonibus
1124 1501 1314 1552 loquatur,
1343 1501 1387 1540 {5⁵
1408 1500 1442 1540 S.
1464 1499 1672 1540 Michaelis

287 1565 323 1604 in
347 1564 517 1604 Pericula
532 1563 673 1604 Maris
688 1565 949 1614 monasterium
971 1565 1167 1621 describat.
1190 1565 1273 1604 ZVec
1286 1576 1408 1605 tamen
1423 1565 1670 1606 Bernardum

287 1630 390 1669 illum
415 1630 638 1683 confundere
667 1629 748 1668 licet
773 1644 854 1668 cum
883 1630 945 1669 illo
966 1630 1156 1669 Benediao
1186 1629 1454 1686 archiepiscopo
1479 1630 1673 1684 Edeffitno,

287 1710 389 1746 quem
415 1693 482 1734 Th.
504 1694 743 1748 Dempsterus
760 1704 778 1723 2
800 1694 955 1745 indicat,
977 1704 1018 1733 ut
1042 1701 1227 1735 auetorem
1259 1695 1454 1751 cuiusdam
1482 1694 1672 1734 Historiae

291 1816 302 1829 α
329 1812 399 1833 rum
429 1799 533 1832 tribus
575 1800 691 1832 annuis
724 1800 855 1833 talentis
887 1800 938 1834 vel

292 1853 500 1886 «bizantinis
546 1853 765 1886 redimebant.
808 1856 933 1886 Verum

291 1921 303 1937 <1
324 1915 437 1939 tamen
455 1906 532 1950 quia
544 1907 735 1939 Bernardus
748 1906 931 1950 Theodofij

291 1968 405 1992 «tunc
450 1958 647 2002 patriarchae
698 1970 821 1992 nomen
867 1971 933 1991 non

292 2027 302 2040 υ
327 2020 429 2052 tacet,
456 2011 523 2056 ipsa
561 2023 613 2044 me
644 2020 758 2044 monet
805 2011 933 2045 occafio

290 2080 301 2093 κ
325 2073 363 2097 ut
393 2065 543 2097 omnium
578 2065 840 2108 patriarcharum
872 2077 932 2097 no-

289 2132 300 2148 «
327 2118 417 2151 mina
435 2129 631 2162 proponam
662 2132 673 2148 υ
706 2118 930 2151 Hunclocum

1019 1801 1086 1835 lus:
1106 1802 1321 1846 Antiquitates
1343 1801 1538 1844 christianae,
1554 1803 1597 1842 11,
1617 1804 1671 1842 36,

1019 1862 1089 1888 not.
1120 1868 1150 1898 5,
1174 1856 1263 1888 hunc
1289 1856 1496 1889 Bernardum
1526 1867 1544 1887 a
1572 1854 1669 1888 Guil-

1020 1902 1119 1935 lelmo
1160 1903 1440 1936 Malmesberienfi
1487 1902 1669 1935 indicatum

1020 1966 1085 1988 non
1105 1956 1259 1988 eumdem
1279 1955 1343 1989 effe
1360 1968 1399 1989 ac
1415 1956 1560 1988 nostrum
1579 1967 1671 2000 pere-

1018 2009 1150 2053 grinum
1192 2009 1375 2042 contendit.
1419 2009 1520 2047 Quod
1558 2017 1670 2041 tamen

1018 2062 1108 2094 nullo
1143 2063 1245 2095 modo
1287 2074 1408 2106 negare
1442 2062 1576 2106 poterit,
1610 2061 1666 2106 qui

1016 2122 1143 2148 attente
1163 2115 1335 2148 Guilleimi
1356 2116 1457 2148 verba
1475 2114 1600 2159 legerit.

286 2171 458 2205 Guillelmi
473 2171 770 2204 Malmesberienfis
791 2171 931 2216 exscrip-

285 2224 321 2257 slt
361 2223 580 2266 Helinandus,
627 2224 658 2257 in
701 2225 932 2259 Chronicorum

285 2277 369 2310 libro
408 2287 509 2311 vau
549 2277 698 2321 (Tiffier,
734 2277 930 2311 Bibliotheca

285 2330 506 2374 Cistercienfis‚
543 2341 609 2371 vn,
636 2343 668 2375 p.
705 2331 796 2374 168).
818 2333 929 2369 Quem

288 2383 513 2416 Helinandum
536 2384 602 2427 ipse
626 2384 781 2428 sequutus
799 2385 841 2417 est
869 2384 932 2417 Al-

285 2436 412 2469 bericus
426 2437 467 2470 de
487 2437 787 2470 Novomonasterio
804 2437 933 2481 (Pertz,

284 2491 333 2523 M.
375 2492 427 2532 G.‚
460 2490 652 2534 Scriptores,
682 2501 792 2532 xxm,
830 2491 928 2535 770).

286 2544 338 2576 De
370 2543 560 2576 Helinando
596 2544 639 2576 ab
677 2543 842 2577 Alberico
877 2555 932 2576 co-

284 2595 439 2639 gnito,cf.
452 2595 834 2636 Scheffer-Boichorst,in
848 2608 932 2640 prae-

284 2648 423 2690 satione,
442 2649 536 2691 Jbid„
557 2652 634 2692 658.

336 2714 346 2734 1
374 2702 547 2736 Mamachi
579 2702 610 2735 in
636 2714 748 2747 opere,
777 2703 828 2736 cui
854 2703 931 2736 titu-

1065 2182 1082 2202 2
1104 2168 1238 2202 Praefat.
1255 2169 1297 2201 ad
1315 2169 1446 2202 Bened.
1466 2168 1666 2205 Accoltum,

1015 2223 1066 2254 De
1086 2222 1169 2255 Bello
1191 2235 1212 2254 a
1236 2221 1428 2266 Christianis
1447 2229 1560 2255 contra
1582 2223 1664 2254 Bar-

1015 2275 1112 2309 baros
1136 2276 1230 2319 gesto,
1260 2275 1460 2319 Groningae,
1483 2279 1583 2316 1674,
1606 2287 1663 2319 pp.

1019 2340 1135 2370 12-13,
1152 2332 1200 2361 8³.
1218 2329 1271 2363 Cf.
1287 2329 1386 2362 etiam
1401 2329 1573 2372 Historiam
1586 2328 1669 2361 Belli

1006 2382 1114 2425 sacri,
1144 2394 1171 2415 c.
1199 2395 1275 2426 135,
1305 2383 1514 2416 Fulcherium
1535 2385 1666 2415 Carno-

1017 2436 1155 2476 tensexn,
1171 2437 1213 2475 ΙΙ,
1229 2448 1259 2468 c.
1277 2449 1332 2476 27-
1352 2436 1553 2477 Bartolfum‚
1569 2447 1596 2468 c.
1616 2447 1671 2477 72,

1017 2490 1047 2522 δι
1065 2488 1248 2522 Raduffum
1265 2489 1522 2531 Cadomensem,
1543 2501 1570 2522 c.
1592 2501 1669 2530 140,

1024 2554 1082 2583 ¹49
1109 2542 1255 2584 (Recueil
1275 2544 1331 2576 des
1350 2542 1426 2587 Hist*
1447 2555 1504 2575 occ.
1527 2544 1559 2575 d.
1579 2542 1669 2576 Croi-
1698 2548 1701 2550 “

1009 2595 1125 2639 finies,
1167 2597 1224 2637 III,
1263 2609 1341 2637 227,
1381 2600 1548 2639 453·4S9‚
1592 2608 1670 2638 543⁹

1020 2661 1097 2691 704,
1139 2650 1241 2693 7¹0)‚·
1283 2651 1330 2682 Le
1371 2649 1492 2690 Quien,
1548 2648 1667 2682 Oriens

1017 2702 1231 2747 Christianus,
1247 2704 1305 2744 111,
1326 2715 1336 2734 1
1351 2706 1445 2747 185-1
1461 2706 1533 2735 186.
