2216 3435
497 281 563 314 DE
590 279 822 314 IOHANNE
850 279 983 313 REGE
1009 276 1308 311 IERUSALEM.
1514 278 1599 325 120

301 427 467 476 XXXII.
494 426 539 471 Et
556 427 600 471 in
620 426 815 487 sequenti
834 423 904 470 die
928 438 1136 486 ceperunt
1161 421 1378 467 extrahere
1403 438 1523 467 catos
1548 421 1603 467 ad
1621 401 1721 473 i1iif99.

236 501 380 546 menia
400 508 410 527 ¹
443 498 641 553 civitatis,
681 498 781 558 quia
809 494 1018 542 nolebant
1042 512 1093 539 ex
1117 495 1239 538 omni
1263 510 1382 555 parte
1401 494 1605 539 insultum

236 571 337 617 dare
359 569 532 614 civitati.
561 571 602 612 In
629 572 786 614 ofiava
810 566 979 613 decima
1003 565 1072 611 die
1098 565 1184 622 Iulij
1210 580 1300 610 erat
1324 581 1441 609 catus
1466 564 1608 609 noster
1626 577 1679 605 Iul.
1700 576 1744 605 18.

235 657 334 687 ante
369 638 573 685 foffatum
604 639 784 684 civitatis
824 640 868 683 ὃς
900 639 989 682 iam
1023 634 1248 699 implebat,
1285 652 1385 680 cum
1422 636 1608 697 peccatis

235 711 579 758 Christianorum
616 711 661 754 &
696 708 964 771 fimplicitate
1002 708 1159 771 Pagani
1196 707 1310 752 foras
1350 708 1541 752 exierunt
1565 707 1609 750 ὅ(

235 799 380 828 catum
406 798 719 838 cremaverunt,
744 783 788 825 ὃς
813 779 935 824 multi
955 797 1006 825 ex
1030 779 1182 823 nostris
1202 778 1411 824 vulnerati
1431 779 1476 822 ὃς
1495 794 1609 822 mor-

234 855 295 900 tui
327 853 513 909 fuerunt,
552 854 597 898 ὃς
633 851 876 914 dampnum
900 849 1059 896 accidit
1095 849 1357 908 Christianis,
1383 850 1428 894 &
1453 848 1609 911 Pagani

233 925 406 970 fuerunt
430 923 612 969 exaltati.

297 995 483 1042 XXXIII.
524 999 568 1040 In
594 994 663 1040 die
689 995 817 1040 Beate
855 994 1095 1055 Margarete
1135 992 1312 1055 virginis
1336 1008 1611 1038 armaverunt
1629 1013 1682 1042 m,
1700 1022 1749 1042 20,

235 1065 463 1112 Christiani
489 1066 647 1112 cochas
672 1082 773 1110 cum
796 1065 916 1109 scalis
940 1066 985 1109 ὃ(
1002 1081 1079 1125 per
1098 1062 1259 1108 flumen
1281 1064 1515 1125 posuerunt
1540 1081 1610 1108 eas

234 1136 289 1182 ad
314 1155 487 1183 murum
512 1138 706 1193 civitatis,
732 1139 777 1182 ὅς
802 1136 860 1181 issi
885 1153 985 1181 cum
1005 1135 1198 1198 petrariis
1219 1136 1382 1198 &igne
1402 1136 1441 1180 se
1461 1132 1609 1178 defen-

234 1208 400 1255 derunt.
434 1210 560 1254 Tunc
583 1209 802 1255 Sarraceni
829 1210 874 1253 ὃς
898 1208 1018 1269 pueri
1054 1224 1207 1252 eorum
1233 1205 1513 1252 exrrahebant
1536 1204 1611 1251 fibi

233 1280 427 1343 capillos,
450 1282 495 1326 ὅ(
520 1298 685 1326 nomen
711 1279 895 1325 deorum
928 1279 1101 1324 suorum
1126 1277 1393 1323 invocabant
1421 1280 1466 1323 ὃς
1494 1276 1610 1322 dice-

233 1349 360 1396 bant:
386 1353 554 1396 eAdiuva
586 1368 671 1407 nos,
700 1352 966 1407 mahumeth,
1004 1353 1112 1408 quia,
1132 1355 1170 1411 fi
1201 1353 1420 1409 Christiani
1449 1354 1611 1411 capiunt

233 1424 486 1480 Damiatam,
520 1439 592 1467 nos
623 1425 768 1466 mortui
791 1423 955 1481 sumus,
997 1421 1036 1465 ὃ»
1080 1438 1216 1465 nomen
1260 1419 1384 1465 ‘Tuum
1421 1439 1495 1465 non
1535 1424 1612 1465 erit

232 1494 338 1539 ultra
381 1498 617 1549 invocatum,
650 1493 691 1537 ὃ»
731 1497 920 1537 memoria
958 1492 1043 1537 ‘Tua
1070 1495 1238 1552 peribit,
1275 1492 1314 1536 ἂν
1355 1510 1490 1537 nomen
1528 1495 1613 1536 ‘Dei

235 1565 552 1624 Christianorum
588 1568 665 1609 erit
688 1565 903 1608 exaltatum
929 1564 968 1608 ὃ»
993 1565 1165 1608 manebit
1199 1566 1239 1607 in
1272 1566 1475 1608 eternum!
1510 1562 1613 1607 Hoc

234 1633 385 1680 videns
411 1634 614 1680 soldanus
639 1636 822 1681 cucurrit
839 1634 893 1680 ad
913 1634 1133 1696 caliphum
1146 1635 1190 1679 ὃς
1207 1632 1329 1679 dixit:
1348 1637 1418 1692 En,
1438 1636 1610 1691 domine,

235 1723 351 1766 capta
375 1711 426 1766 est
459 1710 679 1752 ‘Damiaml
703 1706 748 1751 Et
770 1707 858 1767 ipse
883 1706 1066 1768 proiecit
1091 1706 1130 1751 se
1154 1707 1197 1750 in
1226 1722 1381 1750 terram
1410 1707 1454 1750 ὃς
1483 1704 1612 1751 dixit:

235 1779 341 1833 Heu,
367 1782 455 1835 lzeu,
479 1796 613 1822 eamus
636 1796 768 1823 omnes
792 1778 831 1822 δ’
857 1781 1075 1823 moriamur
1098 1796 1183 1822 cum
1207 1779 1327 1822 illis!

302 1848 497 1893 XXX1V.
534 1847 578 1892 Et
601 1863 810 1893 venerunt
835 1864 935 1892 cum
960 1848 1250 1910 mangonellis
1275 1850 1320 1893 ὃς
1344 1865 1445 1893 cum
1472 1849 1613 1893 omni-

235 1916 314 1963 bus
349 1919 477 1964 armis
511 1919 555 1963 ὃς
602 1935 702 1963 cum
735 1934 827 1964 tota
864 1917 1140 1964 multitudine
1183 1920 1454 1982 sagittarum,
1492 1918 1612 1981 quod

141 2008 146 2013 ·
210 2007 467 2037 ,numerum
492 2005 583 2034 non
607 1988 806 2047 habebat,
826 1990 933 2035 &in
958 1990 1028 2036 illa
1050 1989 1120 2035 die
1144 1990 1223 2036 fuit
1249 1990 1341 2035 talis
1368 1991 1613 2052 persecucio

236 2060 281 2104 ὃς
310 2060 394 2106 tale
423 2061 621 2122 prelium,
658 2062 784 2123 quale
819 2061 958 2106 nullus
989 2061 1126 2106 homo
1156 2061 1263 2108 vidit
1291 2078 1532 2123 nunquam,
1569 2064 1614 2107 ὃς

236 2132 397 2176 mortui
427 2134 472 2178 ὅ(
505 2132 715 2178 vulnerati
751 2133 924 2178 fuerunt
957 2133 1082 2178 multi
1105 2132 1349 2191 Christiani,
1383 2135 1428 2178 ὃς
1452 2132 1506 2179 de
1537 2133 1614 2178 illis

236 2201 466 2264 plusquam
503 2202 674 2249 duobus
709 2202 892 2249 milibus.

301 2274 479 2320 XXXV.
493 2273 685 2320 Extrema
700 2273 770 2320 die
784 2274 871 2332 lulij
887 2274 1040 2320 iterum
1052 2274 1284 2320 Christiani
1296 2275 1498 2320 insultum
1512 2277 1614 2322 civi·
1634 2295 1687 2324 101.
1707 2303 1753 2333 31·

236 2345 312 2389 tati
332 2343 555 2391 dederunt.
590 2348 632 2390 In
653 2346 821 2391 summo
843 2362 972 2390 mane
992 2345 1102 2391 scala
1122 2344 1175 2391 de
1195 2346 1347 2391 Pisanis
1366 2345 1421 2391 ad
1441 2364 1613 2392 murum

236 2413 372 2476 posita
388 2415 480 2472 fuit,
497 2418 541 2461 &
553 2417 711 2479 Pagani
729 2417 853 2479 super
867 2433 964 2462 eam
976 2417 1123 2479 ignem
1141 2418 1417 2479 proiecerunt
1435 2420 1479 2463 ἃ
1493 2434 1614 2463 com-

238 2483 455 2531 bufferunt
474 2503 571 2532 eam
592 2488 723 2548 usque
745 2486 1041 2545 medietatem,
1056 2489 1100 2532 ἃ
1120 2504 1200 2532 nos
1219 2505 1364 2533 amare
1379 2487 1615 2551 plangeba-

236 2573 345 2613 mus,
360 2555 553 2603 videntes
566 2558 623 2603 ita
637 2559 803 2603 nostros
816 2560 1073 2615 cremare&
1086 2558 1209 2603 multi
1221 2575 1271 2603 ex
1283 2559 1433 2603 nostris
1447 2560 1615 2605 fuerunt

236 2627 464 2686 vulnerati,
493 2629 538 2673 ἃ
567 2643 773 2690 quattuor
801 2629 913 2674 intus
941 2628 1245 2675 remanserunt.
1276 2632 1319 2674 In
1353 2629 1461 2674 hora
1486 2630 1615 2675 tercia

288 2775 300 2796 ι
327 2765 401 2798 Cod.
421 2765 594 2798 extruhere
612 2765 765 2798 meniam.

1365 2868 1402 2900 ¹7
