2216 3435
645 191 710 223 1x.
735 189 874 223 BEDA
898 189 1245 222 VENERABILIS.
1516 178 1657 236 xxxvij

334 351 371 388 p.
392 334 584 385 Dublinij,
609 333 807 374 Trinitatis
826 332 979 384 collegio,
999 332 1036 372 E
1053 333 1118 383 62,
1127 332 1220 388 saec.
1243 332 1373 372 XIII.

334 414 371 452 q.
393 398 665 451 Cantabrigiae,
681 397 794 437 Caius
813 409 903 449 225,
912 397 1005 453 saec.
1028 397 1132 437 XII.

332 477 362 503 r.
387 463 429 505 V
425 463 636 513 alencianis,
654 463 753 502 Bibl.
775 462 922 513 munic.,
943 478 978 501 n.
996 475 1063 514 45,
1073 460 1167 517 saec.
1192 461 1292 501 XII.

333 544 379 584 In
398 544 470 584 illis
490 544 552 596 qui
559 544 774 600 sequuntur
797 544 973 583 codicibus
994 545 1241 584 tantummodo
1263 543 1413 583 Libelli
1427 544 1658 597 fragmenta

281 609 548 664 afflrvantur.

331 689 359 715 s.
382 674 578 725 Lauduni,
601 673 697 713 Bibl.
718 674 866 725 munic„
886 690 920 714 n.
941 687 1005 728 92,
1015 675 1109 733 saec.
1134 676 1212 716 IX.

333 750 358 779 t.
381 739 470 780 Lat.
494 739 737 795 14797,saec.
758 739 836 779 XI.

332 820 369 843 u.
401 804 575 855 Londini,
594 805 771 844 Britann.
794 804 922 860 Muſs,
937 805 1032 846 Add.
1055 806 1300 864 22635,saec.
1323 804 1443 846 XIV.

332 883 368 908 v.
389 868 578 919 Avinione,
600 868 713 925 llslus.
735 869 987 927 Cal-vet,saec.
1014 870 1111 911 XV.

330 951 495 990 Editione
509 951 689 1005 principe,
709 967 792 1004 quae
808 967 903 991 anno
924 965 1017 1004 1521
1036 953 1231 1006 publicata
1251 953 1312 1006 cst,
1331 954 1375 993 {5⁹
1397 952 1543 992 editione
1565 951 1656 990 anni

282 1028 382 1068 1544
408 1016 462 1055 uti
488 1017 731 1068 nequivimus,
760 1018 858 1068 quod
880 1018 1026 1070 primus
1053 1027 1167 1057 tomus
1187 1018 1381 1057 editionum
1409 1017 1568 1056 illarum
1596 1031 1657 1054 nec

279 1079 445 1131 Parifiis,
465 1097 526 1121 nec
547 1081 742 1132 Londini,
761 1097 823 1121 nec
841 1082 1020 1123 Oxoniae
1040 1099 1152 1136 neque
1174 1083 1281 1122 etiam
1299 1082 1471 1123 Monaei
1488 1090 1659 1136 repertus

278 1147 338 1201 ss,
357 1162 419 1186 nec
434 1145 689 1201 verifimiliter
710 1162 873 1200 unquam
893 1148 1037 1200 publici
1053 1148 1147 1187 iuris
1153 1148 1288 1201 fastus
1309 1150 1367 1201 esi.

331 1264 571 1304 EDITIONES
592 1275 750 1316 caeterae,
772 1266 899 1319 quihus
919 1265 974 1321 ust
983 1265 1133 1322 sumus,
1145 1265 1232 1323 sex*
1235 1267 1327 1321 sunt
1340 1283 1353 1306 .·

331 1344 363 1369 a.
386 1329 560 1381 Bafileae,
580 1330 676 1370 inter
695 1331 810 1370 Bedae
830 1341 942 1384 opera
963 1332 1096 1382 omnia,
1118 1347 1214 1371 anno
1239 1331 1349 1385 1563.

331 1395 366 1434 b.
391 1394 593 1446 Coloniae,
623 1411 719 1435 anno
757 1396 880 1442 1612‚·
909 1397 946 1436 in
978 1413 1051 1450 qua
1086 1406 1220 1437 textum
1250 1397 1395 1436 minime
1429 1397 1658 1436 emendatum

277 1461 493 1516 reperimus.

331 1541 365 1567 e.
405 1527 503 1580 1619
539 1527 583 1566 &⁹
617 1538 729 1580 1734,
763 1524 900 1567 Iacobi
934 1526 1113 1569 Gretseri
1151 1529 1254 1568 editio
1288 1529 1397 1575 (inter
1426 1528 1541 1567 Bedae
1580 1538 1657 1582 opp.

278 1592 410 1643 omnia,
438 1604 528 1644 412,
558 1592 662 1645 239).
692 1592 812 1647 Quod
834 1594 887 1632 ad
919 1592 1100 1634 Gretseri
1127 1594 1294 1633 editiones
1321 1594 1492 1647 pertinet,
1528 1609 1658 1633 earum

274 1667 502 1712 prototypum
534 1655 799 1697 Bafileensem
835 1659 1019 1698 editionem
1044 1659 1172 1713 fuiſje
1198 1660 1391 1710 credimus,
1427 1659 1513 1711 quin
1548 1659 1656 1698 etiam

281 1723 480 1778 Gretserus
492 1722 647 1778 Arcuifi
650 1722 774 1778 simul
779 1739 821 1763 ac
836 1724 946 1763 Bedae
961 1724 1099 1764 libellos
1113 1724 1349 1779 typographis
1363 1725 1534 1775 tradidit,
1545 1726 1589 1764 {3⁵
1603 1724 1657 1764 ita

273 1799 415 1842 parum
435 1788 614 1838 disz'inc‘ta,
634 1797 675 1827 ut
693 1787 841 1842 difficile
862 1788 907 1841 fit
928 1790 1041 1829 Bedae
1062 1791 1185 1830 verba
1204 1792 1251 1830 ab
1271 1789 1419 1843 Arcuffi
1439 1790 1660 1830 narratione

269 1852 475 1909 separare.
487 1852 572 1906 =Qui
583 1868 673 1892 vero
688 1869 796 1892 novae
813 1854 903 1893 anni
922 1866 1021 1907 1734
1033 1855 1177 1894 editioni
1191 1871 1324 1895 curam
1341 1856 1532 1905 dederunt,
1546 1855 1583 1894 in
1599 1854 1659 1894 hoc

277 1934 369 1958 erra
362 1917 425 1971 ffl'
436 1917 656 1975 Grezsszrum
656 1918 864 1974 sentientes,
873 1934 942 1958 uno
953 1920 1230 1970 Bedam,altero
1246 1927 1440 1961 caractere
1449 1920 1489 1960 A
1492 1920 1659 1974 reulfum

275 1982 551 2037 imprcffirunt.
568 1982 647 2021 Nec
661 1992 781 2022 tamen
799 1983 860 2023 hoc
872 1984 962 2023 mihi
964 1983 1145 2042 sufficere
1156 1985 1319 2025 videtur.
1335 1985 1468 2025 Leetor
1479 1985 1586 2036 enim,
1599 1985 1660 2038 qui

276 2064 344 2088 non
359 2049 480 2087 critico
494 2048 593 2086 modo
609 2049 818 2100 procedere,
830 2047 868 2104 f
862 2050 907 2088 ed
906 2049 1031 2102 facilc
1043 2049 1208 2104 singulos
1229 2058 1392 2090 auctores
1410 2051 1528 2103 legere
1548 2050 1660 2103 cupit,

276 2113 345 2153 hac
372 2113 544 2152 inaudita
572 2112 797 2171 dispositione
825 2115 988 2153 continuo
1015 2116 1207 2155 turbatur.
1245 2116 1374 2167 Itaque
1406 2115 1559 2155 Bedam
1576 2117 1656 2169 post

278 2178 491 2218 Arculfum
512 2178 749 2232 darestatui,
768 2181 811 2219 ἐϋ
832 2179 1011 2234 dzffimiles
1029 2180 1118 2219 locos
1139 2180 1272 2220 italicis
1292 2181 1422 2220 litteris
1443 2190 1570 2220 notare
1583 2201 1597 2227 ‚·
1618 2181 1654 2219 in

275 2244 446 2299 cuiusque
470 2243 579 2282 etiam
600 2243 755 2297 capituli
761 2244 975 2302 summario
995 2245 1159 2285 lectorem
1181 2247 1234 2285 ad
1257 2245 1404 2300 Arculfi
1431 2246 1519 2286 locos
1539 2247 1656 2285 eodem

272 2317 491 2362 pertinentes
511 2318 664 2349 remitto.

330 2368 366 2407 d.
389 2368 657 2421 Cantabrigiae,
683 2368 792 2421 1726.
815 2368 1019 2409 fideliorem
1050 2370 1116 2409 vix
1139 2369 1354 2427 succeſj'um
1378 2371 1583 2427 consecutus
1610 2371 1660 2422 est

269 2433 306 2486 J.
324 2433 452 2473 Smith
482 2433 518 2471 in
537 2433 618 2489 sua
640 2434 796 2474 omnium
815 2434 931 2474 Bedae
948 2445 1095 2488 operum
1113 2435 1274 2486 editione,
1284 2446 1347 2489 pp.
1367 2447 1556 2490 315-324.
1579 2435 1661 2491 Etst

276 2508 348 2538 tres
358 2498 498 2546 codices,
511 2513 664 2551 quorum
676 2514 789 2538 unum
802 2515 897 2538 anno
910 2511 984 2553 734
993 2500 1364 2557 conscriptumfuiffi‘
1375 2501 1565 2551 contendit,
1576 2510 1659 2540 ante
1709 2541 1713 2544 Δ

277 2564 390 2603 oculos
414 2563 596 2614 habuerit,
617 2563 657 2618 fi
674 2563 786 2619 ipsius
810 2565 993 2604 editionem
1020 2580 1100 2604 cum
1130 2564 1337 2605 Baslleensl
1359 2566 1565 2615 contuleris,
1590 2566 1657 2605 vix

277 2628 476 2681 quidquam
495 2629 532 2667 in
559 2629 683 2668 melius
704 2630 931 2669 emendatum
964 2630 1260 2670 animadvertas.
1293 2630 1561 2687 Smithflilicet
1579 2646 1657 2670 rem

276 2707 344 2733 non
355 2691 455 2750 satis
466 2691 570 2750 serio
586 2694 780 2747 trattavit,
800 2695 930 2750 quippe
947 2695 1021 2749 qui,
1035 2695 1188 2749 exempli
1196 2696 1344 2749 gratia,
1365 2696 1454 2735 fons
1466 2705 1538 2748 pro
1556 2709 1658 2749 pons
