2216 3435
649 279 922 313 OBSIDIONIS
947 279 1211 312 DAMIATE.
1530 282 1546 311 Ι
1562 282 1577 312 1
1596 282 1611 312 1

246 430 387 488 miles,
428 445 564 491 equos
603 430 648 474 ὃς
688 446 807 474 arma
830 427 1048 491 perderet,
1081 426 1136 472 de
1175 426 1360 472 exercitu
1401 425 1618 488 expulsuS‚
1642 441 1720 472 12¹9

247 501 411 566 pedites
440 517 620 546 manum
643 502 688 545 ὃς
712 500 875 557 omnia,
900 516 984 561 que
1008 496 1068 543 ibi
1090 495 1346 557 habuissent,
1370 497 1620 560 perderent3

246 572 272 617 fi
293 589 505 618 mercator
531 573 599 618 vel
620 573 780 617 femina
806 589 905 617 cum
926 571 1123 616 mercatis
1147 585 1340 614 maneret
1363 570 1407 613 in
1422 569 1622 626 exercitu,

246 661 424 689 manum
457 646 501 688 ὅς
525 645 675 688 omnia
701 645 770 688 sua
795 641 1011 706 perderet3
1046 640 1074 686 s1
1098 640 1235 685 homo
1260 639 1330 685 vei
1354 640 1516 684 femina
1538 638 1623 684 sine

245 715 373 760 armis
401 715 523 759 fuerit
547 716 762 772 inventus,
787 713 813 758 fi
840 731 929 758 non
951 713 1077 758 fuerit
1102 713 1295 758 infirmus
1319 711 1387 757 vel
1407 710 1623 773 parvulus,

245 786 537 848 quicustodiat
552 787 806 849 papiliones,
817 786 1216 831 excommunicatus
1236 782 1293 828 sit.
1305 784 1396 845 Qi
1407 781 1625 828 debebant

246 857 391 915 scalas,
418 857 577 902 cochas
607 860 652 903 ὃς
683 875 812 903 naves
838 856 1064 902 ascendere
1098 855 1152 900 ad
1184 854 1446 917 capiendam
1478 854 1623 899 civita-

247 944 350 986 tem,
376 931 420 974 ὃς
440 927 466 973 fi
487 928 687 987 redirent,
714 946 894 974 manum
912 930 957 973 ὅ(
976 928 1126 972 omnia
1144 927 1216 972 sua
1237 925 1477 988 perderent.
1506 928 1624 981 Item,

244 1001 319 1061 qui
349 1000 497 1045 introit
530 1000 749 1045 civitatem
781 1001 826 1044 ὃς
860 999 1026 1045 invenit
1056 1016 1209 1043 aurum
1235 999 1279 1042 ὃς
1309 1013 1539 1060 argentum
1579 997 1625 1040 ὃς

244 1072 393 1116 omnia
423 1071 518 1129 alia,
556 1089 640 1132 que
665 1071 892 1126 invenerit,
932 1069 1094 1116 adunet
1123 1071 1167 1114 in
1192 1068 1323 1114 tribus
1347 1068 1417 1114 vel
1446 1069 1514 1113 sex
1544 1066 1623 1112 do-

246 1140 386 1187 mibus
412 1144 457 1187 &
481 1141 660 1205 affignet
685 1160 734 1187 ea
761 1140 963 1200 stabilitis,
990 1143 1034 1186 ὃς
1058 1139 1085 1185 si
1115 1141 1209 1202 quis
1233 1139 1324 1186 vult
1349 1138 1573 1198 derobare,
1608 1150 1620 1170 1

243 1212 399 1277 perdat
418 1230 601 1257 manum
624 1214 669 1258 ὃς
694 1213 813 1258 suam
834 1229 1015 1275 partem.
1047 1215 1164 1270 Item,
1192 1210 1346 1273 quibus
1365 1228 1623 1275 preceptum

245 1284 371 1330 fuerit
395 1285 543 1342 iurare,
585 1282 786 1329 iurabunt
816 1284 967 1346 punire
998 1283 1108 1340 illos,
1153 1283 1226 1344 qui
1251 1281 1445 1344 predicia
1471 1283 1624 1330 statuta

244 1371 334 1400 non
367 1354 670 1401 observabunt.
714 1355 759 1401 Et
788 1356 1050 1400 annunciata
1085 1354 1180 1399 sunt
1219 1355 1341 1398 omni
1372 1354 1557 1416 populo,
1583 1356 1623 1400 ὃ»

244 1430 284 1470 in
309 1431 465 1471 nomine
485 1431 657 1471 Domini
681 1427 721 1471 ἃ
753 1429 859 1471 beate
884 1428 1040 1471 marie
1071 1429 1249 1486 virginis
1267 1429 1475 1485 faciemus
1500 1426 1623 1485 insul-

242 1514 322 1541 tum
352 1501 512 1542 civitati
536 1498 575 1542 ὃ»
604 1501 695 1543 ‘Deo
720 1500 930 1543 adiuvante
958 1501 1160 1559 capiemus
1191 1515 1291 1541 eam.
1327 1496 1371 1541 Et
1401 1494 1624 1558 respondit

244 1568 387 1612 omnis
414 1568 624 1630 populus:
651 1573 753 1625 Fiat,
769 1573 877 1628 fiat!

305 1639 423 1685 L1V.‘
462 1639 545 1685 Sed
570 1640 788 1686 Dominus
813 1640 952 1686 noluit
969 1650 986 1669 ²
1012 1641 1256 1702 exspeeiare
1281 1638 1454 1684 decreta
1479 1638 1622 1683 homi-

243 1727 364 1768 num,
391 1728 495 1756 nam
513 1729 540 1757 v
562 1710 631 1756 die
654 1712 841 1756 intrante
862 1709 1122 1757 Novembris
1143 1709 1212 1756 die
1231 1711 1392 1768 Martis,
1409 1712 1451 1755 in
1474 1709 1623 1773 vigilia
1642 1720 1793 1750 Novemb-
1813 1729 1838 1759 5-

242 1781 385 1827 Sanf'ti
409 1780 621 1827 Leonardi
651 1783 695 1827 in
720 1781 864 1827 media
897 1784 1042 1842 nocie,
1072 1799 1157 1844 qua
1186 1782 1293 1827 hora
1325 1781 1517 1827 Christus
1552 1797 1621 1827 ex-

243 1852 440 1915 spoliavit
479 1853 714 1911 infernum,
758 1853 989 1899 Christiani
1031 1871 1157 1899 muro
1199 1854 1380 1900 civitatis
1417 1853 1621 1898 Damiate

294 2013 305 2032 1
329 2000 379 2034 Sic
398 2000 532 2043 legimus
554 2012 624 2034 cum
643 2002 753 2043 Mur.;
772 2002 821 2033 ΛΠ.
838 2002 962 2045 praebet
980 2000 1034 2044 iiij.
1055 2021 1099 2025 —
1119 2016 1136 2035 2
1159 2002 1208 2035 M.
1228 2001 1346 2035 voluit.

17 2056 50 2087 P.
69 2057 88 2086 f.
109 2066 162 2097 1¹5
181 2059 222 2088 A.
290 2054 303 2066 *
320 2056 395 2087 LIV
410 2067 444 2087 a.
472 2054 599 2092 Quinto
619 2054 734 2087 mensis
754 2054 955 2087 Novembris
974 2054 1004 2087 in
1025 2054 1136 2098 vigilia
1157 2055 1256 2088 sanffti
1276 2055 1440 2088 Leonardi
1458 2055 1490 2088 in
1510 2054 1619 2088 media
1638 2057 1787 2085 Novemb.
1806 2064 1833 2094 5.

241 2108 350 2149 ηοξίε,
381 2120 446 2152 qua
471 2108 553 2140 hora
574 2107 722 2141 Christus
747 2107 936 2153 exspoliavit
960 2108 1136 2150 infernum,
1165 2108 1338 2142 Christiani
1362 2120 1458 2142 muro
1477 2108 1618 2142 civitatis

241 2161 401 2196 Damiate
416 2161 517 2194 scalas
535 2161 723 2206 posuerunt.
747 2164 835 2195 Cum
855 2169 968 2194 autern
988 2174 1052 2194 una
1068 2163 1301 2195 Romanorum
1324 2162 1409 2195 scala
1426 2162 1522 2207 ipsius
1541 2162 1620 2196 civi-

241 2215 317 2249 tatis
338 2227 435 2248 muro
460 2214 539 2248 effet
560 2214 721 2259 apposita,
741 2215 888 2248 volentes
907 2215 939 2247 in
958 2215 1125 2248 civitatem
1141 2215 1272 2257 intrare,
1290 2215 1411 2249 iudicio
1432 2215 1494 2249 Dei
1516 2215 1619 2249 fracta

240 2270 293 2304 est.
316 2268 397 2302 Alie
417 2268 500 2302 scale
521 2280 659 2301 numero
676 2281 697 2302 x
715 2268 801 2301 intus
823 2268 993 2302 civitatem
1012 2268 1229 2310 intraverunt,
1247 2268 1301 2313 qui
1323 2269 1420 2311 exire,
1439 2281 1499 2303 nec
1518 2270 1620 2303 scalas

240 2334 433 2368 recuperare
463 2322 599 2356 minime
625 2331 817 2367 potuerunt,
847 2324 903 2368 qui
924 2323 1108 2356 admodum
1136 2324 1262 2356 turbati
1284 2323 1529 2368 plurimumque
1547 2336 1619 2369 per-

240 2376 343 2409 territi
362 2385 520 2421 ceperunt
540 2377 684 2410 clamare
704 2378 734 2410 &
758 2377 882 2410 dleere:
913 2378 941 2409 O
963 2376 1106 2417 Domine,
1135 2389 1150 2410 o
1169 2377 1313 2418 Domine,
1340 2378 1494 2421 miserere
1521 2378 1620 2413 nobis.

241 2429 378 2463 adiuva
398 2443 463 2472 nos,
481 2432 569 2464 Deus
582 2430 748 2473 salutaris
767 2431 876 2475 noster,
897 2430 974 2474 quia
989 2430 1086 2463 omnis
1097 2430 1174 2474 spes
1193 2431 1331 2474 &salus
1349 2431 1454 2475 nostra
1472 2431 1505 2464 in
1522 2443 1619 2464 manu

243 2484 316 2516 (ἵνα
336 2484 387 2527 est,
409 2485 445 2516 ἔθ’
458 2484 546 2516 mitte
559 2484 646 2518 nobis
667 2487 707 2517 de
725 2484 788 2517 celo
807 2484 935 2527 angelos
959 2485 1052 2523 ‘Iuos‚
1073 2484 1128 2527 qui
1144 2484 1303 2527 nobiscum
1314 2484 1380 2527 fint
1393 2485 1429 2517 69·
1443 2486 1623 2528 deffendant

240 2548 292 2569 nos
312 2538 354 2569 ab
373 2537 477 2581 impiis
499 2538 531 2570 695
550 2538 735 2570 crudelibus
756 2537 913 2581 Puganis,
934 2544 970 2570 ut
985 2539 1024 2570 de
1041 2537 1128 2570 nobis
1142 2538 1323 2581 potestatem
1339 2538 1462 2570 hahere
1480 2550 1539 2572 non
1548 2538 1620 2582 pos-

232 2589 309 2634 stnt,
329 2597 364 2622 ul
377 2591 520 2633 potentia
535 2592 572 2623 &⁷
585 2590 827 2634 magnificentia
849 2590 922 2623 ‘sua
938 2591 982 2623 ab
999 2590 1142 2623 omnibus
1162 2590 1315 2624 laudetur
1338 2592 1374 2623 fs?
1387 2603 1496 2625 nomen
1517 2594 1620 2624 ‘Tuum

232 2642 388 2685 summm
403 2650 462 2687 pet·
483 2643 680 2688 universum
694 2646 800 2677 orbem
815 2644 1021 2687 glos-istrum*
1042 2645 1078 2676 [⁶5
1090 2644 1287 2677 benedifium
1296 2644 1340 2688 fit
1357 2644 1512 2687 infictcla
1523 2645 1620 2688 ficu-

241 2696 352 2729 lorum.
374 2698 483 2729 Amen.
517 2699 592 2734 Qua
612 2697 764 2730 oratione
790 2698 874 2730 facta
898 2697 1074 2730 Christiani
1100 2705 1272 2741 tamquam
1295 2698 1403 2741 angeli
1423 2699 1618 2731 catervatim

241 2760 316 2781 cum
342 2748 431 2781 scalis
451 2750 480 2782 δι
503 2749 697 2782 [canonibus
716 2751 745 2783 ἃ,
765 2750 833 2782 aliis
853 2751 948 2794 lignis
966 2751 1056 2783 omni
1075 2751 1188 2791 modo,
1213 2759 1311 2795 prout
1329 2759 1496 2795 poterant,
1526 2751 1620 2795 super

243 2813 373 2834 murum
394 2801 536 2834 civitatis
556 2803 764 2834 conabantur
781 2803 956 2835 ascendere
974 2804 1018 2835 ob
1039 2803 1232 2848 obsequium
1253 2803 1388 2836 Domini
1408 2803 1504 2836 nostri
1526 2804 1618 2838 Ihel'u
