2216 3435
652 281 924 316 OBSIDIONIS
959 280 1220 313 DAMIATE.
1533 276 1614 328 105

254 426 499 486 recqfferunt.
521 425 621 479 cAlij
639 443 745 481 vero,
765 428 834 484 qui
851 426 1129 485 remanserunt,
1145 427 1296 484 fugere
1314 442 1381 468 nec
1400 443 1422 468 a
1441 426 1620 468 manibus
1641 436 1717 466 1219

258 504 513 558 Paganorum
546 498 709 541 evadere
730 500 890 540 minime
910 498 1079 558 poffunr.
1115 496 1236 540 Dum
1253 495 1332 539 hec
1356 511 1576 557 geruntur,
1609 504 1619 523 ¹

257 567 459 613 soldanus
483 565 668 611 similiter
692 567 874 611 nuncios
903 567 1000 611 suos
1024 564 1079 611 ad
1105 564 1335 610 dominum
1365 565 1558 628 legatum
1583 566 1627 610 ὃς

233 656 408 702 ·regem
441 637 719 682 lerosolime2
756 635 907 682 direxit
943 636 1113 694 dicens,
1142 645 1155 674 3
1211 635 1440 681 soldanum
1474 653 1631 698 pacem

260 710 329 755 seu
354 724 552 772 treguam
576 725 677 752 cum
702 707 951 752 Christianis
981 707 1089 768 velle
1114 723 1382 769 componere
1406 709 1450 751 ὃς
1480 706 1631 751 facere.

261 778 426 825 Habito
472 796 649 841 quoque
696 778 891 837 confilio,
918 788 938 815 4
975 778 1172 824 dixerunt
1212 778 1456 835 Christiani,
1504 794 1550 823 ut
1590 778 1631 822 in

262 851 426 914 scriptis
452 850 636 896 modum
659 853 703 896 ὃς
723 851 910 895 formam
936 849 1037 895 dare
1061 849 1289 907 deberent3
1316 850 1388 911 qui
1410 865 1635 910 tamquam

261 920 508 985 proditores
547 921 602 967 ad
637 922 768 967 castra
807 920 1079 979 recesserunt,
1120 923 1164 966 &
1199 919 1254 965 fic
1287 921 1385 983 sepe
1420 922 1464 965 ὅς
1499 921 1636 981 sepius

265 994 469 1039 facientes
498 995 544 1038 ὅ(
584 992 640 1038 ad
679 993 810 1038 castra
846 992 1190 1038 Christianorum
1226 993 1446 1038 venientes
1479 993 1524 1036 ὃς
1558 991 1638 1035 hec

265 1065 415 1110 omnia
439 1063 844 1125 inquirenteSSnil6
881 1063 1021 1108 facere
1067 1063 1310 1120 voluerunt,
1355 1060 1640 1125 expec'sabant

266 1137 383 1181 enim
409 1135 582 1180 interim
615 1134 821 1180 auxilium
845 1152 870 1179 a
894 1135 1146 1197 longinquis
1172 1133 1420 1196 regionibus
1446 1134 1640 1196 Pagano-

267 1225 363 1253 rum
409 1208 468 1265 ὃς,
513 1206 855 1253 Christianorum
910 1207 1143 1251 exercitum
1197 1204 1359 1250 cotidie
1410 1204 1590 1250 diminui
1624 1213 1639 1240 7

269 1277 437 1324 debere.
473 1277 702 1324 Christiani
728 1293 873 1322 autem
902 1277 1099 1322 insensati
1117 1277 1132 1305 8
1167 1294 1215 1321 ea
1241 1277 1403 1335 omnia,
1429 1293 1514 1337 que
1539 1292 1639 1337 pro-

270 1348 478 1405 ferebant,
504 1366 655 1394 verum
679 1347 777 1405 effe,
802 1346 1025 1410 putabant.

334 1421 477 1467 XLIV.
498 1418 712 1483 Quodam
731 1418 799 1464 die
814 1417 966 1464 menfis
983 1417 1243 1481 Septembris
1263 1419 1420 1482 Pagani
1438 1420 1483 1463 ὃς
1502 1419 1641 1464 Sarra·
1662 1433 1741 1470 sept.

272 1493 367 1538 ceni
382 1490 575 1552 undique
587 1490 844 1535 circuierunt
866 1499 883 1528 9
901 1491 1135 1535 exercitum
1149 1490 1505 1535 Christianorum.
1519 1489 1645 1533 Tunc

273 1560 490 1619 soldanus,
518 1562 687 1624 erigens
709 1561 763 1617 se,
799 1560 885 1606 alta
910 1577 1020 1607 voce
1050 1559 1192 1606 dicere
1218 1561 1350 1622 cepit:
1392 1563 1428 1605 Ο
1464 1564 1643 1621 Pagoni,

273 1638 352 1680 viri
365 1634 582 1693 fortiffimi
607 1633 646 1677 ὁ)
671 1634 859 1695 bellicosi,
881 1637 1004 1678 totius
1026 1635 1134 1677 orbis
1158 1635 1443 1690 dominatores,
1473 1651 1560 1676 vere
1586 1636 1647 1676 in-

273 1707 495 1764 tellexistis,
528 1709 621 1764 quio
634 1706 831 1766 scriptum
862 1709 912 1763 est
940 1710 979 1749 in
1010 1705 1099 1765 Iege
1126 1709 1252 1764 nostra
1274 1727 1286 1747 .·
1314 1707 1478 1764 Pagani
1502 1720 1649 1748 montes

276 1777 316 1821 ὃ)
343 1780 468 1821 maria
495 1778 707 1838 transibunt
735 1776 775 1819 Θ
802 1781 921 1820 eriam
959 1778 1180 1836 Quirinum
1217 1779 1425 1837 imperium
1451 1777 1650 1836 subiuga-

278 1851 384 1904 bunt‚
417 1849 751 1891 nonne10videzis
775 1864 858 1903 vos,
885 1851 978 1906 quio
1000 1850 1323 1906 Christianifere
1348 1864 1481 1891 omnes
1505 1849 1651 1890 mortui

71 1921 114 1949 M.
131 1919 151 1949 f.
167 1919 205 1948 ⁶⁶
222 1918 368 1980 A·sunr
387 1918 426 1962 ὃ·
456 1918 720 1977 recqfferunt?
755 1920 803 1961 Et
823 1935 1004 1978 pugnate
1027 1919 1203 1962 viriliter
1227 1926 1257 1946 ¹¹
1285 1936 1369 1963 cum
1395 1921 1450 1961 eis
1476 1917 1516 1960 ὃ»
1535 1919 1653 1960 liobe-

282 1992 379 2034 bitis
418 1993 550 2034 omnia
583 1994 796 2049 temptoria
822 2007 953 2034 eorum
979 1989 1018 2033 E*
1043 2007 1179 2033 aurum
1205 1989 1244 2033 ὃ)
1270 2005 1473 2049 argentum
1501 1988 1540 2032 δ’
1567 1989 1653 2031 alia

285 2064 433 2116 omnio,
472 2078 544 2119 que
569 2065 609 2104 in
636 2063 771 2120 castris
783 2063 957 2121 sunrl¹²
983 2064 1168 2121 Precipio
1194 2062 1384 2115 omnibus,
1426 2076 1467 2103 ut
1500 2062 1655 2103 intretis

273 2133 468 2191 foſj'otum
503 2131 542 2175 δ’
582 2132 686 2175 illud
712 2132 876 2192 implere
899 2133 1088 2175 debeatis.
1127 2130 1172 2174 Et
1207 2128 1262 2174 fic
1286 2131 1330 2174 in
1357 2128 1557 2175 fossatum
1594 2129 1656 2173 in-

284 2216 502 2249 traverunt
532 2201 725 2247 volentes
755 2202 946 2264 implere.
984 2203 1201 2247 Dominus
1225 2201 1392 2265 legatus
1417 2199 1656 2262 quide1n,¹³

285 2272 521 2320 extendens
556 2290 710 2318 manus
746 2273 838 2318 suas
876 2272 931 2318 ad
970 2273 1125 2330 celum,
1161 2271 1379 2334 plorando
1411 2273 1455 2316 ὃς
1491 2270 1657 2330 lachry-

286 2361 410 2389 mans
432 2355 468 2384 ¹4
487 2342 602 2389 dulci
657 2360 768 2390 Voce
812 2341 937 2389 dixit:
969 2352 1001 2382 15
1052 2347 1227 2388 ‘Domine
1263 2347 1376 2387 ‘Deus
1415 2346 1552 2398 Pater,
1594 2344 1662 2400 qui

288 2433 421 2460 manes
445 2419 485 2460 in
511 2414 726 2472 Trinitate‚
760 2433 912 2461 creator
937 2417 1015 2460 celi
1037 2415 1076 2460 ὃ»
1102 2432 1214 2473 terre,
1239 2417 1462 2459 dominazor
1490 2417 1660 2458 omnium

343 2606 353 2625 1
377 2593 425 2626 M.
446 2600 634 2636 agerentur.
648 2612 691 2616 -
713 2606 731 2625 2
753 2593 803 2626 M.
825 2591 1063 2625 Hierosolimae.
1084 2611 1129 2616 ——
1152 2603 1164 2631 3
1190 2592 1220 2624 P.
1246 2591 1403 2623 dicentes.
1420 2610 1464 2613 —
1479 2602 1500 2630 4
1519 2590 1549 2621 P.
1571 2587 1663 2619 cons-

291 2647 375 2681 cilio.
395 2657 470 2687 ——5
492 2646 541 2678 M.
561 2647 642 2678 add.
665 2646 705 2677 Sc.
728 2664 768 2668 ——
793 2649 810 2677 6
833 2646 864 2677 P.
896 2644 1002 2676 nichil.
1023 2664 1066 2668 —
1092 2657 1107 2683 7
1139 2645 1171 2676 P.
1200 2643 1360 2676 exercitus
1389 2641 1525 2674 cottidie
1551 2640 1662 2672 minui.

294 2721 335 2726 —
360 2705 377 2734 8
409 2702 458 2734 M.
492 2698 641 2731 insensati
672 2706 794 2730 autem.
814 2718 858 2721 —
879 2710 897 2739 9
937 2699 968 2729 P.
989 2697 1184 2729 circuerunt.
1210 2716 1251 2721 —
1276 2708 1316 2728 10
1336 2698 1383 2729 M.
1405 2707 1474 2727 vos,
1495 2714 1535 2718 —
1561 2705 1595 2724 ιι
1632 2693 1663 2724 P.

292 2766 408 2788 om.——
433 2765 470 2784 12
500 2752 548 2784 M.
575 2762 631 2784 om.
662 2750 745 2783 sunt.
764 2770 808 2773 —
836 2761 872 2789 ¹3
898 2751 931 2782 P.
957 2750 1090 2793 quidem
1112 2750 1272 2793 Legatus.
1291 2768 1331 2772 -
1361 2762 1400 2789 ¹4
1431 2749 1460 2779 I’.
1479 2745 1663 2778 lacrimam.

296 2826 338 2831 —-
365 2818 400 2849 ¹5
423 2806 470 2838 M.
490 2804 623 2847 dicens3
646 2804 678 2836 P.
696 2804 776 2836 add.
798 2806 877 2835 Oro.

1472 2867 1510 2897 ¹4
