2216 3435
120 429 141 459 f.
161 429 217 459 128
234 428 261 457 b.

149 905 171 936 f.
187 915 254 946 129.

732 274 798 307 DE
834 275 972 309 Locus
1007 274 1229 308 SANCTIS.
1538 263 1652 329 360*

334 419 401 459 De
423 429 540 473 porta
561 418 730 474 Purgius
751 420 875 474 usque
904 421 943 460 in
974 429 1157 459 montem
1191 419 1371 470 Buzana,
1392 420 1501 474 quod
1525 422 1650 461 inter·
1671 414 1763 459 XXII

279 489 456 532 pretatur
476 479 647 529 lucerna,
667 478 750 518 mil.
767 493 832 518 xv.
853 477 915 518 Ibi
937 479 1130 533 pugnavit
1147 477 1283 517 David
1307 493 1400 518 cum
1423 479 1561 521 Golia.
1584 480 1651 520 De

278 537 447 578 Buzana
477 538 600 591 usque
620 537 861 591 Eleotupori
892 539 976 578 mil.
1007 554 1071 578 xv.
1103 538 1171 579 De
1202 537 1432 590 Eliotopori
1466 541 1588 593 usque
1611 541 1650 580 in

278 596 430 649 locum,
462 597 530 637 ubi
570 598 674 638 iacet
703 597 859 638 sanetus
888 598 1122 647 Zacharias,
1151 598 1235 637 mil.
1262 598 1313 650 vj.
1346 596 1413 637 De
1446 599 1527 651 ipso
1557 599 1650 639 loco

277 655 402 710 usque
423 655 627 697 Ascalona
645 656 682 696 δε
702 656 825 710 usque
847 657 967 699 Gaza
987 657 1071 697 mil.
1092 657 1161 710 xij.

330 714 444 756 Inter
465 715 709 756 Ascalonam
731 716 769 756 &
791 715 956 758 Gazam
987 717 1171 757 civitates
1204 716 1314 767 duas,
1344 716 1381 755 id
1413 716 1468 756 est
1497 717 1647 758 Antio·
1668 728 1775 758 XXHI

275 776 384 815 noda
408 774 446 814 ὅτ
468 774 666 815 Mazona.

328 834 396 874 De
420 834 543 876 Gaza
564 834 689 889 usque
710 835 929 889 Raphidon
952 835 1036 875 mil.
1057 836 1178 888 xxvij.
1202 834 1269 874 De
1285 834 1504 888 Raphidon
1527 836 1649 890 usque

274 893 490 944 Betuliam,
507 894 573 933 ubi
592 894 805 936 Olofernis
826 905 1012 935 mortuus
1029 894 1096 945 est,
1118 894 1200 934 mil.
1217 894 1285 948 xij.
1313 894 1380 934 De
1397 893 1649 934 Hierusalem

272 951 394 1005 usque
417 953 579 1004 Sinoda,
600 953 655 993 ibi
685 953 760 993 fuit
789 954 927 993 Archa
955 953 1210 993 Testamenti
1233 952 1423 1004 Domini,
1452 952 1536 992 mil.
1566 953 1648 1006 viij.

272 1010 341 1051 De
376 1011 527 1052 Sinoda
562 1011 685 1066 usque
720 1013 760 1052 in
790 1013 984 1064 Amaum,
1015 1013 1083 1066 qui
1117 1027 1227 1052 nunc
1261 1011 1463 1065 Neapolis
1493 1012 1650 1063 dicitur,

272 1070 356 1111 mil.
382 1071 464 1125 viij.
486 1069 533 1111 In
555 1085 635 1125 qua
655 1072 791 1111 Amau
808 1071 965 1112 sanc‘tus
982 1072 1190 1125 Cleuphas
1207 1071 1401 1125 cognovit
1417 1070 1648 1111 Dominum

274 1131 312 1170 in
335 1131 540 1172 fraccione
557 1131 683 1184 panis,
703 1131 757 1170 ibi
774 1131 813 1171 δε
835 1132 1072 1185 martyrium
1089 1130 1266 1184 pertulit.
1290 1130 1357 1171 De
1373 1131 1508 1170 Amau
1526 1130 1648 1184 usque

212 1223 217 1228 .
271 1190 311 1229 in
334 1189 554 1243 Diopolim
575 1189 658 1229 mil.
680 1190 748 1243 xij.
769 1188 831 1229 Ibi
852 1189 1008 1231 sanetus
1027 1190 1256 1244 Gregorius
1277 1191 1559 1244 martyrizatus
1580 1189 1648 1241 est,

110 1435 131 1465 f.
151 1444 207 1476 129
223 1435 250 1466 b.

141 1913 162 1943 f.
181 1922 247 1952 130.

103 2558 123 2587 f.
143 2566 201 2597 130
218 2558 245 2588 b.

271 1249 324 1289 ibi
348 1248 387 1289 δε
407 1262 553 1302 corpus
575 1249 673 1299 eius,
694 1248 733 1288 &
753 1248 880 1289 multa
901 1249 1101 1289 mirabilia
1127 1249 1241 1289 fiunt.

324 1307 392 1348 De
414 1307 589 1360 Diopoli
611 1308 651 1347 in
672 1306 802 1361 Iopen
824 1307 908 1348 mil.
930 1309 1002 1363 xij.
1024 1307 1085 1348 Ibi
1108 1308 1264 1349 sanetus
1286 1308 1429 1350 Petrus
1450 1309 1647 1350 suscitavit
1664 1322 1756 1352 XXV

270 1367 445 1408 sanE'tam
464 1367 677 1418 Tabitam,
699 1367 752 1407 ibi
773 1367 812 1407 &
833 1378 964 1409 coetus
986 1368 1151 1408 iactavit
1180 1368 1216 1409 se
1248 1368 1357 1408 victo
1389 1367 1546 1409 Ionam.
1578 1369 1646 1409 De

269 1425 399 1481 Iopen
421 1427 545 1480 usque
566 1426 614 1466 ad
637 1426 851 1468 Cesaream
874 1427 1070 1467 Palestine
1092 1427 1175 1468 mil.
1205 1442 1297 1467 xxx.
1328 1425 1390 1467 Ibi
1418 1428 1646 1482 baptizatus

270 1486 327 1526 est
348 1485 567 1528 Cornelius
588 1499 610 1524 a
630 1485 767 1525 saneto
789 1484 910 1525 Petro
932 1486 971 1526 &
992 1487 1272 1540 martyrizatus
1293 1486 1360 1526 est.

325 1544 392 1585 De
415 1544 580 1586 Cesaria
599 1544 721 1598 usque
743 1545 782 1584 in
799 1544 1042 1586 Diocesarea
1063 1545 1146 1585 mil.
1168 1561 1261 1586 xxx.
1283 1544 1383 1585 Inde
1404 1546 1478 1586 fuit
1493 1546 1645 1600 Symon
1666 1558 1775 1587 XXVI

268 1618 420 1658 magos.
454 1602 521 1643 De
552 1602 789 1644 Diocesaria
816 1605 939 1659 usque
966 1606 1005 1645 in
1037 1606 1178 1646 Canan
1210 1604 1385 1646 Galileae
1406 1605 1489 1645 mil.
1511 1620 1546 1645 v.
1580 1605 1648 1646 De

269 1662 508 1704 Diocesaria
528 1662 652 1716 usque
673 1663 883 1704 Nazareth
906 1665 988 1704 mil.
1010 1678 1046 1704 v.
1071 1664 1139 1704 De
1159 1664 1368 1704 Nazareth
1392 1665 1516 1718 usque
1531 1664 1650 1705 Tha-

267 1723 358 1763 buri
399 1722 482 1761 mil.
521 1721 590 1776 vij,
629 1722 697 1761 ubi
734 1721 945 1764 Dominus
985 1724 1073 1777 post
1121 1722 1452 1764 resurre&ionem
1491 1727 1649 1778 aparuit

268 1797 290 1822 a
323 1780 474 1821 ostolis.

293 1798 391 1881 pDe
426 1840 681 1880 Hierusalem
702 1841 771 1881 ubi
793 1841 1004 1896 Philippus
1035 1841 1257 1894 baptizavit
1286 1842 1533 1893 eunuchum,
1563 1843 1646 1883 mil.
1663 1849 1740 1878 XXI

268 1900 336 1955 xij.
367 1898 471 1939 Inde
493 1899 617 1953 usque
639 1901 686 1940 ad
713 1901 970 1951 terebintum‚
991 1901 1100 1954 quod
1137 1899 1364 1954 appellatur
1392 1899 1470 1940 ilex
1506 1901 1646 1942 Mam-

268 1958 352 2009 bre,
384 1958 467 1998 mil.
500 1974 536 1999 v.
568 1959 636 2000 De
670 1961 938 2001 terrebintum
959 1959 1082 2013 usque
1103 1960 1149 1999 ad
1172 1958 1403 2012 speluncam
1426 1959 1647 2013 duplicem,

268 2018 321 2058 ibi
342 2018 599 2072 requiescunt
619 2020 858 2073 patriarche,
888 2019 971 2059 mil.
993 2020 1059 2073 vij.
1092 2017 1159 2058 De
1180 2018 1368 2071 spelunca
1390 2019 1564 2071 duplicae
1584 2021 1646 2060 us-

267 2092 347 2131 que
367 2078 407 2117 in
429 2077 568 2117 Ebron
592 2079 675 2118 mil.
697 2079 737 2132 ij.
767 2077 830 2119 Ibi
858 2079 1055 2119 habitavit
1082 2078 1237 2119 sanetus
1267 2078 1402 2119 David
1424 2079 1476 2133 vij
1501 2094 1641 2131 annos,

267 2138 430 2190 quando
453 2137 632 2190 fugiebat
652 2148 744 2178 ante
766 2138 871 2178 Saul.

323 2195 392 2236 De
433 2195 689 2237 Hierusalem
735 2198 775 2238 in
815 2197 1037 2247 Rachama,
1070 2197 1168 2237 hubi
1220 2196 1432 2252 requiescit
1470 2197 1644 2251 Samuel,
1660 2205 1771 2235 XXIV

267 2254 404 2354 “UDX
408 2286 680 2366 Hierusalem,
700 2315 797 2356 hubi
828 2315 1025 2356 habitavit
1048 2315 1265 2367 Elisabeth,
1285 2326 1411 2357 mater
1431 2318 1551 2358 saneti
1573 2316 1643 2359 Io-
1661 2323 1723 2353 XV

268 2373 412 2413 hannis
434 2373 626 2427 Baptiste,
646 2374 730 2414 mil.
753 2389 790 2415 v.

323 2430 391 2471 De
413 2432 667 2473 Hierusalem
687 2434 811 2488 usque
839 2434 978 2485 Nabo,
1007 2434 1103 2474 hubi
1138 2444 1255 2475 natus
1285 2434 1514 2476 Hieremias
1546 2451 1641 2490 pro·
1659 2435 1739 2465 XIV

269 2490 402 2544 pheta,
423 2491 492 2531 ubi
514 2491 553 2531 δι
574 2492 799 2546 requiescit,
819 2492 903 2533 mil.
924 2494 976 2547 vj.

322 2548 390 2589 De
412 2550 667 2590 Hierusalem
688 2552 727 2591 in
750 2551 949 2592 Bethania
968 2551 1051 2591 mil.
1074 2552 1113 2606 ij,
1140 2552 1207 2592 ubi
1230 2552 1472 2595 resuscitavit
1492 2554 1643 2596 Domi·
1661 2563 1737 2592 X111

265 2622 342 2649 nus
356 2606 493 2650 Ihesus
506 2609 726 2650 Lazarum.
738 2609 806 2651 De
819 2611 1071 2651 Hierusalem
1088 2610 1211 2664 usque
1222 2612 1260 2651 in
1276 2623 1459 2652 montem
1470 2614 1643 2667 Oliveti,

267 2667 377 2720 quod
402 2667 585 2709 scribitur
611 2668 734 2708 stadia
762 2669 831 2724 vij,
861 2670 991 2724 mil.j.
1022 2668 1122 2710 Inde
1155 2670 1363 2711 Dominus
1396 2671 1572 2714 ascendit
1602 2675 1640 2713 in

267 2725 410 2777 coelos,
430 2727 498 2766 ubi
521 2726 609 2767 sunt
630 2727 819 2768 fabricate
841 2743 1011 2769 numero
1032 2730 1142 2782 xxiiij
1166 2729 1374 2771 aecclesias.

321 2784 389 2825 De
411 2796 552 2827 monte
574 2785 734 2828 Oliveti
757 2787 878 2841 usque
900 2788 939 2828 in
961 2790 1097 2828 vicum
1119 2788 1366 2843 Ermipholi,
1393 2790 1459 2830 ubi
1488 2792 1641 2831 dormi·
1659 2799 1718 2828 xv
