2216 3435
770 695 1233 760 JTJQERoqRJUm

434 878 814 938 BERNARDI
859 880 1234 940 MONACHI
1281 883 1564 943 FRANCI

369 1419 371 1433 .
417 1426 423 1434 K
497 1389 517 1401 Ρ
543 1385 641 1463 &ev
655 1376 843 1422 NClPlT
886 1377 1150 1422 itinerarium
1185 1379 1314 1423 trium
1349 1379 1685 1439 monachorum,

331 1484 338 1494 .
400 1476 406 1483 κ
502 1468 509 1499 1³
534 1414 641 1566 (βῶξ
655 1447 858 1493 Bernardi
898 1448 1055 1494 scilicet
1094 1451 1139 1494 ὅς
1173 1449 1391 1495 sociorum
1427 1451 1515 1496 eius
1550 1453 1596 1497 ὅ(
1631 1451 1686 1497 de

324 1534 450 1574 «ists-k„
505 1551 508 1559 .
585 1505 610 1579 J
657 1519 810 1563 sancffis
834 1518 940 1563 locis
969 1521 1014 1564 &
1045 1519 1099 1565 de
1124 1523 1321 1581 Babylon.
1344 1532 1362 1549 ¹²

410 1584 438 1634 {⁴³
497 1546 647 1704 ἢ
723 1590 967 1652 Descriptio
1000 1590 1218 1651 locorum,
1256 1609 1341 1654 que
1365 1591 1473 1639 vidit
1502 1594 1679 1640 Bernar-

389 1666 399 1680 '
494 1661 736 1715 >Rsssffgdus
760 1662 928 1723 sapiens
962 1661 1140 1723 quando
1171 1663 1248 1710 ivit
1277 1666 1489 1725 Ierusalem
1525 1665 1593 1712 vel
1619 1684 1684 1712 re-

301 1734 391 1793 diit,
417 1737 462 1781 ὃς
486 1734 540 1780 de
564 1734 655 1797 ipsa
677 1734 891 1794 Ierusalem
917 1734 961 1778 ὃς
987 1732 1040 1779 de
1064 1733 1171 1779 locis
1197 1735 1311 1779 circa
1335 1752 1446 1781 eam.
1472 1734 1488 1763 b

354 1810 379 1852 1.
396 1809 528 1853 Anno
544 1801 877 1868 nongentesimo
895 1803 1207 1868 septuagesimo
1226 1805 1534 1851 incarnationis
1551 1817 1564 1834 ὃ
1589 1808 1682 1852 Do-

298 1879 405 1924 mini
431 1878 562 1922 nostri
589 1877 672 1921 [esu
695 1875 867 1932 Christi,
903 1875 984 1920 hec
1009 1874 1136 1920 nobis
1171 1892 1398 1939 comperta
1418 1877 1525 1923 sunt.
1550 1877 1570 1906 d
1589 1881 1634 1923 [n
1669 1889 1683 1907 ²

297 1950 480 1995 nomine
513 1948 712 2004 Domini,
749 1946 944 1993 volentes
976 1945 1123 1992 videre
1157 1947 1258 1992 loca
1292 1948 1557 2004 sauciorum,
1595 1966 1680 2010 que

297 2020 393 2065 sunt
424 2021 687 2081 Ierqfolimis,
724 2017 864 2063 cums
881 2015 1051 2062 duobus
1088 2030 1285 2063 memetg
1318 2036 1404 2082 ego
1444 2019 1681 2066 Bernardus

294 2091 455 2136 sociavi
487 2087 685 2135 fratribus
720 2089 765 2134 in
802 2087 1041 2134 devotione
1071 2089 1273 2147 caritatis,
1312 2106 1363 2135 ex
1397 2087 1550 2151 quibus
1588 2107 1678 2136 erat

294 2178 402 2206 unus
425 2178 476 2206 ex
498 2160 758 2205 monasterio
779 2159 895 2204 Beati
915 2159 1135 2218 Vincentij
1161 2161 1468 2218 Beneventani,
1495 2163 1678 2208 nomine

291 2230 677 2289 Theudemundus,
704 2231 809 2276 alter
827 2231 1060 2293 Hispanus,
1087 2232 1267 2277 nomine
1286 2231 1542 2294 Stephanus.
1561 2233 1577 2261 '¹
1598 2234 1677 2296 [gi-

290 2321 357 2350 tur
391 2303 598 2349 adeuntes
632 2303 676 2348 in
719 2305 822 2348 Urbe
859 2301 1076 2364 pontificis
1113 2303 1123 2330 ¹'
1156 2302 1359 2348 Nicholai
1395 2303 1672 2366 presentiam,
1697 2316 1809 2346 Roma.

289 2373 554 2421 obtinuimus
585 2392 687 2420 cum
710 2375 782 2419 sua
801 2372 1107 2419 benediciione
1127 2390 1303 2419 necnon
1326 2375 1371 2420 ὅς
1390 2374 1549 2420 auxilio
1579 2392 1676 2438 per-

288 2446 424 2511 gendi
450 2445 733 2492 desideratam
757 2445 992 2491 licentiam.

334 2593 362 2614 a.
384 2583 458 2615 Haec
483 2588 606 2614 tantum
627 2581 659 2614 in
681 2581 711 2614 F.
738 2601 779 2605 —
807 2583 837 2613 b.
853 2581 935 2614 Des·
1069 2580 1089 2612 f.
1119 2590 1195 2611 cum
1221 2581 1255 2612 d.
1280 2580 1314 2613 in
1345 2581 1376 2614 F.
1398 2601 1441 2606 —
1470 2593 1503 2626 g.
1529 2582 1562 2614 F.
1589 2583 1668 2615 add.

287 2633 404 2678 criptio
505 2646 579 2667 eam
601 2635 723 2667 habent
747 2641 870 2668 tantum
891 2635 936 2675 L.,
1020 2633 1136 2677 ipsum.
1154 2653 1195 2657 —
1210 2633 1239 2665 hi
1254 2634 1382 2667 nomina
1393 2635 1553 2677 sociorum
1567 2635 1632 2678 des
1642 2635 1676 2667 in

287 2688 323 2719 V.
343 2707 388 2711 —
408 2699 434 2721 c.
456 2689 486 2720 F.
511 2689 554 2720 ab
573 2687 810 2721 incarnatione.
840 2709 879 2713 —
904 2689 935 2721 d.
1022 2686 1150 2730 Mstui
1159 2686 1271 2719 addit:
1290 2688 1429 2721 Francia
1445 2700 1524 2722 vero
1533 2689 1575 2722 est
1589 2688 1674 2721 nati-

283 2740 344 2774 hec
428 2742 499 2774 sunt
523 2743 554 2774 d.
577 2741 610 2774 in
639 2743 669 2775 F.
704 2762 747 2768 -
780 2754 806 2776 e.
832 2743 937 2777 omnia
1022 2739 1132 2772 vitatis
1157 2751 1230 2773 mee
1248 2739 1350 2774 locus.
1370 2762 1415 2766 —
1436 2742 1455 2775 i.
1473 2743 1503 2775 F.
1523 2753 1620 2787 pape.

282 2804 312 2839 q.
329 2795 520 2838 praecedunt
539 2794 604 2837 defi
619 2794 652 2828 in
671 2797 718 2830 M.
