2216 3435
508 282 572 314 DE
596 281 828 314 IOHANNE
854 281 986 314 REGE
1016 281 1315 314 IERUSALEM.
1515 282 1592 314 121

229 427 501 490 angelorum,
538 428 583 472 ὅ(
607 427 728 472 miles
752 427 821 472 ille
846 427 953 473 visus
979 426 1037 472 est
1062 424 1183 471 fuiffe
1207 427 1356 472 Beatus
1381 427 1603 472 Bartholo-
1626 443 1700 472 1218

231 515 365 556 meus,
391 499 465 559 qui
483 499 684 560 apparuit
702 498 857 543 rubens
884 514 1091 559 tanquam
1109 498 1361 556 excoriatus,
1387 500 1431 543 ὃς
1452 499 1602 544 festum

230 570 315 614 eius
341 570 508 631 semper
542 570 618 614 erit
642 571 685 614 in
711 568 912 614 cordibus
939 567 1219 632 signatorum,
1255 570 1300 614 ἃ
1328 585 1429 614 tunc
1456 587 1604 632 aperta

229 640 287 685 est
314 639 441 685 nobis
465 641 549 699 via,
575 641 677 702 quia
701 640 881 686 cathene
914 640 1046 685 ferree
1072 639 1202 685 fradle
1230 640 1338 696 sunt,
1374 643 1418 685 ὃς
1441 643 1607 704 pagani

231 727 382 756 contra
414 728 494 756 nos
520 711 803 757 submiserunt
833 729 962 756 naves
988 727 1191 756 oneratos
1215 709 1446 773 lapidibus,
1485 711 1604 774 quod

230 783 399 844 penitus
425 782 654 829 ascendere
683 800 773 828 non
798 781 1013 840 valebant,
1039 784 1083 827 ὅ(
1108 780 1160 827 fic
1180 781 1341 828 sublata
1367 800 1457 828 erat
1480 782 1606 829 nobis

230 854 322 915 spes
346 855 501 899 intrare
526 855 568 899 in
594 854 826 917 Egyptum,
864 854 934 899 sed
960 853 1075 916 quafi
1101 855 1260 915 captivi
1286 853 1539 900 tenebamur
1562 858 1604 902 in

230 923 391 970 sabulo.
420 928 464 971 In
486 942 573 971 uno
600 924 670 971 die
689 925 901 987 templarij
922 924 1128 972 volebant
1151 943 1228 987 per
1246 924 1407 971 flumen
1436 926 1607 972 transire

231 1013 329 1041 cum
364 1013 510 1060 cogga
544 1014 711 1055 eorum,
750 998 795 1041 ὃς
826 1012 978 1041 ventus
1018 998 1256 1041 contrarius
1291 998 1474 1059 proiecit
1509 1016 1607 1043 eam

230 1083 329 1112 ante
356 1085 501 1112 muros
539 1068 736 1125 civitatis,
770 1070 815 1113 &
839 1069 1057 1114 Sarraceni
1101 1068 1480 1114 circumdederunt
1510 1088 1606 1115 eam

232 1155 333 1184 cum
357 1137 563 1198 barbotis,
597 1141 642 1184 ὃς
666 1138 895 1185 Christiani
921 1157 1130 1202 magnam
1156 1138 1311 1185 cedem
1336 1140 1528 1186 fecerunt
1553 1140 1607 1187 de

232 1212 428 1274 paganis,
455 1210 526 1256 sed
552 1228 650 1256 cum
669 1209 884 1268 vidissent,
912 1210 1033 1272 quod
1054 1211 1173 1255 nullo
1200 1211 1339 1256 modo
1364 1229 1388 1256 a
1409 1212 1607 1259 manibus

231 1299 509 1345 paganorum
554 1281 737 1327 evadere
778 1280 1028 1344 potuiffent,
1068 1285 1246 1345 patstum
1284 1282 1525 1345 quesierunt
1564 1287 1609 1330 δε

230 1352 514 1399 ascenderunt
538 1354 662 1416 super
682 1370 876 1416 coggam
900 1353 1089 1411 inferius,
1115 1355 1160 1398 ὃς
1186 1352 1403 1400 submersa
1426 1356 1485 1401 est
1508 1373 1609 1401 cum

232 1423 435 1470 omnibus
460 1426 505 1469 ὃς
529 1440 715 1486 quatuor
750 1422 932 1470 barbote
963 1441 1064 1469 cum
1099 1442 1162 1483 ea,
1198 1426 1242 1470 ὃς
1267 1424 1320 1470 sic
1345 1425 1610 1488 nequiebant

230 1493 391 1541 flumen
419 1494 602 1541 tranfire.

294 1568 364 1613 VI.
393 1567 462 1612 Ad
494 1567 574 1613 hec
610 1568 818 1630 applicuit
848 1566 1053 1613 dominus
1080 1569 1247 1632 legatus
1275 1587 1374 1615 cum
1412 1572 1609 1634 principe

89 1650 108 1678 f.
127 1659 165 1688 29
183 1649 209 1678 b.
231 1639 547 1697 Romanorum,
578 1638 743 1697 videns,
785 1638 905 1701 quod
938 1657 1028 1685 non
1063 1639 1329 1687 habebamus
1360 1658 1515 1688 terram
1540 1642 1610 1688 fir-

231 1727 365 1768 mam,
391 1709 474 1773 [&]
501 1708 708 1755 tenebant
737 1727 817 1755 nos
841 1728 922 1773 pro
949 1712 1143 1774 captivis.

295 1782 383 1827 VH.
420 1779 714 1826 Confiderans
760 1798 862 1827 vero
908 1799 979 1827 rex
1026 1781 1192 1845 Egypti,
1240 1783 1362 1845 quod
1410 1803 1491 1832 nec
1535 1803 1612 1848 per

232 1870 407 1915 aquam,
448 1869 528 1898 nec
558 1851 782 1897 manendo
813 1854 868 1897 in.
889 1851 1036 1898 sabulo
1068 1855 1124 1899 eis
1156 1871 1314 1900 nocere
1345 1872 1610 1918 poteramus,

233 1924 444 1986 cogitavit
475 1939 555 1967 nos
583 1922 761 1984 perdere
785 1924 830 1968 ὃς
860 1925 1043 1970 armavit
1066 1941 1147 1970 xxx
1173 1925 1318 1988 galeas
1344 1928 1388 1971 &
1424 1928 1466 1972 in
1500 1945 1609 1989 quo-

232 1993 336 2039 dam
372 1992 440 2039 die
486 1994 644 2049 Martis,
686 1995 730 2039 in
768 1995 873 2040 festo
903 1995 1018 2040 Beati
1043 1994 1252 2056 Dionysij,
1285 1996 1395 2043 mifit
1421 2000 1611 2045 cursores
1632 2011 1741 2041 ottob.
1760 2022 1787 2050 9.

232 2065 365 2126 usque
389 2065 444 2110 ad
471 2065 657 2111 tentoria
681 2066 840 2111 nostra.

295 2136 400 2182 an.
434 2135 641 2198 Cumque
668 2136 836 2182 clamor
860 2136 1114 2183 ascendisset
1140 2138 1183 2183 in
1210 2139 1356 2198 castra,
1382 2140 1611 2187 Christiani

232 2205 372 2252 subito
400 2207 439 2251 se
458 2223 734 2253 armaverunt
752 2209 797 2253 ὅ(
817 2223 1026 2271 tanquam
1047 2209 1190 2272 angeli
1216 2212 1466 2257 catervatim
1491 2211 1612 2258 ibant

232 2294 308 2339 per
332 2275 544 2336 sabulum,
569 2294 650 2323 nec
669 2294 858 2324 mortem
874 2296 954 2342 pro
974 2279 1131 2325 Christi
1151 2282 1345 2340 nomine,
1366 2299 1446 2328 nec
1473 2284 1610 2330 iacula

233 2347 531 2407 formidantes,
557 2349 602 2394 δε
623 2347 829 2395 dominus
851 2350 1033 2414 legatus,
1057 2366 1237 2413 portans
1259 2369 1433 2398 crucem
1453 2355 1494 2399 in
1523 2373 1610 2401 ma-

232 2417 356 2464 nibus
383 2419 478 2477 suis,
504 2435 621 2464 nunc
641 2420 811 2478 milites,
837 2437 951 2466 nunc
971 2420 1136 2483 pedites
1156 2422 1369 2470 exhortari
1391 2441 1480 2470 non
1505 2424 1609 2470 defi-

231 2488 363 2535 nebat
399 2489 454 2535 ad
496 2488 752 2552 obsequium
792 2491 1012 2549 Crucifixi,
1048 2494 1092 2537 &
1134 2492 1270 2539 subito
1297 2496 1527 2542 innovatus
1554 2497 1611 2541 est

232 2561 372 2607 versus
394 2559 645 2618 Davidicus,
673 2562 795 2623 quod
816 2582 913 2609 unus
933 2566 1064 2608 decem
1084 2566 1199 2609 milia
1213 2568 1395 2626 fugabat
1413 2570 1431 2627 (
1444 2585 1456 2613 1
1482 2568 1611 2625 Sam„

233 2644 374 2689 XVIII,
399 2632 464 2692 7),
490 2633 535 2677 δε
564 2649 655 2677 non
679 2633 819 2679 solum
844 2634 998 2680 milites
1035 2636 1195 2680 mortui
1224 2636 1332 2694 sunt,
1359 2637 1431 2683 sed
1457 2655 1610 2684 omnes

233 2703 305 2761 illi,
334 2703 407 2764 qui
432 2720 639 2749 venerant
676 2706 718 2749 in
746 2706 880 2768 galeis
904 2707 948 2751 ὅ(
982 2704 1171 2751 berbotis
1208 2708 1248 2751 in
1289 2725 1416 2769 aqua,
1452 2710 1609 2754 mortui

235 2774 344 2832 sunt,
388 2774 596 2838 sanguine
630 2792 818 2836 quorum
847 2793 959 2837 aqua
984 2775 1171 2822 fluminis
1200 2776 1312 2822 adeo
1344 2779 1502 2824 infeeia
1539 2780 1609 2838 est,

1439 2860 1476 2890 16
