2216 3435
537 198 597 244 82
1163 204 1330 238 GESTA

418 365 493 394 ¹2¹⁸
537 361 699 405 rodiam
725 356 857 402 fidem
884 357 1066 402 Domini
1091 354 1220 401 nostri
1243 354 1357 399 {besu
1373 352 1529 398 Christi
1556 350 1746 398 crucifixi
1762 354 1806 397 ὅ(
1827 361 1837 380 ¹
1858 353 1919 398 in-

536 430 711 477 dividue
736 429 957 474 Trinitatis
989 446 1063 473 eos
1099 442 1353 473 convertere
1378 423 1599 487 poffimus.

600 504 688 548 ΧΗ.
720 502 839 548 Cum
867 518 1012 546 autem
1044 500 1288 562 cogitarent
1312 498 1558 556 Christiani,
1585 498 1767 560 qualiter
1791 514 1921 543 naves

295 587 446 614 Novvwb-
469 595 513 623 30-
535 594 691 622 eorum
716 592 942 638 apponere
968 570 1155 635 possent,
1191 573 1235 616 in
1265 571 1371 616 festo
1403 572 1546 617 Sane‘ii
1583 570 1759 616 Andree
1776 579 1794 598 2
1812 569 1921 614 ceci-

536 648 598 693 dit
638 664 726 693 tam
760 663 923 709 magna
960 644 1188 706 tempestas
1222 642 1277 688 ab
1309 647 1406 688 a‘e're
1426 652 1438 680 3
1457 645 1502 688 ὃς
1528 643 1672 705 pluvia
1700 644 1759 688 ita
1783 643 1924 704 super-

535 718 821 775 habundavit,
861 717 1018 779 quod4
1045 713 1223 761 Paradifi
1262 713 1446 761 fluviuss
1473 732 1563 760 non
1603 713 1925 760 discernebatur

535 809 559 836 a
591 792 712 847 mari,
740 793 784 836 ὃς
814 807 928 851 aqua
960 806 1051 834 tota
1091 788 1201 833 faeta
1231 787 1288 831 est
1321 786 1595 832 arnariffima.
1636 786 1689 831 Ex
1715 786 1785 832 illa
1817 803 1923 832 tem-

534 864 695 925 pestate
737 864 782 907 ὃς
830 859 1058 923 pulsione⁶
1088 876 1322 906 ventorum
1357 861 1509 904 omnia
1555 860 1789 922 temptoria
1829 859 1925 903 sunt

537 933 657 980 sciffa
691 934 846 980 virtute
883 949 1134 986 ventorum,
1178 933 1223 976 ὃς
1256 932 1407 976 omnia
1436 931 1534 976 loca
1572 932 1780 976 exercitus
1813 930 1925 975 faela

537 1007 631 1051 sunt
662 1006 840 1067 aquosa,
879 1006 935 1050 ita
966 1003 1087 1066 quod
1126 1003 1327 1048 homines
1360 1001 1419 1048 ibi
1448 1020 1595 1048 natare
1621 1019 1839 1066 poterant,
1880 1003 1925 1047 ὃ(

536 1079 658 1141 panis
701 1079 745 1122 ὃς
790 1094 939 1122 carnes
980 1078 1023 1121 δε
1062 1075 1197 1121 farina
1243 1077 1288 1120 ὃς
1338 1075 1605 1120 frumentum
1650 1076 1696 1120 ὃς
1739 1073 1925 1120 ordeum

535 1152 579 1194 &
619 1151 769 1194 omnia
814 1148 1016 1195 viehlalia
1051 1148 1094 1193 in
1142 1147 1233 1209 ipsa
1276 1144 1486 1192 natabant
1536 1164 1665 1208 aqua,
1707 1148 1753 1192 ὃς
1800 1145 1925 1191 multi

536 1221 710 1277 infirmi,
762 1222 834 1282 qui
872 1221 914 1264 in
940 1217 1036 1281 ipsis
1062 1219 1204 1264 castris
1228 1216 1444 1277 iacebant,
1487 1236 1537 1264 ex
1562 1236 1776 1280 aquarum
1798 1218 1926 1263 inun-
1944 1221 1986 1249 Μ»
2006 1220 2023 1249 f-
2044 1221 2082 1250 ⁶2
2106 1219 2143 1248 D.

536 1293 715 1338 datione
747 1292 907 1337 mortui
948 1291 1056 1336 sunt.
1094 1290 1147 1336 Ea
1179 1307 1283 1336 vero
1311 1289 1381 1336 die
1418 1289 1610 1352 quedam
1649 1288 1925 1335 munitiffime

537 1382 666 1411 naves
695 1364 889 1409 maximo
909 1372 924 1398 7
947 1361 1097 1408 labore
1120 1364 1165 1408 ὅ(
1188 1361 1423 1408 indefinitis
1443 1360 1635 1425 expensis
1666 1362 1925 1420 constru6'te‚

536 1438 580 1482 in
608 1434 762 1498 quibus
791 1435 900 1480 scale
934 1433 1118 1480 mirabili
1147 1433 1286 1479 modo
1317 1434 1516 1480 ordinate
1545 1450 1626 1497 pro
1658 1434 1832 1480 civitate
1857 1450 1925 1479 ca-

538 1507 699 1571 pienda
718 1523 839 1553 erant
861 1505 1073 1569 appofioe,
1101 1508 1145 1552 ὃς
1163 1506 1179 1535 3
1196 1507 1333 1553 ventis
1352 1505 1534 1568 impulse
1553 1507 1598 1551 ὃς
1617 1523 1641 1551 a
1666 1507 1924 1551 Sarraceno-

536 1598 631 1626 rum
652 1595 772 1642 parte
794 1579 889 1624 sunt
908 1579 1116 1641 proie&e‚
1137 1596 1259 1640 quas,
1281 1576 1406 1623 nobis
1427 1576 1687 1636 videntibus,
1705 1578 1926 1624 Sarraceni

536 1653 637 1715 igne
663 1665 979 1696 cremaverunt.
1028 1648 1158 1696 Unde
1188 1649 1418 1697 Christiani
1447 1648 1673 1711 plamfium
1711 1666 1926 1713 magnum

538 1725 747 1781 fecerunt,
795 1721 1024 1767 mestitiam
1066 1719 1276 1767 habentes
1311 1722 1356 1766 ὅ(
1392 1719 1595 1766 dolorem
1626 1720 1785 1779 cordis,
1807 1730 1824 1760 9
1863 1719 1924 1766 di-

536 1811 703 1840 centes:
742 1797 856 1838 ‘Deus
885 1797 935 1853 ψ
964 1795 1080 1837 nobis
1112 1796 1362 1838 contrarius!
1388 1801 1423 1820 ¹0
1451 1793 1510 1850 ὃς,
1537 1800 1568 1821 ¹¹
1600 1790 1706 1854 quid
1724 1801 1760 1821 ¹2
1785 1791 1926 1837 facere

537 1864 761 1923 deberent,
782 1865 953 1928 penitus
967 1862 1245 1928 ignorabant,
1267 1864 1586 1926 quia¹³anteire
1600 1881 1692 1909 non
1707 1878 1926 1927 poterant,

538 1954 651 1984 retro
678 1954 783 1984 vero
810 1935 946 1982 redire
972 1954 1063 1982 non
1089 1935 1371 1996 valebant‚&
1392 1933 1495 1980 fic¹4
1509 1933 1625 1998 quasi
1651 1935 1863 1998 desperati
1881 1935 1926 1979 in

541 2008 688 2055 sabulo
721 2007 1102 2071 perinanebant.¹5
1130 2008 1174 2055 Et
1197 2026 1299 2054 cum
1330 2006 1550 2071 predfflus
1576 2006 1782 2053 dominus
1806 2006 1926 2069 lega-

540 2098 605 2126 tus
631 2079 735 2126 effer
754 2081 796 2125 in
826 2097 990 2143 magna
1017 2079 1293 2127 tribulatione
1317 2097 1420 2125 cum
1440 2078 1641 2142 predie‘iis
1659 2078 1925 2135 Christianis,

540 2154 583 2198 in
609 2151 815 2198 foffatuin
852 2152 892 2197 se
922 2152 966 2198 in
999 2169 1125 2198 cruce
1152 2150 1347 2198 extendit
1370 2153 1430 2209 ὃς,
1465 2150 1746 2214 discooperto
1769 2149 1926 2212 capite,

539 2225 627 2270 alta
652 2241 763 2270 voce
794 2223 1018 2270 clamavit:
1056 2228 1235 2269 Domine
1266 2227 1353 2286 Iesu
1380 2225 1547 2283 Christe,
1582 2227 1650 2283 qui
1686 2226 1880 2268 excitatus
1903 2240 1926 2266 α

543 2300 680 2353 Petro,
722 2299 834 2340 cuius
881 2296 1069 2340 navicula
1117 2297 1382 2357 demergebat,
1434 2296 1670 2355 respondit:
1725 2293 1927 2338 MODICE

596 2480 604 2498 ι
628 2468 661 2499 P.
675 2466 747 2511 legs
770 2466 1008 2511 individueque
1039 2487 1082 2491 —
1098 2480 1116 2499 2
1134 2466 1287 2510 P.suppl.
1302 2467 1342 2498 δι.
1357 2486 1402 2489 -
1418 2477 1433 2507 3
1455 2466 1488 2498 P.
1507 2476 1571 2498 ere.
1594 2484 1635 2488 —
1658 2477 1680 2504 4
1703 2465 1752 2498 M.
1767 2463 1848 2508 leg:
1869 2476 1927 2508 per

542 2533 571 2564 p.
597 2520 746 2553 fluvium.
772 2540 813 2545 —
841 2534 855 2564 5
883 2522 918 2553 P.
952 2520 1103 2553 fluvium.
1121 2540 1167 2544 —
1185 2523 1203 2552 6
1237 2520 1269 2552 P.
1295 2518 1494 2564 expulsione.
1517 2538 1559 2542 ——
1580 2530 1597 2558 7
1627 2518 1676 2551 M.
1709 2517 1862 2551 maxime.
1882 2537 1926 2542 —

544 2578 560 2607 8
579 2577 628 2607 M.
657 2587 685 2607 a.
712 2594 754 2600 —
782 2588 798 2616 9
823 2577 854 2608 P.
877 2577 908 2608 Sc
935 2575 1086 2608 dolorem
1111 2575 1219 2608 cordis
1246 2574 1416 2608 habentes.
1437 2594 1481 2597 —
1501 2585 1541 2606 10
1564 2575 1594 2606 P.
1620 2571 1805 2605 contrarius
1829 2572 1925 2605 nobis

542 2628 598 2661 est.
617 2648 662 2652 —-
686 2640 696 2659 1
709 2641 720 2660 1
742 2629 894 2673 P.suppl.
914 2649 959 2653 —-
982 2641 1021 2662 12
1038 2630 1071 2662 P.
1086 2628 1190 2673 quod.
1211 2648 1257 2652 —-
1272 2640 1283 2660 1
1295 2640 1309 2669 3
1326 2628 1359 2661 P.
1374 2629 1455 2660 add.
1474 2626 1615 2672 penitus.
1632 2645 1679 2650 -—
1702 2637 1742 2666 14
1756 2626 1922 2670 M.suppl.

542 2701 588 2705 —-
612 2694 648 2723 ¹5
687 2679 782 2715 ‘Totus
807 2681 859 2714 hic
880 2681 989 2725 paſjus
1007 2682 1050 2714 ab
1072 2683 1117 2715 Et
1138 2693 1212 2715 cum
1233 2680 1398 2726 prediftus
1417 2679 1515 2724 usque
1531 2681 1580 2713 ad
1599 2678 1745 2712 mensem
1768 2677 1924 2722 februar-ij

542 2734 626 2780 deest
646 2734 678 2766 in
698 2735 731 2767 P.
