2216 3435
523 266 588 298 DE
615 266 848 299 IOHANNE
873 268 1006 300 REGE
1032 267 1335 300 IERUSALEM.
1521 268 1570 319 13
1586 274 1601 302 Ι

242 414 349 458 riam
372 409 626 466 habuerunt,
650 413 695 456 ὃς
716 413 999 471 ammiralius,
1025 412 1099 474 qui
1127 412 1241 457 mala
1267 411 1396 459 verba
1424 412 1609 473 dicebat,
1632 435 1708 465 1219

242 481 300 528 ibi
334 498 527 528 mortuus
563 482 642 527 fuit
673 484 717 527 &
753 482 1003 544 quindecim
1033 482 1116 540 alij,
1157 484 1202 527 &
1235 483 1361 528 multi
1383 485 1612 530 Christiani

242 554 450 601 vulnerati
473 555 517 598 ὅς
541 553 665 598 multi
690 555 804 614 equi,
839 556 884 598 ὃς
908 553 967 598 illi
1001 570 1102 598 cum
1134 569 1320 599 tremore
1344 553 1612 613 recesserunt,

242 626 286 669 &
309 625 439 668 nostri
467 641 568 669 cum
591 626 771 671 victoria
800 625 1105 683 remanserunt,
1145 623 1370 670 laudantes
1395 625 1615 670 Christum

241 696 285 740 ὃ(
308 696 486 741 Beatum
511 699 798 743 Germanum.

305 766 516 814 XXXVII.
563 771 606 813 ln
653 767 722 813 die
756 766 1148 831 tranffiguracionis
1182 767 1366 811 Domini
1407 783 1615 829 ceperunt
1634 789 1755 828 Aug.5,

240 837 468 883 Christiani
493 840 709 884 civitatem
734 856 984 901 expugnare
1017 840 1061 883 ὃς
1098 835 1303 882 fossatum
1338 837 1533 900 implere,
1569 841 1615 883 δε

241 925 329 953 erat
367 907 426 954 ibi
465 909 570 954 alius
612 919 746 968 catus,
786 909 960 955 indutus
999 909 1128 966 ferro,
1167 909 1211 953 in
1258 925 1346 969 quo
1389 924 1480 954 tota
1522 909 1614 971 spes

240 979 585 1025 Christianorum
621 979 822 1042 capiendi
862 981 1081 1027 civitatem
1102 996 1204 1036 erat,
1240 981 1286 1024 ὃς
1317 980 1476 1042 Pagani
1503 980 1613 1025 fece-

239 1067 338 1095 runt
383 1049 576 1114 fignum,
617 1054 662 1096 ὅ(
703 1053 819 1098 venit
859 1049 1062 1097 soldanus
1102 1067 1218 1096 extra
1265 1048 1470 1095 fossatum
1518 1051 1615 1095 nos-

241 1137 368 1178 trum,
405 1124 449 1167 ὃς
497 1139 650 1167 omnes
691 1122 921 1168 Christiani
967 1137 1244 1166 cucurrerunt
1282 1121 1326 1165 in
1366 1119 1530 1180 sabulo,
1571 1123 1616 1166 &

239 1192 397 1254 Pagani
424 1193 617 1237 exierunt:
644 1194 688 1237 ὃς
713 1207 1013 1238 cremaverunt
1036 1207 1195 1250 catum,
1212 1193 1257 1236 &
1280 1192 1440 1237 mortui
1463 1194 1508 1237 &
1525 1192 1615 1239 vul-

239 1263 375 1307 nerati
416 1279 520 1308 tunc
558 1263 729 1308 fuerunt
770 1263 894 1307 multi
936 1263 1179 1320 Christiani,
1220 1263 1265 1307 ὃς
1301 1263 1452 1321 sciatis,
1493 1262 1616 1325 quod

240 1333 434 1395 quinque
458 1350 577 1379 catos
611 1332 739 1379 nobis
764 1350 1077 1391 cremaverunt,
1114 1335 1158 1378 ὃς
1183 1332 1414 1395 plusquam
1439 1350 1615 1379 centum

240 1404 470 1450 Christiani
504 1422 585 1467 pro
611 1406 668 1449 eis
698 1406 859 1450 mortui
885 1404 1067 1463 fuerunt,
1107 1406 1151 1449 ὅς
1176 1405 1333 1466 Pagani
1367 1405 1491 1450 multi
1520 1405 1612 1451 fue-

240 1491 338 1520 runt
361 1475 544 1533 exaltati,
570 1476 800 1521 Christiani
823 1493 927 1521 vero
953 1474 1213 1521 conturbati.

303 1546 532 1592 XXXVIII.
541 1546 790 1593 Undecimo
801 1545 869 1592 die
881 1547 1060 1609 Augusti
1073 1563 1221 1591 comes
1232 1545 1285 1591 de
1294 1545 1485 1592 Mai-chia
1494 1565 1612 1592 mor-
1632 1570 1710 1606 Aug‚
1731 1578 1742 1598 1
1753 1578 1777 1597 1.

239 1635 334 1664 tuus
347 1618 441 1677 fuit,
454 1620 498 1664 ὃς
511 1635 659 1663 comes
673 1618 727 1664 de
739 1619 929 1673 Niversa,
942 1634 1039 1663 orto
1055 1618 1187 1676 malo,
1202 1617 1256 1663 de
1270 1619 1454 1664 exercitu
1471 1621 1614 1666 exivit.

240 1694 283 1735 In
317 1689 388 1735 die
421 1688 733 1752 affumpcionis
764 1691 890 1736 Beate
919 1690 1053 1734 Marie
1093 1689 1208 1752 capti
1243 1689 1416 1734 fuerunt
1452 1690 1616 1752 septem
1636 1708 1779 1744 Aug.15.

238 1762 458 1807 Sarraceni
495 1762 538 1806 in
563 1760 756 1820 flumine,
792 1762 865 1823 qui
893 1759 1146 1806 deferebant
1181 1776 1316 1805 cartas
1343 1760 1539 1819 civitatis,
1573 1763 1617 1807 ὃς

239 1851 369 1879 mane
395 1831 450 1878 ad
477 1831 666 1878 dedecus
689 1833 962 1895 paganorum
986 1849 1122 1887 aures,
1150 1848 1272 1876 nares
1291 1833 1336 1876 ὅ(
1360 1829 1534 1877 brachia
1559 1833 1616 1877 eis

239 1903 418 1950 absciffa
454 1904 638 1961 fuerunt,
679 1905 723 1948 ὃς
757 1904 869 1948 foras
903 1902 1086 1965 proiecfi
1127 1902 1298 1947 fuerunt
1335 1918 1540 1963 quattuor
1572 1906 1617 1949 ὃς

238 1976 308 2035 alij
333 1976 377 2020 in
407 1976 640 2033 civitatem,
678 1977 723 2020 ὃς
745 1975 966 2021 Sarraceni
999 1991 1136 2019 unum
1175 1973 1229 2019 de
1266 1974 1415 2019 nostris
1448 1990 1616 2020 trunca-

239 2063 404 2094 verunt.
449 2049 493 2091 In
535 2048 694 2092 offlavo
738 2045 912 2092 decimo
952 2044 1022 2090 die
1064 2046 1259 2109 Augusti,
1301 2062 1496 2091 mortuus
1538 2047 1617 2092 fuit
1636 2058 1781 2096 Aug-18.

240 2135 387 2163 comes
413 2116 467 2163 de
492 2118 584 2163 Bar.

303 2188 495 2235 XXXIX.
534 2192 577 2233 In
619 2187 687 2233 die
722 2188 865 2233 saneti
904 2188 1200 2233 Bartholomei
1235 2189 1391 2233 iterum
1421 2206 1615 2236 armave-
1636 2206 1715 2242 Aug.
1733 2213 1782 2242 24.

240 2277 338 2308 runt
361 2261 591 2306 Christiani
615 2277 763 2323 cogas,
801 2258 872 2304 ubi
912 2260 1083 2304 fuerunt
1118 2259 1240 2316 scale,
1278 2261 1322 2305 ὃς
1364 2277 1441 2321 pre
1478 2260 1616 2305 nimio

240 2333 361 2378 cursu
386 2331 575 2377 fluminis
611 2350 701 2377 non
733 2348 967 2394 potuerunt
998 2332 1354 2394 appropinquate
1389 2332 1618 2377 civitati&

241 2404 360 2449 nullo
391 2403 529 2449 modo
554 2402 755 2451 valebant
779 2421 876 2448 eam
905 2421 1166 2466 expugnare.
1209 2404 1336 2448 Tunc
1374 2420 1450 2465 per
1476 2403 1617 2464 super-

238 2474 358 2520 biam
382 2474 591 2538 peditum,
619 2476 693 2537 qui
714 2473 930 2532 dicebant,
956 2492 1109 2520 omnes
1135 2475 1390 2536 capitaneos
1412 2473 1496 2519 esse
1519 2491 1617 2536 pro-

241 2545 416 2605 ditores,
453 2546 685 2591 statuerunt
719 2563 916 2609 pugnare
952 2563 1053 2590 cum
1084 2545 1323 2591 Sarracenis
1359 2546 1401 2590 in
1441 2561 1618 2607 campo,

241 2620 286 2664 ὃς
312 2635 418 2681 gens
445 2618 585 2662 nostra
608 2618 651 2662 in
677 2633 758 2662 tres
785 2634 925 2680 partes
946 2616 1077 2663 divisa
1104 2616 1180 2661 fuit
1204 2639 1215 2674 3
1243 2633 1327 2661 una
1354 2632 1451 2677 pars
1479 2618 1618 2661 custo-

243 2688 390 2735 diebat
419 2688 650 2746 civitatem,
685 2689 767 2734 alia
791 2689 867 2734 ivit
890 2706 966 2750 per
994 2705 1169 2750 aquam,
1206 2687 1288 2732 alia
1317 2704 1394 2749 per
1423 2685 1618 2733 sabulum

245 2758 412 2809 s1ccumv
