2216 3435
552 194 616 242 40
1171 195 1339 229 GESTA

456 353 533 380 1218
556 337 611 383 de
631 340 754 384 turris
774 338 966 385 eiusdem
987 340 1205 403 superficie
1223 342 1311 387 visa
1330 342 1425 387 sunt
1443 342 1671 390 excussisse.
1692 345 1814 408 Quid
1830 364 1936 410 ergo

555 410 635 455 viri
661 410 826 456 virtutis
853 415 1049 474 agerent!
1087 412 1199 457 Miro
1224 413 1405 476 ingenio
1431 415 1686 478 magnisque
1718 415 1938 463 laboribus

552 483 598 526 ὅ(
634 480 825 544 expenfis
865 483 974 528 scale
1013 484 1098 528 due
1132 483 1256 545 super
1291 501 1436 543 naveS,
1476 502 1582 547 quas
1617 488 1756 533 verius
1780 506 1937 552 pontes

551 553 869 616 nuncupandas
895 555 1066 613 censeo,
1102 555 1406 615 extenduntur,
1438 556 1510 602 sed
1543 559 1651 605 heu!
1689 560 1939 605 festinancia
1959 569 2165 608 v.,f.6r⁰‚c·

551 625 828 687 precipitavit
864 643 1000 688 opus3
1042 644 1161 685 nam,
1199 644 1299 672 cum
1335 627 1392 673 ad
1430 631 1578 675 turrim
1616 633 1704 676 iam
1729 632 1937 695 applicari

552 695 808 753 debuissent,
848 697 966 742 fracli
1000 698 1095 743 sunt
1125 699 1243 756 mali,
1279 700 1433 745 milites
1470 718 1650 763 quoque
1686 705 1731 748 ὃς
1769 702 1938 748 nobiles

550 768 736 827 sarianti,
775 787 800 813 a
832 768 1031 831 predicb
1067 787 1206 833 ponte
1239 770 1458 831 cadentes,
1498 790 1581 835 pro
1623 773 1750 820 nobis
1786 775 1938 820 melius

549 841 784 902 pugnaturi
807 840 947 885 celesti
968 841 1083 885 curie
1102 858 1179 904 per
1204 842 1458 902 martyrium
1482 843 1579 888 sunt
1604 843 1749 891 oblati.
1776 847 1829 891 Ex
1852 847 1938 891 hoc

548 910 666 956 faesio
687 912 921 969 Sarraceni,
942 912 985 957 in
1011 913 1110 958 Deo
1136 913 1212 957 suo
1238 913 1492 960 Mahumeth
1518 916 1715 975 animati,
1739 935 1938 981 pugnam

551 981 676 1027 nobis
702 982 996 1029 minabantur.

614 1056 639 1100 E
676 1073 829 1102 contra
858 1058 1092 1120 templarij‚
1131 1059 1175 1102 in
1212 1059 1340 1103 armis
1365 1060 1654 1122 imperterriti,
1697 1063 1938 1125 militesque

548 1128 812 1191 hospitalarij
850 1146 951 1174 cum
986 1131 1224 1193 peregrinis
1258 1131 1301 1175 in
1341 1133 1570 1177 occursum
1599 1135 1658 1179 eis
1682 1136 1863 1181 veniunt
1893 1137 1938 1180 ὃς

550 1200 794 1259 inveniunt,
834 1199 906 1246 secl
943 1200 998 1246 ad
1037 1203 1229 1264 primum
1255 1202 1534 1265 congressum
1565 1204 1639 1264 filij
1674 1206 1937 1269 perdicionis

551 1288 671 1335 terga
689 1289 862 1318 vertunt
881 1273 1068 1336 inglorij,
1094 1273 1312 1335 quosdam
1332 1290 1479 1320 tamen
1500 1275 1669 1322 nobiles
1694 1278 1826 1324 nostri
1844 1278 1938 1324 reli-

550 1360 737 1406 querunt
756 1345 935 1390 occisos.
964 1344 1136 1390 Deinde
1156 1344 1423 1409 blasphemia
1448 1346 1650 1408 ceffante,
1676 1367 1811 1411 quam
1836 1367 1937 1396 cum

550 1415 630 1460 suis
650 1415 996 1478 predicatoribus
1008 1417 1249 1479 patriarcha
1269 1420 1555 1480 compescuit,
1580 1420 1635 1465 ad
1655 1438 1793 1467 novas
1807 1422 1935 1467 struc-

551 1504 682 1545 turas,
695 1487 909 1550 prioribus
928 1488 1148 1547 forciores,
1159 1491 1373 1535 reversum
1388 1491 1456 1536 est.
1471 1490 1735 1537 Theutonici
1748 1492 1936 1556 ergo,ad
1954 1510 1959 1514 ·

551 1560 701 1604 omnia
719 1559 1041 1622 promptiffimi,
1065 1563 1110 1605 &
1128 1561 1314 1606 Frisones
1340 1561 1513 1607 hortatu
1543 1564 1734 1628 magistri
1754 1564 1935 1622 Oliverij

551 1629 828 1677 Coloniensis
853 1632 1059 1677 scolastici
1085 1649 1135 1678 ex
1170 1633 1286 1694 puris
1314 1632 1599 1693 eleemosynis
1624 1634 1734 1680 duos
1762 1652 1936 1698 emptos

550 1718 778 1765 coggones
808 1702 1013 1748 subtiliter
1038 1704 1372 1762 coniunxerunt,
1404 1705 1448 1749 in
1480 1704 1635 1766 quibus
1660 1707 1785 1769 super
1813 1723 1935 1769 quat·

550 1790 649 1819 tuor
673 1775 811 1820 malos
832 1792 1017 1837 pontem
1039 1777 1083 1820 &
1107 1776 1490 1838 propugnaculum
1511 1778 1623 1822 miro
1644 1778 1825 1823 artificio
1853 1778 1935 1824 dis-

549 1862 777 1907 ponentes,
791 1847 901 1908 ipsas
920 1848 1059 1892 eciam
1078 1864 1209 1893 naves
1229 1864 1381 1893 contra
1400 1849 1550 1911 ignem
1572 1850 1616 1894 ὃς
1635 1849 1936 1895 machinarum
1956 1862 2009 1900 V„
2025 1861 2073 1892 f.6
2087 1869 2130 1900 vo,
2142 1874 2165 1892 c.
2181 1872 2193 1893 1

548 1917 715 1980 lapides
730 1919 992 1978 munierunt,
1009 1919 1326 1982 completoque
1345 1921 1433 1965 iam
1451 1937 1600 1982 opere,
1625 1921 1741 1967 mille
1761 1922 1934 1968 sexcen-
1957 1937 2001 1975 3.,
2018 1947 2128 1978 p.229,
2150 1948 2175 1966 c.

550 2005 691 2034 tarum
720 2007 965 2036 marcarum
991 1991 1037 2036 in
1062 1991 1150 2036 eius
1176 1991 1484 2054 complecione
1514 1994 1700 2038 excrevit
1724 1992 1933 2040 debitum.

549 2060 619 2106 Ad
648 2078 833 2123 quarum
871 2062 1223 2124 persolucionem
1254 2072 1263 2091 ¹
1291 2061 1565 2109 famoslffime
1595 2064 1789 2110 Colonie
1832 2066 1935 2113 civis

549 2132 766 2180 Henricus
790 2132 845 2179 de
870 2133 1098 2179 l-lernothe
1124 2133 1377 2195 quindecim
1402 2152 1568 2180 marcas
1597 2137 1687 2180 auri
1711 2137 1757 2181 ὃς
1781 2135 1935 2182 decem

548 2206 716 2268 argenti
744 2205 942 2264 contulit,
973 2206 1047 2267 qui
1071 2221 1163 2250 non
1197 2205 1333 2269 longe
1368 2206 1477 2268 post,
1504 2206 1759 2269 centuplum
1789 2224 1936 2270 recep·

550 2291 681 2333 turus,
708 2276 843 2322 vitam
867 2278 912 2321 in
934 2277 1134 2322 Domino
1166 2276 1346 2322 feliciter
1369 2277 1704 2324 consummavit.
1736 2279 1937 2325 Similiter

547 2346 629 2393 flos
655 2347 918 2406 Theutonie,
950 2347 994 2393 id
1019 2348 1077 2393 est
1100 2365 1248 2393 comes
1276 2348 1462 2395 Adulfus
1485 2347 1539 2394 de
1564 2349 1713 2413 Berge,
1752 2351 1934 2396 Franco-

549 2437 646 2464 rum
670 2420 872 2464 omnium
903 2435 1037 2482 caput
1066 2421 1111 2465 ὅ(
1134 2419 1368 2479 frisonum,
1397 2420 1442 2464 in
1467 2421 1587 2466 cuius
1614 2419 1793 2467 confilio
1819 2437 1934 2467 totus

548 2491 670 2554 spem
701 2491 821 2536 suam
852 2489 1050 2554 ponebat
1080 2491 1301 2550 exercituS,
1332 2490 1447 2536 felici
1475 2490 1562 2536 fine
1593 2489 1779 2551 deceffit‚
1816 2493 1934 2538 cuius

549 2559 641 2607 offa
682 2562 800 2624 apud
839 2562 1050 2625 hospitale
1094 2561 1473 2608 Theutonicorum
1503 2561 1803 2610 venerabiliter
1839 2564 1936 2610 sunt

601 2680 613 2700 1
642 2668 740 2700 Locus
762 2668 951 2711 perve›sus
982 2668 1139 2710 ‘videtum
1172 2669 1208 2702 B.
1296 2675 1386 2709 tum‚·
1408 2670 1443 2700 V.
1463 2669 1586 2701 omittit.

549 2721 649 2755 habet
683 2720 716 2753 in
749 2721 900 2765 margine
939 2721 1084 2754 excrevit
1117 2720 1210 2754 debi-
