2216 3435
541 189 604 250 76
1143 203 1311 237 GEsTA

447 360 521 390 1218
542 348 644 405 bati,
669 347 786 394 flexis
811 348 994 412 genibus
1020 352 1065 396 ὃς
1091 349 1214 395 nudis
1236 348 1418 412 pedibus
1443 350 1499 396 ad
1526 369 1683 398 terram
1707 353 1921 416 prostrati,

541 438 592 467 ex
622 420 757 466 oculis
778 430 787 449 ¹
809 419 989 467 fluvium
1019 421 1343 481 lachrymarum
1367 421 1654 482 effundentes,
1679 441 1759 486 pre
1785 425 1924 470 nimio

538 493 655 538 luetu
681 494 739 538 ita
757 493 999 556 graviffime
1017 503 1034 522 2
1051 509 1171 538 erant
1194 494 1436 556 angustiati,
1453 494 1573 556 quod
1593 495 1770 557 loquela
1792 497 1927 541 etiam

540 562 745 610 carebant
768 566 812 610 ὅ(
838 566 906 610 vix
931 564 1074 610 dicere
1099 581 1314 626 poterant:
1352 568 1545 624 Domine,
1577 569 1795 628 miserere!
1832 569 1925 612 cAd-

540 641 632 681 iuva
651 640 746 681 nos!
773 636 891 682 Cum
913 653 1059 682 autem
1080 653 1156 699 pet
1181 654 1314 682 unam
1340 636 1495 682 horam
1515 637 1743 684 Christiani
1769 639 1811 683 in
1844 638 1925 684 hac

539 717 876 770 permanerent3
905 708 1077 765 tristitia,
1105 706 1244 752 subito
1262 708 1414 771 ignem
1439 709 1693 755 exstinRum
1714 711 1759 755 ὃς
1783 711 1927 756 sane'le

540 780 675 824 crucis
700 779 904 825 vexillum
938 780 981 823 in
1007 779 1096 841 ipsa
1121 795 1233 824 turre
1265 779 1475 826 viderunt.
1516 781 1623 844 Qo
1649 782 1755 841 viso,
1781 781 1926 827 Chris-

541 852 645 897 tiani
669 851 892 913 loquelam
919 853 964 896 ὃς
988 868 1132 908 voces,
1171 869 1276 914 quas
1293 862 1313 890 4
1335 870 1385 898 ex
1416 853 1534 898 luelu
1559 854 1803 913 amiserant,
1830 870 1927 899 om-

541 941 614 969 nes
634 932 647 962 5
676 925 842 987 integre
876 940 1240 986 recuperaverunt:
1268 926 1332 969 &:
1375 926 1431 969 ‘Te
1468 929 1600 970 ‘Deum
1638 927 1847 971 laudamus
1882 926 1927 970 &

543 998 690 1041 Gloria
723 1001 762 1040 in
797 998 953 1057 excelsis
990 999 1082 1040 ‘Deo
1123 994 1239 1041 dulci
1272 994 1575 1042 modulatione
1609 1014 1765 1042 canere
1797 1013 1926 1059 cepe-

540 1084 650 1126 runt,
674 1069 719 1113 &
744 1066 799 1113 ad
826 1068 962 1130 ipsam
988 1084 1149 1112 turrem
1175 1085 1344 1127 omnes,
1370 1069 1443 1129 qui
1469 1084 1723 1130 potuerunt,
1755 1085 1926 1114 curren·
1947 1079 1994 1110 Μ.
2012 1079 2032 1109 f.
2050 1081 2086 1110 61
2105 1079 2144 1110 D.

542 1156 603 1185 tes
620 1139 759 1201 ipsam
775 1139 941 1184 summa
959 1140 1000 1185 vi
1017 1139 1033 1168 ⁶
1051 1156 1352 1203 expugnantes
1373 1139 1585 1185 violenter
1599 1157 1697 1186 eam
1717 1157 1927 1203 ceperunt

541 1212 586 1256 ὃ(
610 1213 654 1256 in
678 1212 831 1257 virtute
851 1211 922 1256 sua
946 1210 1203 1257 habuerunt.

606 1284 661 1329 V.
685 1282 819 1345 Capti
834 1299 1025 1344 namque
1040 1283 1212 1329 fuerunt
1230 1284 1273 1328 in
1291 1301 1340 1329 ea
1362 1300 1473 1329 turre
1487 1301 1511 1329 c
1528 1284 1682 1330 milites
1700 1285 1744 1329 ὃς
1762 1300 1838 1330 ccc
1852 1282 1929 1330 ba·
1946 1293 1981 1323 P·
1994 1291 2014 1322 f-
2030 1293 2087 1324 108
2099 1293 2135 1324 C-

540 1356 719 1413 listarij‚7
732 1372 842 1416 quos
858 1355 1029 1400 vinetos
1043 1354 1098 1400 ad
1112 1355 1245 1401 castra
1259 1372 1358 1401 ante
1373 1357 1482 1419 regis
1497 1356 1929 1419 presentiam&alio-

542 1445 638 1473 rum
658 1425 876 1472 nobilium
902 1425 1131 1486 duxerunt,
1164 1428 1237 1489 qui
1263 1426 1529 1472 omnimodo
1556 1428 1697 1490 ipsum
1716 1445 1866 1491 regem
1885 1429 1930 1474 &

543 1498 702 1545 ducem
718 1497 772 1543 de
785 1498 1011 1543 Hosterica
1027 1498 1041 1527 3
1061 1514 1341 1562 rogaverunt,
1355 1515 1401 1544 ut
1415 1499 1587 1556 milites,
1605 1497 1710 1544 albis
1724 1500 1852 1544 armis
1865 1499 1931 1544 in-

543 1570 687 1629 dutos,
707 1571 751 1615 &
766 1568 948 1614 militem
968 1568 1207 1631 quemdam
1226 1568 1418 1628 Ruffum,
1439 1588 1463 1615 a
1483 1588 1571 1632 quo
1592 1571 1779 1634 graviter
1797 1587 1931 1633 expu-

542 1657 701 1704 gnatos
720 1642 760 1686 se
781 1640 999 1700 dicebant,
1019 1642 1076 1686 eis
1100 1640 1329 1687 ostendere
1349 1640 1571 1688 deberent.
1591 1651 1608 1680 9
1628 1642 1715 1704 lpse
1733 1659 1837 1688 vero
1859 1659 1931 1687 rex

543 1715 588 1758 ὅ(
603 1712 689 1758 dux
705 1712 759 1758 de
774 1713 970 1758 Osterica
990 1711 1271 1774 petitionibus
1291 1730 1446 1758 eorum
1465 1713 1702 1758 satisfacere
1719 1713 1931 1772 volentes,

543 1802 712 1842 omnes,
733 1786 806 1846 qui
826 1784 881 1830 ad
901 1783 1143 1847 predicffam
1157 1801 1318 1830 turrem
1337 1784 1682 1849 expugnandam
1695 1787 1740 1830 ὃς
1754 1786 1930 1847 capien-

543 1856 646 1902 dam
665 1857 832 1902 fuerant
851 1873 950 1902 ante
970 1873 1122 1902 eorum
1143 1857 1429 1919 conspee’tum
1457 1866 1617 1903 voce¹0
1636 1857 1841 1919 preconis
1861 1875 1930 1903 ve-

542 1929 634 1974 nire
650 1928 855 1974 fecerunt.
872 1928 930 1973 llli
943 1944 1104 1986 autem,
1120 1928 1431 1991 prospicientes
1446 1945 1536 1986 eos,
1560 1927 1778 1974 dixerunt:
1797 1930 1932 1990 9(μῖ-

544 2002 606 2045 lus
619 2009 707 2045 ex¹¹
721 2004 808 2060 istis
824 2018 897 2045 nos
911 2005 1049 2062 invafit
1063 2019 1185 2059 neque
1202 2004 1343 2045 turrim
1366 2004 1619 2062 expugnavit.
1640 2004 1768 2045 Erunt
1786 2004 1933 2062 quippe

542 2090 687 2118 turrem
703 2089 970 2133 expugnantes
984 2089 1117 2116 omnes
1131 2074 1298 2131 vestibus
1311 2074 1499 2116 candidis
1511 2080 1546 2100 ¹2
1556 2072 1595 2116 δ’
1610 2076 1735 2116 armis
1749 2072 1852 2117 albis
1873 2076 1932 2117 in-

543 2147 647 2203 duti,
660 2153 692 2182 ¹3
706 2145 937 2202 veloctffi‘mi
961 2144 1000 2188 ἃ
1012 2144 1280 2203 ¹4f0rtiſjz‘mi‚
1303 2145 1421 2203 usque
1438 2145 1492 2187 ad
1501 2145 1774 2203 summitatem
1790 2147 1932 2202 turris,

544 2218 865 2276 quandocumque
883 2216 1077 2271 volebant,
1100 2216 1349 2276 ascendentes
1361 2234 1374 2265 ,·
1394 2220 1451 2259 im
1470 2233 1542 2259 nos
1564 2216 1745 2276 caligine
1774 2216 1933 2275 aliquo-

545 2293 653 2333 ciens
667 2289 860 2349 fulgoris
884 2289 1030 2332 lumine
1053 2289 1344 2348 cooperiebant,
1372 2288 1477 2346 quod
1499 2287 1628 2331 lumen
1657 2288 1862 2332 oculorum
1893 2287 1932 2331 6⁴

545 2363 731 2404 virtutem
755 2363 939 2419 corporis
966 2361 1255 2403 amittebamus.
1286 2356 1458 2421 Qibus
1486 2355 1644 2402 auditis
1669 2358 1714 2402 ἀ
1738 2357 1931 2403 intellec-

547 2431 614 2489 tis,
640 2429 872 2475 Christiani
899 2430 1015 2475 illico
1040 2429 1365 2488 intellexerunt,
1394 2427 1516 2491 quod
1546 2430 1766 2475 Dominus
1791 2429 1934 2475 noster

600 2537 611 2557 1
635 2526 671 2558 In
692 2526 722 2557 P.
743 2524 809 2567 des.
844 2525 957 2557 verba
975 2525 1018 2557 ab
1036 2524 1128 2557 flexis
1157 2524 1255 2568 usque
1276 2525 1325 2556 ad
1348 2523 1497 2556 fluvium.
1532 2542 1573 2547 —
1607 2536 1623 2555 2
1648 2524 1681 2556 P.
1702 2535 1759 2557 om.
1782 2543 1825 2547 —
1847 2535 1862 2564 3
1882 2524 1933 2556 M.

550 2586 775 2622 permanente.
799 2597 840 2602 —
862 2592 880 2617 4
895 2579 927 2610 P.
942 2590 1054 2622 quam.
1080 2597 1123 2601 —-
1145 2590 1158 2620 5
1183 2579 1216 2610 P.
1229 2577 1311 2610 add.
1330 2577 1461 2620 loquela
1476 2578 1506 2609 δε
1526 2588 1625 2619 voce3
1647 2578 1696 2610 M.
1721 2576 1888 2620 loquelam
1902 2577 1932 2609 &

549 2643 657 2665 voces,
681 2651 722 2655 ———
748 2636 766 2664 6
784 2632 816 2664 P.
836 2633 915 2664 add.
939 2651 981 2655 —
998 2634 1016 2663 6
1034 2633 1082 2665 M.
1103 2631 1182 2664 vim.
1204 2651 1248 2655 ——
1269 2642 1285 2670 7
1303 2631 1354 2663 M.
1373 2630 1575 2663 balestarios.
1603 2650 1642 2654 —-
1661 2634 1677 2662 8
1695 2631 1728 2663 P.
1746 2630 1932 2663 Hostarica.

551 2706 595 2710 d
609 2699 628 2729 9
644 2686 677 2718 P.
690 2685 837 2718 deberet.
857 2705 895 2709 —
918 2698 957 2718 10
972 2686 1004 2718 P.
1022 2696 1132 2718 voces.
1153 2705 1199 2709 ——
1220 2696 1254 2716 ιι
1278 2685 1329 2718 Μ.
1353 2684 1390 2716 fa*
1407 2684 1437 2716 P.
1457 2683 1518 2727 leg.
1536 2683 1651 2728 estpro
1671 2696 1723 2717 ex.
1751 2703 1788 2707 —
1818 2695 1857 2716 12
1879 2684 1931 2717 M.

551 2739 699 2773 candidis
715 2739 867 2772 vestibus.
886 2759 932 2763 —
954 2751 991 2780 13
1012 2740 1063 2773 M.
1084 2738 1219 2772 induffi.
1240 2757 1281 2761 —
1305 2750 1346 2781 14
1363 2738 1396 2770 P.
1417 2739 1495 2770 add.

1263 2792 1291 2799 s
