2216 3435
589 223 677 283 258
798 232 1237 265 SANCTIMONIALIS
1275 233 1755 267 HEYDENHEIMENSIS

586 374 761 421 ecclesia
779 394 956 440 magna,
976 393 1110 438 quam
1128 376 1228 421 fecit
1247 376 1389 422 sanffla
1407 377 1576 423 Helena
1594 378 1635 422 in
1653 377 1823 424 honore
1839 378 1969 424 saneti

588 448 787 493 {ohannis
815 449 1014 510 Baptiste,
1046 450 1091 493 ὅ(
1123 465 1255 511 caput
1280 448 1388 494 illius
1417 450 1494 495 fuit
1518 447 1576 494 ibi
1602 448 1690 507 diu,
1722 449 1809 494 hoc
1833 450 1891 495 est
1926 451 1968 495 in

583 520 736 579 Syrim.

643 592 769 637 Tunc
785 610 905 638 erant
925 609 1027 637 cum
1044 590 1302 637 Willibaldo
1323 592 1486 654 septem
1502 591 1781 649 contribules,
1800 604 1817 620 ‘¹
1833 595 1878 638 ὃς
1893 592 1962 637 ille

583 664 671 726 ipse
687 664 765 708 fuit
783 667 974 709 offlavus.
990 663 1325 724 Confestimque
1344 663 1402 708 illi
1421 664 1585 727 pagani
1599 665 1964 726 Sarraceni‚repe-

575 736 728 780 rientes
758 735 878 797 quod
905 735 1072 781 advene
1114 736 1158 780 ὃς
1188 736 1330 796 ignoti
1356 734 1556 781 homines
1580 735 1680 780 illuc
1704 734 1960 793 venissemus

579 806 768 852 tulerunt
798 825 873 852 eos
907 809 951 852 &
982 807 1179 869 captivos
1211 804 1446 865 habebant,
1480 808 1583 868 quia
1613 805 1863 852 nesciebant
1904 807 1958 852 de

577 879 704 939 quale
727 877 1142 941 tiiera1itgente‚l'ed
1164 878 1452 940 speculatores
1468 877 1553 923 esse
1574 878 1670 923 illos
1690 878 1958 927 estimabant.

577 950 621 994 Et
653 952 849 1012 captivos
875 967 949 995 eos
984 947 1203 995 ducebant
1238 948 1294 994 ad
1321 949 1563 1011 quemdam
1588 950 1735 995 senem
1771 949 1966 1009 divitem,

577 1038 622 1066 ut
640 1021 805 1068 videret
825 1023 870 1067 ὃς
895 1021 1152 1085 agnosceret
1174 1020 1290 1066 unde
1324 1019 1472 1066 effent.
1499 1021 1574 1066 Ast
1592 1021 1661 1066 ille
1686 1021 1816 1067 senex
1839 1023 1968 1068 inter-

579 1094 751 1157 rogavit
769 1093 884 1149 illos,
903 1092 1019 1138 unde
1038 1091 1175 1138 effent
1199 1107 1272 1137 aut
1297 1091 1412 1153 quali
1432 1092 1716 1156 fungerentur
1732 1092 1966 1157 legatione.

575 1166 702 1210 Tunc
728 1165 786 1209 illi
811 1164 1124 1227 respondentes
1149 1162 1203 1209 ab
1222 1162 1404 1210 exordio
1433 1180 1573 1209 totam
1595 1164 1906 1211 intimaverunt
1930 1166 1967 1211 ei

576 1236 733 1282 itineris
758 1237 817 1281 sui
832 1237 1017 1281 causam.
1040 1236 1084 1280 Et
1105 1236 1174 1281 ille
1188 1237 1314 1281 senex
1339 1234 1606 1297 respondens
1620 1236 1697 1281 ait:
1721 1257 1742 1276 (τ
1758 1237 1969 1298 Frequen-

574 1325 636 1354 ter
672 1308 757 1352 huc
791 1308 1015 1354 venientes
1046 1306 1135 1353 vidi
1176 1307 1377 1352 homines
1411 1306 1466 1352 de
1492 1306 1600 1352 illisc
1623 1323 1732 1353 terre
1755 1306 1967 1369 partibus,

576 1381 754 1425 istorum
769 1378 1057 1438 contribules3
1078 1396 1169 1425 non
1190 1396 1377 1441 querunt
1398 1379 1529 1438 mala,
1550 1379 1624 1426 sed
1642 1380 1788 1444 legem
1807 1397 1962 1426 eorum

575 1452 814 1515 adimplere
831 1452 1025 1513 cupiunt.
1045 1472 1067 1491 >2
1093 1452 1220 1495 Tunc
1233 1451 1291 1496 illi
1305 1450 1409 1496 inde
1424 1468 1656 1515 pergentes
1680 1467 1894 1498 venerunt
1911 1449 1968 1497 ad

573 1524 799 1588 palatium,
827 1539 872 1567 ut
909 1539 1115 1586 rogarent
1160 1522 1239 1567 illis
1276 1524 1392 1569 viam
1428 1522 1600 1569 transire
1635 1523 1690 1569 ad
1727 1522 1965 1569 Ierusalem.

573 1598 780 1657 Cumque
818 1594 905 1639 illic
947 1593 1198 1652 veniebant,
1237 1594 1377 1639 statim
1412 1594 1482 1640 ille
1514 1595 1656 1658 preses
1689 1593 1810 1654 dixit,
1846 1593 1968 1656 quod

574 1666 865 1731 speculatores
901 1664 1087 1724 fuissent,
1117 1668 1162 1711 ὃς
1186 1666 1380 1729 precepit
1405 1665 1501 1711 illos
1530 1667 1574 1712 in
1606 1683 1824 1711 carcerem
1848 1664 1962 1710 trudi

574 1740 707 1801 usque
728 1736 783 1783 ad
806 1736 912 1782 illud
933 1753 1119 1799 tempus,
1145 1754 1235 1799 quo
1255 1738 1460 1799 reperiret
1483 1755 1506 1782 a
1527 1754 1643 1800 rege,
1663 1736 1769 1799 quid
1797 1735 1960 1782 feciffet

572 1811 627 1857 de
652 1811 829 1856 illorum
859 1809 998 1854 causa.
1034 1809 1243 1869 Cumque
1268 1808 1327 1853 illi
1353 1807 1560 1854 fuerantd
1573 1809 1617 1853 in
1642 1825 1827 1867 carcere,
1855 1825 1965 1853 con-

575 1883 711 1929 festim
755 1881 863 1926 mira
897 1881 1219 1943 omnipotentis
1255 1881 1340 1926 Dei
1378 1879 1714 1943 dispensatione,
1755 1880 1830 1941 qui
1868 1881 1964 1942 pius

575 1952 737 2015 ubique
764 1953 862 1997 suos
887 1952 996 1998 inter
1016 1952 1099 1998 tela
1117 1953 1162 1996 ὃς
1183 1967 1416 2009 tormenta,
1441 1952 1551 1997 inter
1576 1948 1785 1996 barbaros
1803 1952 1848 1996 δε
1870 1948 1961 1996 bel-

572 2026 748 2089 ligeros,
776 2024 887 2069 inter
907 2041 1099 2069 carceres
1118 2025 1163 2069 ἃ
1189 2023 1520 2068 contumacium
1545 2038 1736 2068 catervas
1761 2022 1835 2067 sua
1861 2038 1962 2084 pro-

574 2114 719 2161 tegere
760 2113 914 2159 parma
951 2095 1153 2157 tutosque
1190 2095 1444 2141 conservare
1474 2093 1678 2158 dignatus
1712 2093 1814 2152 est‚³
1852 2110 1962 2138 unus

571 2170 710 2214 homo
747 2167 826 2212 fuit
855 2165 913 2212 ibi
952 2167 1218 2230 negotiator,
1256 2167 1329 2227 qui
1367 2164 1441 2211 fibi
1477 2167 1522 2210 in
1561 2164 1886 2223 eleemosynam
1916 2166 1962 2210 ὃς

569 2242 715 2288 anime
732 2239 803 2284 sue
823 2237 1176 2301 redemptionem
1191 2236 1368 2284 volebat
1381 2237 1479 2282 illos
1499 2235 1710 2282 redimere
1728 2237 1773 2281 &
1790 2234 1844 2281 de
1866 2252 1958 2281 car-

572 2329 668 2357 cere
701 2310 879 2372 eripere,
918 2325 963 2354 ut
991 2308 1115 2355 liberi
1148 2307 1325 2372 poffent
1349 2324 1530 2370 pergere
1562 2307 1607 2351 in
1643 2306 1763 2351 suam
1799 2306 1957 2353 volun-

571 2399 717 2428 tatem.
756 2381 802 2426 Et
830 2397 921 2426 non
952 2397 1138 2443 poterat,
1174 2378 1247 2425 sed
1282 2395 1463 2425 econtra
1499 2376 1698 2440 quotidie
1734 2375 1845 2423 misit
1878 2378 1958 2424 illis

571 2452 805 2516 prandium
825 2453 870 2497 &
895 2468 1063 2497 cenam.
1090 2451 1136 2496 Et
1156 2451 1199 2495 in
1218 2465 1371 2511 quarta
1392 2450 1495 2495 feria
1513 2451 1559 2495 ὃς
1576 2450 1621 2494 in
1646 2446 1827 2494 sabbato
1846 2448 1958 2496 mifit

570 2525 707 2570 filium
738 2524 860 2568 suum
895 2524 939 2568 in
971 2539 1204 2580 carcerem,
1242 2523 1288 2566 ἅ
1319 2520 1468 2567 eduxit
1498 2538 1573 2567 eos
1604 2518 1660 2566 ad
1685 2518 1890 2566 balneum
1914 2523 1959 2567 ὅ(

614 2711 645 2732 a.
685 2701 714 2731 F.
742 2699 840 2731 addit
874 2699 970 2732 illius.
1005 2718 1049 2722 —
1082 2700 1115 2731 b.
1148 2699 1218 2731 Mb.
1349 2709 1379 2730 c.
1404 2699 1437 2731 C.
1460 2697 1555 2730 illius.
1577 2716 1618 2741 —·-
1640 2697 1674 2730 d.
1698 2698 1732 2730 C.
1751 2695 1891 2730 fuiffent.
1909 2715 1956 2721 —-

567 2753 655 2785 venti
688 2753 843 2796 suerunt3
865 2753 900 2786 C.
919 2751 1049 2785 venturi
1071 2750 1216 2785 fuiffent.
1303 2770 1344 2776 —
1373 2764 1400 2784 e.
1420 2753 1455 2785 C.
1474 2751 1646 2796 dignatur.
