2216 3435
631 201 716 264 164
956 214 1102 247 LIBER
1130 213 1328 247 DUELLII
1355 213 1662 247 CHRISTIANI

522 384 598 414 1219
619 359 812 405 totondit
838 358 1018 406 barbam
1052 361 1184 419 ssiam,
1219 363 1264 406 ὃς
1295 377 1447 406 omnes
1484 360 1543 405 sui
1581 360 1774 406 fecerunt
1812 358 1998 408 {imiliter

616 434 660 477 ὅ(
685 432 844 477 caudas
863 449 1078 494 equorum
1099 448 1418 488 truncaverunt,
1439 433 1483 477 ὅ(
1501 432 1588 493 ipse
1610 431 1812 477 soldanus
1830 432 1996 479 lamen-

616 503 752 548 tando
775 502 905 549 dixit:
946 506 984 548 O
1015 508 1228 559 thmiata,
1257 506 1376 564 usque
1399 522 1499 547 nunc
1512 507 1640 562 fuisti
1664 505 1822 550 lucerna
1853 508 1996 565 Paga·
2017 517 2036 548 f.
2058 518 2114 548 182
2126 518 2154 547 b.

614 592 766 630 norum,
815 577 931 620 modo
970 577 1176 635 obst-urata
1220 592 1261 618 es
1298 577 1345 618 ab
1380 577 1464 619 eis!
1510 576 1621 636 Qid
1649 578 1811 634 faciam
1848 579 1995 638 miser!

618 647 753 706 Qare
777 664 853 690 non
862 649 938 705 fui
965 648 1170 705 eofsiz'nc‘lus
1189 650 1229 690 in
1249 646 1365 690 vulva
1385 649 1526 690 matris
1547 652 1656 690 mee?
1682 651 1754 692 0421
1775 666 1860 691 cum
1879 665 1996 694 natus

602 721 690 777 fui,
717 735 835 777 quare
854 735 929 762 non
943 721 1081 776 statim
1094 722 1219 778 perij,
1242 734 1446 776 antequam
1460 719 1539 777 sub
1565 719 1744 763 dominio
1769 737 1853 763 meo
1874 723 1995 781 virgo

614 792 810 833 ‘Damiam
836 808 858 832 a
885 790 1124 846 Christianis
1149 790 1239 848 effes
1263 790 1417 834 violata
1433 794 1452 832 ,³
1488 788 1531 833 Et
1557 787 1683 836 dixit:
1714 794 1862 835 Pereat
1891 792 1993 848 dies,

614 863 654 903 in
689 879 764 919 qua
793 878 907 904 natus
921 863 1010 920 fui,
1048 863 1136 905 dies
1172 862 1248 905 illa
1282 879 1357 905 non
1383 878 1607 905 numeretur
1642 866 1681 906 in
1718 864 1858 906 diebus
1901 866 1997 907 anni

613 930 727 989 (lob,
750 945 818 989 ΙΙΙ,
842 934 958 993 ζ-(ι)3
979 937 1071 991 quia
1105 934 1222 977 multi
1245 934 1444 994 obscurati
1459 938 1534 993 five
1558 935 1816 994 manuisum
1843 937 1884 978 in
1910 937 1997 992 istis

613 1003 774 1047 diebus!
810 1004 1036 1049 Venerunt
1074 1021 1219 1049 autem
1256 1002 1311 1048 ad
1348 1022 1448 1049 eum
1472 1002 1722 1049 Coradinus
1757 1005 1803 1049 ὃς
1835 1004 1994 1063 Fayses,

614 1072 761 1119 fratres
787 1075 862 1133 sui,
888 1076 1161 1121 consolantes
1187 1093 1289 1121 eum
1313 1077 1357 1120 ὅ(
1383 1073 1599 1121 dicentes:
1627 1078 1819 1132 Domine,
1853 1093 1895 1120 ut
1913 1094 1998 1121 cer-

612 1149 756 1203 nimus,
782 1149 980 1191 ‘Domioto
999 1151 1049 1207 ⁶ss
1074 1167 1095 1191 α
1118 1149 1230 1191 nobis
1264 1148 1457 1203 alienam,
1484 1148 1629 1191 melius
1654 1151 1782 1207 igitur
1806 1151 1858 1206 est
1882 1149 1998 1192 nobis

611 1218 744 1261 redire
769 1217 807 1261 δ’
827 1220 1005 1278 reliquos
1027 1223 1213 1263 civitates
1239 1221 1387 1263 Korum
1407 1218 1446 1262 ὃ·
1470 1219 1728 1264 Ἑαόἰῖοηὶαηι
1749 1219 1788 1263 ὅ*
1809 1220 1996 1264 eAlexan-

612 1290 741 1332 driam
762 1294 927 1346 munire,
945 1309 1060 1349 quam
1080 1294 1263 1349 lzicstore
1282 1290 1321 1334 ὃ*
1341 1292 1629 1350 desolationem
1648 1295 1817 1350 nostram
1836 1293 1996 1335 videre!

614 1360 742 1422 Igitur
776 1359 877 1406 inde
911 1362 951 1406 se
987 1378 1228 1419 moventeS,
1269 1360 1463 1423 hospicia
1498 1361 1569 1406 sua
1593 1378 1644 1407 ac
1667 1361 1786 1407 villas
1824 1378 1994 1419 omnes,

610 1434 752 1478 vicina
774 1449 953 1494 quoque
978 1434 1140 1477 civitati
1159 1432 1432 1494 receptacula
1456 1434 1608 1478 omnia
1632 1451 1656 1478 a
1677 1434 1849 1479 civitate
1868 1450 1998 1497 capta

609 1503 719 1548 infra
750 1505 942 1565 quinque
978 1503 1111 1549 dietes
1148 1504 1448 1566 exspoliantes,
1484 1504 1655 1567 penitus
1687 1521 1995 1551 concremave-

611 1591 723 1633 runt,
749 1574 890 1637 sicque
917 1593 941 1621 a
970 1576 1078 1621 facie
1110 1576 1253 1622 nostra
1280 1574 1550 1621 recefferunt.

896 1726 961 1766 ‘De
986 1722 1157 1782 ingreffu
1183 1726 1398 1781 nostrorum
1422 1725 1462 1765 in
1488 1725 1706 1766 civitatem.

674 1865 901 1911 LVII-L1X.
945 1865 1087 1910 Nostri
1116 1881 1276 1923 autem,
1316 1864 1539 1910 civitatem
1573 1864 1796 1921 intrantes,
1842 1880 1995 1909 aurum

608 1937 828 1983 infinitum
852 1938 1172 1982 invenerunt&
1191 1952 1434 2000 argentum,
1470 1936 1568 1981 vasa
1596 1952 1775 1997 quoque
1799 1952 1927 1981 aurea
1950 1936 1996 1980 ὃς

607 2025 813 2071 argentea
839 2010 883 2052 ὅ(
907 2027 1003 2053 erea
1030 2011 1075 2054 ὃς
1100 2024 1359 2053 ornamenta
1385 2008 1509 2052 omni
1534 2006 1812 2051 metallorum
1836 2024 1995 2070 genere

608 2082 652 2125 δε
677 2077 762 2125 fine
798 2097 981 2125 numero
1019 2081 1144 2125 faeta.
1187 2083 1446 2125 {nvenerunt
1481 2080 1612 2123 etiam
1648 2078 1916 2123 frumentum
1949 2080 1995 2124 &

609 2150 796 2197 ordeum
819 2154 864 2197 ὃς
889 2152 1036 2197 oleum
1061 2154 1107 2197 ὃς
1137 2151 1313 2213 tapetia,
1343 2149 1556 2207 bancalia,
1596 2166 1766 2212 pannos
1801 2148 1994 2213 fitigatos

609 2226 653 2269 ὅς
679 2223 829 2269 omnia
854 2222 1087 2269 necessaria
1119 2223 1174 2268 ad
1199 2224 1321 2268 usum
1346 2223 1431 2268 vite
1457 2239 1598 2284 preter
1622 2223 1788 2279 vinum,
1827 2238 1917 2283 quo
1949 2222 1994 2266 ὅ(

607 2296 830 2341 Sarraceni
858 2312 949 2340 non
977 2312 1151 2341 utuntur
1176 2311 1256 2340 nec
1295 2295 1478 2357 porcina
1503 2311 1644 2339 carne.
1688 2292 1991 2338 Machometus

607 2368 782 2424 etenim,
818 2384 972 2412 eorum
1007 2367 1113 2430 legis
1150 2366 1275 2425 lator,
1310 2383 1475 2424 verens,
1514 2383 1568 2410 ne
1605 2365 1663 2410 sui
1693 2363 1891 2427 discipuli
1916 2365 1991 2410 ali-

609 2437 788 2499 quando
815 2438 925 2483 forte
950 2455 1025 2500 per
1049 2436 1298 2483 ebrietatem
1325 2437 1444 2482 suam
1472 2434 1711 2482 nefandam
1736 2435 1990 2499 detegerent

607 2509 782 2567 seciam,
817 2508 872 2555 ab
897 2510 971 2554 usu
990 2510 1076 2555 vini
1101 2526 1175 2554 eos
1194 2509 1363 2570 prorsus
1388 2506 1585 2565 inhibuit,
1611 2506 1754 2570 ficque
1779 2508 1910 2569 usque
1935 2507 1993 2554 ad

608 2581 823 2643 presentes
847 2582 954 2644 legis
991 2598 1072 2626 nec
1095 2582 1259 2626 sanctio
1299 2579 1466 2625 insciffa
1510 2581 1729 2643 pertinuit.
1774 2578 1992 2625 Carnibus

607 2651 793 2698 fimiliter
819 2670 907 2698 non
933 2653 1161 2698 vescuntur
1186 2653 1376 2714 porcinis
1402 2651 1460 2697 ob
1486 2653 1661 2698 caulam
1685 2651 1884 2698 devorati
1899 2651 1990 2696 Ma-

609 2723 799 2769 chometi
824 2725 884 2769 sui
908 2743 931 2769 a
958 2725 1113 2787 porcis.
1155 2725 1327 2770 Omnes
1362 2739 1508 2769 autem
1533 2740 1612 2782 res,
1647 2724 1692 2768 in
1731 2723 1904 2768 civitate
1927 2723 1991 2767 in-
