2216 3435
16 519 17 522 =
33 504 110 534 Mur.
127 515 154 543 p.
174 511 248 542 1093

49 1213 83 1242 P.
99 1211 120 1244 f.
139 1222 192 1242 111
212 1214 247 1243 C.

49 1713 97 1742 M.
114 1711 134 1741 f.
150 1713 190 1750 64
205 1713 245 1742 A.

686 271 958 304 OBSIDIONIS
978 272 1244 307 DAMIATE.
1572 278 1601 326 9
1615 281 1630 311 Ι

271 435 370 464 curn
389 434 555 480 magno
583 418 766 464 exercitu
790 419 1123 463 Sarracenorum
1146 420 1191 463 ὃς
1210 419 1481 482 paganorum
1505 422 1549 466 ὃς
1573 423 1638 466 in-
1661 444 1736 474 1219

269 504 488 535 traverunt
525 487 725 534 fossatum
767 488 1112 535 Christianorum
1151 491 1196 535 &
1238 506 1498 551 putaverunt
1531 491 1639 538 illud

268 559 431 621 replere
449 561 493 604 &
512 558 653 605 delere
671 558 809 605 difflos
828 559 1094 605 Christianos
1119 559 1173 606 de
1190 577 1311 606 terra.
1336 560 1419 606 Sed
1438 563 1638 608 Domino

269 646 550 692 cooperante,
571 632 643 692 qui
663 647 865 693 operatur
887 648 986 676 cum
1011 630 1227 691 omnibus,
1255 632 1328 693 qui
1346 650 1494 678 veram
1508 632 1643 679 fidem

268 717 429 759 tenent,
448 701 679 748 Christiani
697 701 937 748 habuerunt
952 703 1179 749 victoriam
1196 705 1240 748 ὃς
1260 702 1515 748 occiderunt
1533 705 1642 749 inter

267 771 465 817 homines
483 773 529 816 &
551 790 688 834 equos
713 773 807 835 plus
830 791 964 835 quam
988 773 1103 819 mille
1127 775 1172 819 ὅς
1196 775 1240 819 in
1263 772 1394 819 tribus
1422 773 1571 819 diebus
1596 777 1640 820 ὃς

267 841 399 888 tribus
424 842 623 889 noetibus
648 844 754 889 nihil
772 844 886 890 aliud
906 845 1100 891 fecerunt
1129 844 1203 891 nisi
1227 845 1408 909 preliare
1436 844 1570 905 fimul,
1596 848 1640 891 ὃς

267 913 370 960 ficut
387 931 593 977 campum
613 916 673 960 est
688 914 868 977 plenum
888 915 942 961 de
962 917 1095 974 covis‚
1114 933 1215 961 cum
1230 918 1419 972 metitur,
1445 918 1503 962 ita
1524 933 1639 962 cam-

265 1002 374 1048 pum
396 987 441 1030 &
472 984 676 1030 fossatum
701 1002 789 1031 erat
810 986 991 1049 plenum
1014 986 1068 1032 de
1092 989 1331 1033 Sarracenis
1363 990 1558 1047 mortuis,
1585 987 1639 1034 de

266 1057 517 1102 Christianis
536 1073 644 1115 non,
669 1058 771 1118 quia
789 1058 1006 1103 Dominus
1025 1075 1114 1103 erat
1138 1076 1239 1104 cum
1259 1059 1338 1104 illis
1367 1061 1411 1104 ὃς
1431 1076 1638 1123 magnam

265 1128 493 1174 vicfforiam
516 1126 576 1172 ibi
598 1126 863 1187 habuerunt3
889 1129 1047 1191 gratias
1073 1131 1171 1174 Deo
1198 1129 1414 1177 dicamus!

330 1198 483 1244 XXVI.
513 1201 556 1244 ln
576 1196 646 1243 die
670 1199 934 1245 Pentecostes
960 1198 1165 1245 dominus
1183 1200 1350 1264 legatus
1370 1203 1414 1246 ὃ(
1433 1219 1504 1246 rex
1527 1206 1636 1246 lero·
1655 1214 1725 1253 Maj.
1744 1216 1791 1245 26.

265 1270 416 1315 solime
434 1271 479 1315 &
498 1269 739 1332 patriarcha
756 1272 800 1314 ὃς
821 1270 889 1328 alij
911 1287 1063 1316 omnes
1087 1272 1165 1317 viri
1183 1270 1351 1317 nobiles
1372 1275 1416 1317 ὅ(
1437 1290 1637 1335 potentes

266 1340 322 1387 ad
346 1339 694 1386 Lombardorum
720 1358 891 1386 morem
911 1342 1154 1387 carrocium
1178 1341 1268 1388 fieri
1284 1343 1492 1403 fecerunt,
1518 1345 1640 1406 super

267 1410 389 1474 quod
418 1410 761 1456 Christianorum
785 1412 989 1458 vexillum
1013 1414 1120 1475 poni
1140 1414 1388 1473 statuerunt,
1409 1424 1419 1443 ¹
1449 1431 1494 1459 ut
1519 1414 1639 1478 pedi-

267 1497 327 1527 tes
354 1499 507 1528 omnes
534 1483 645 1528 circa
668 1481 773 1528 illud
802 1483 984 1529 astantes
1018 1486 1063 1529 ὃς
1094 1501 1170 1546 per
1194 1502 1402 1547 campum
1435 1484 1492 1530 ibi
1510 1495 1527 1514 2
1556 1485 1638 1530 dis-

266 1551 370 1615 perfi
403 1554 583 1600 minime
613 1563 874 1618 pergentes3
903 1555 1032 1600 armis
1068 1554 1229 1601 bellicis
1256 1558 1471 1618 preparati
1498 1557 1638 1603 versus

264 1625 465 1670 inimicos
483 1625 693 1687 paulatim
712 1627 1117 1689 appropinquantes
1135 1625 1299 1672 bellum
1317 1645 1419 1673 cum
1439 1628 1498 1673 eis
1522 1628 1638 1673 secu-

265 1697 364 1743 riter
378 1698 658 1743 commiscere
671 1696 855 1760 poffent.
873 1706 893 1735 4
908 1698 951 1743 Et
965 1697 1071 1743 dum
1084 1698 1164 1743 hec
1177 1715 1421 1762 agerentur,
1434 1698 1638 1744 soldanus

265 1771 310 1814 ὃς
331 1767 614 1825 Corradinus,
646 1786 747 1813 cum
771 1769 965 1816 universa
989 1769 1263 1815 multitudine
1292 1771 1565 1833 Paganorum
1594 1773 1638 1816 &

265 1842 600 1886 Sarracenorum
619 1840 852 1898 venientes,
879 1841 1112 1903 temptoria
1127 1843 1171 1885 ὅς
1189 1850 1202 1879 5
1224 1859 1274 1887 ea
1293 1842 1457 1897 omnia,
1485 1859 1569 1903 que
1593 1844 1637 1887 in

265 1912 405 1957 castris
429 1910 623 1970 aderant,
649 1909 806 1956 habere
830 1913 1072 1974 cogitantes
1098 1914 1142 1957 ὃς
1169 1929 1218 1957 ea
1243 1913 1393 1957 omnia
1424 1914 1468 1957 &
1493 1912 1636 1958 Chris-

265 1984 406 2028 tianos
446 1998 673 2044 tamquam
715 1984 911 2044 captivos
951 1983 1061 2028 inter
1102 1983 1140 2028 se
1175 1982 1365 2028 dividere
1401 1984 1635 2046 cupientes.

264 2054 545 2116 Percipientes
562 2054 579 2082 ⁶
601 2071 704 2100 vero
735 2054 966 2100 Christiani
990 2053 1044 2099 de
1069 2055 1342 2117 Paganorum
1373 2056 1417 2100 ὃ(
1441 2056 1635 2101 Sarrace-

263 2143 422 2171 norum
447 2125 651 2183 adventu,
676 2125 792 2170 illico
818 2126 998 2171 civitatis
1024 2142 1171 2187 portas
1195 2128 1240 2171 ὅ(
1263 2124 1475 2188 albergias
1502 2126 1637 2170 custo-

263 2196 376 2242 diri7
407 2197 598 2242 fecerunt
631 2198 675 2242 ἃ
709 2197 862 2242 armati
896 2195 951 2242 ad
982 2195 1145 2242 bellum
1179 2197 1402 2242 al'clerati8
1433 2198 1586 2243 milites
1618 2208 1636 2236 9

263 2270 308 2314 ὅ(
325 2267 491 2332 pedites
509 2269 621 2313 circa
641 2268 882 2313 carrocium
901 2268 1081 2314 astantes
1102 2285 1221 2313 extra
1240 2269 1371 2314 castra
1385 2271 1635 2315 catervatim

264 2339 441 2387 obviam
475 2341 660 2386 inimicis
689 2357 975 2403 perrexerunt.
1000 2350 1035 2369 ¹0
1057 2339 1265 2386 Videntes
1300 2358 1446 2386 autem
1478 2342 1636 2404 Pagani

263 2413 307 2457 δε
325 2412 558 2469 Sarmeeni,
577 2410 745 2475 pedites
759 2412 871 2456 circa
885 2413 1127 2457 carrocium
1151 2412 1511 2473 frequentissimos
1531 2413 1634 2458 stare

263 2486 308 2529 ὃς
326 2483 667 2529 Christianorum
685 2482 889 2530 vexillum
912 2483 1036 2546 super
1052 2483 1146 2545 ipso
1172 2484 1365 2529 carrocio
1385 2482 1480 2542 esse,
1505 2484 1634 2546 pluri-

317 2666 327 2684 1
360 2654 391 2685 P.
423 2653 543 2686 debere
561 2653 808 2686 constituerunt.
838 2673 878 2677 -—
913 2666 930 2686 2
955 2654 985 2685 Ι).
1005 2665 1062 2685 om.
1090 2673 1129 2676 ᾖ
1162 2665 1176 2693 3
1201 2654 1229 2685 P.
1252 2655 1331 2685 add.
1365 2666 1452 2686 cum.
1483 2673 1523 2676 —-
1551 2667 1571 2694 4
1602 2654 1631 2685 Ι).

265 2706 528 2739 commiscerunt.
558 2727 602 2730 η
629 2720 643 2749 5
673 2708 723 2739 M.
745 2718 801 2739 om.
825 2707 865 2739 N.
893 2727 933 2731 —
965 2711 982 2739 (›
1005 2708 1053 2739 M.
1080 2705 1198 2750 precip.
1223 2726 1263 2730 —
1285 2718 1300 2744 7
1326 2708 1374 2739 M.
1397 2706 1566 2739 custodire.
1590 2726 1629 2730 —-

268 2764 284 2792 8
306 2761 355 2794 M.
376 2760 545 2793 ascherati.
564 2780 609 2783 —
629 2772 647 2802 9
668 2761 699 2793 P.
721 2762 800 2793 add.
824 2771 879 2804 per
899 2760 937 2792 se.
960 2780 1005 2784 —
1030 2772 1068 2792 10
1091 2760 1121 2792 P.
1144 2770 1349 2804 perexerunt.
