2216 3435
514 371 590 402 1218

483 944 539 973 Iul.
558 953 589 974 1.

438 1304 515 1340 Aug.
533 1311 582 1340 24.

619 213 705 246 120
1074 210 1331 244 IOHANNES
1367 210 1433 243 DE
1470 210 1667 244 TULBIA

609 359 736 403 minis
763 358 855 404 fore
880 357 1118 404 dinoscitur
1144 356 1362 404 fabricata.
1392 360 1435 403 ln
1454 356 1535 402 hac
1554 354 1765 419 siquidem
1791 358 1890 402 turri
1909 372 1989 402 tre-

609 431 724 474 centi
744 439 754 458 ¹
776 428 880 475 boni
903 429 1055 474 milites
1076 431 1120 473 ὃ(
1136 427 1281 473 baliste
1302 445 1423 474 erant
1443 428 1659 474 constituti
1679 426 1732 473 ad
1749 426 1988 473 defenden-

608 498 728 556 dum,
755 502 799 545 ὅ(
820 500 1000 562 quidam
1019 500 1304 558 ammirarius,
1330 500 1679 562 consanguineus
1699 497 1882 557 soldani,
1900 515 1990 544 erat

604 568 676 617 ibi.
706 572 975 634 Capitaneus
1008 570 1175 616 soldani
1206 589 1295 617 erat
1323 572 1436 616 intus
1465 570 1539 628 ibi,
1570 572 1614 615 ὅς
1641 570 1843 617 νὶθῑυειὶίει
1868 587 1989 616 erant

604 642 718 688 intus
739 643 999 689 sufficiencia
1020 642 1075 688 ad
1094 660 1230 688 unum
1250 660 1428 689 annum.
1452 643 1566 688 Huic
1588 643 1690 687 turri
1708 657 1791 687 tres
1805 642 1987 688 cathene

604 731 726 760 erant
763 714 892 760 infixe
930 717 975 760 δε
1013 730 1136 760 erant
1176 714 1342 761 elevate
1384 713 1441 759 ad
1482 731 1655 760 murum
1691 714 1889 772 civitatis,
1928 714 1987 759 ita

604 785 727 847 quod
764 786 880 831 nulla
916 786 1037 832 navis
1072 802 1148 848 per
1183 783 1345 830 flumen
1381 784 1612 832 ascendere
1638 802 1822 848 poterat,
1861 787 1905 830 ὃς
1933 784 1986 831 sic

602 855 843 919 nequibant
884 858 1043 904 civitati
1080 858 1454 919 appropinquare.
1497 858 1623 902 Tunc
1658 857 1987 904 construxerunt

605 928 760 988 scalas3
794 931 838 974 in
878 930 1018 991 prima
1054 927 1121 974 die
1149 928 1235 987 [ulij
1262 927 1524 974 credidimus
1555 945 1711 991 capere
1737 929 1901 988 turrim,
1927 929 1986 975 set

603 1000 713 1045 scale
736 1010 753 1029 2
782 1018 916 1063 quam
949 1002 1036 1046 cito
1072 1001 1168 1045 sunt
1209 1001 1311 1045 turri
1345 998 1556 1063 apposite,
1597 1000 1729 1046 fraf‘te
1764 1001 1873 1060 sunt,
1897 1011 1911 1040 3
1940 1003 1985 1046 δε

602 1070 834 1133 plusquam
858 1088 882 1116 c
907 1070 1014 1117 boni
1050 1071 1205 1117 milites
1230 1073 1275 1116 ὅς
1297 1088 1436 1134 nepos
1462 1070 1582 1116 ducis
1608 1071 1771 1117 Austrie
1799 1073 1842 1117 in
1869 1090 1985 1136 aqua

602 1141 803 1188 submerfi
829 1143 935 1189 sunt.

669 1208 736 1254 1V.
774 1210 894 1254 facia
927 1225 1075 1254 autem
1100 1209 1182 1254 alia
1207 1209 1320 1254 scala
1352 1227 1375 1254 a
1395 1207 1633 1255 frisonibus
1656 1210 1700 1254 in
1734 1209 1840 1255 festo
1867 1211 1985 1256 Beati
2004 1225 2023 1257 f.
2040 1238 2089 1268 29.

601 1279 896 1326 Bartholomei
937 1279 1074 1343 pofita
1111 1281 1169 1326 est
1204 1280 1261 1326 ad
1298 1281 1461 1340 turrim,
1501 1283 1546 1326 ἅ
1583 1282 1747 1345 pagani
1788 1283 1984 1344 proiece-

601 1368 699 1397 runt
734 1353 885 1415 ignem
920 1351 1148 1399 silvestrem
1190 1353 1315 1415 super
1351 1353 1469 1398 illam
1505 1355 1549 1398 ὃς
1589 1369 1679 1399 tam
1719 1353 1886 1399 fortiter
1928 1355 1985 1400 est

600 1424 820 1481 accensuS,
861 1423 982 1486 quod
1015 1425 1171 1470 milites
1196 1423 1398 1470 succendi
1422 1423 1696 1471 videbantur.
1741 1425 1850 1485 Quo
1877 1426 1985 1486 viso·⁷

599 1494 865 1541 Christianus
891 1496 1097 1541 exercitus
1134 1513 1248 1541 totus
1276 1498 1320 1541 in
1347 1513 1455 1542 terra
1479 1496 1712 1559 prostratus
1736 1498 1793 1542 est
1817 1499 1862 1543 ὃς
1890 1499 1985 1546 fun-

600 1565 707 1612 dens
733 1585 783 1612 ex
811 1568 946 1612 oculis
980 1566 1161 1613 flumina
1191 1568 1469 1613 lacrimarum
1494 1569 1741 1613 Dominum
1768 1569 1986 1633 rogabant

598 1640 644 1683 ὅ(
668 1639 812 1684 multis
843 1656 923 1702 pro
959 1641 1097 1684 nimio
1128 1640 1245 1685 luein
1278 1640 1450 1686 trachea
1482 1641 1637 1685 artaria
1673 1656 1843 1685 tantum
1864 1660 1986 1690 erant

599 1713 862 1775 exasperata,
889 1711 1011 1774 quod
1038 1713 1108 1759 vix
1135 1710 1363 1758 dicebant:
1392 1715 1584 1771 Domine,
1609 1714 1828 1773 miserere!
1867 1715 1985 1760 Cum

598 1804 744 1832 autem
763 1803 840 1848 per
862 1804 993 1831 unam
1012 1786 1169 1831 horam
1187 1783 1323 1831 effent
1339 1786 1382 1830 in
1403 1784 1484 1830 hac
1504 1785 1687 1844 tristicia,
1712 1783 1851 1831 subito
1876 1783 1986 1832 vidit

597 1859 748 1923 ignem
784 1858 1032 1904 christianus
1056 1859 1264 1904 exercitus
1289 1860 1334 1903 ὅ(
1358 1858 1561 1905 vexillum
1586 1859 1741 1904 Sanc're
1766 1860 1918 1906 Crucis
1939 1860 1983 1904 in

598 1932 719 1989 turri3
760 1930 846 1976 hoc
886 1931 991 1989 viso,
1034 1932 1109 1993 qui
1151 1948 1201 1976 ex
1240 1930 1358 1976 lucin
1406 1948 1565 1977 vocem
1615 1931 1857 1989 amiserant,
1898 1930 1984 1977 sine

598 2002 831 2048 eleciuario
865 2019 1023 2049 vocem
1060 2018 1422 2064 recuperaverunt
1456 2004 1502 2047 ὃς
1532 2004 1588 2048 ‘Te
1613 2007 1744 2048 ‘Deum
1772 2004 1982 2048 laudamus

597 2076 642 2120 ὃς
669 2076 816 2120 Gloria
844 2079 884 2119 in
910 2076 1067 2136 excelfis
1091 2078 1183 2120 ‘Deo
1208 2074 1561 2121 decantaverunt.

663 2147 718 2191 V.
750 2147 886 2210 Capti
914 2148 1008 2192 sunt
1038 2148 1081 2192 in
1107 2165 1157 2193 ea
1189 2148 1368 2193 trecenti
1392 2147 1571 2206 milites;
1613 2147 1688 2209 qui
1725 2164 1826 2192 cum
1863 2146 1982 2192 ducii

598 2236 719 2265 erant
755 2235 855 2265 ante
894 2218 1053 2265 ducem
1088 2219 1269 2277 Austrie,
1308 2235 1574 2283 rogaverunt
1603 2236 1718 2276 eum,
1762 2235 1808 2264 ut
1842 2219 1981 2264 osten-

598 2291 718 2337 deret
749 2291 808 2337 eis
842 2291 998 2336 milites
1036 2292 1081 2336 in
1117 2289 1222 2336 albis
1258 2292 1401 2350 armis,
1437 2309 1462 2336 a
1499 2289 1653 2353 quibus
1691 2291 1859 2338 fuerant
1892 2308 1981 2337 tam

597 2364 766 2409 fortiter
811 2364 1064 2427 expugnati,
1111 2365 1155 2408 ὅ(
1195 2363 1379 2409 militem
1427 2361 1619 2423 rubrum,
1674 2366 1748 2425 qui
1793 2363 1981 2409 multum

598 2433 725 2480 nobis
761 2436 926 2494 nocuit,
962 2437 1007 2481 ὅ(
1042 2434 1255 2494 dixerunt,
1291 2433 1413 2497 quod
1452 2434 1591 2480 nullus
1625 2452 1677 2480 ex
1712 2435 1791 2480 illis
1830 2433 1982 2481 invasit

598 2524 686 2553 eos.
719 2508 846 2553 Tunc
880 2508 1088 2554 intellexit
1118 2508 1366 2553 christianus
1401 2507 1625 2564 exercitus,
1668 2505 1789 2569 quod
1826 2506 1980 2552 Cruci-

597 2577 704 2624 fixus
751 2578 922 2625 mififfet
972 2579 1028 2625 ad
1076 2578 1419 2643 expugnandam
1466 2579 1615 2624 turrim
1655 2577 1979 2624 multitudinem

652 2754 661 2774 1
689 2743 766 2777 Cod.
784 2741 950 2776 crescenti.
975 2761 1015 2766 —-
1037 2755 1055 2776 2
1077 2743 1150 2776 Cod.
1170 2753 1280 2775 naves,
1300 2760 1343 2766 -—
1367 2752 1380 2783 3
1404 2741 1479 2775 Cod.
1499 2741 1577 2775 add.
1600 2739 1695 2774 scale.
