2216 3435
544 270 924 303 HODOEPORICON
959 271 991 302 S.
1028 271 1351 303 WILLIBALDI.
1544 272 1631 322 255

264 432 507 479 perpetrare
535 431 719 478 poterat,
752 433 775 460 a
800 415 915 460 sacre
934 415 1205 460 institutionis
1224 432 1380 460 norma
1405 433 1496 461 non
1520 434 1635 463 rece-

269 485 443 545 debant,
468 486 540 532 secl
555 485 806 549 propenfius
824 487 938 531 lacre
956 486 1153 532 ledlionis
1166 485 1305 531 studio
1321 487 1636 548 perseverantes

262 558 529 617 inherebant,
549 560 662 604 iuxta
680 559 865 604 veritatis
885 575 1043 604 vocem
1064 558 1267 603 dicentis:
1294 561 1378 619 Ql'
1395 577 1521 604 aurem
1540 580 1636 621 per-

255 633 504 690 severaverit
527 633 646 691 usque
670 634 709 674 in
723 632 863 688 finem,
888 633 954 674 liic
966 632 1108 691 salvus
1132 634 1209 674 erit
1233 627 1454 691 (Math.X‚
1476 634 1570 691 22).

335 789 386 834 X.
414 792 647 846 Terracina,
676 792 834 847 Caieta,
861 792 1106 851 Qeupohk,
1135 794 1352 852 Rhegium,
1389 793 1559 848 Cartana,

693 880 803 906 mons
828 865 938 917 Ema,
965 865 1171 923 Syracusa.
1189 873 1207 890 ‘²

328 984 555 1046 Postquam
576 984 644 1029 ille
660 984 811 1030 illuster
826 985 1047 1046 clarusque
1066 984 1222 1030 Christi
1241 984 1456 1029 crucicola
1474 1002 1638 1048 magna

262 1057 418 1101 mentis
438 1056 681 1101 intentione
706 1057 750 1100 &
775 1055 919 1100 cordis
941 1055 1313 1118 contemplatione
1334 1054 1387 1100 ad
1408 1057 1637 1118 supernam

259 1128 428 1172 interne
448 1127 533 1172 vite
547 1127 886 1189 speculationem
899 1126 1083 1189 provida
1098 1126 1512 1189 circumspeffloneb
1535 1144 1636 1189 pro-

260 1196 450 1261 perabat,
480 1199 525 1242 &
555 1196 610 1242 ad
642 1196 908 1257 sublimiores
930 1196 1142 1260 rigidioris
1169 1198 1254 1243 vite
1276 1199 1452 1243 virtutes
1468 1209 1481 1226 ⁶
1506 1198 1637 1243 anhe-

257 1268 407 1326 lando,
432 1269 519 1313 iam
546 1285 638 1313 non
669 1268 862 1330 planam,
884 1267 955 1313 sed
981 1271 1142 1313 arcftam
1162 1269 1400 1313 austerioris
1419 1270 1504 1315 vite
1522 1271 1636 1315 viam

257 1357 334 1402 per
376 1338 644 1384 monachalis
678 1340 764 1384 vite
804 1355 1008 1384 normam
1042 1338 1253 1384 inhiando
1294 1337 1560 1385 desiderabat
1593 1343 1638 1385 ὃς

258 1412 471 1457 maiorem
496 1411 584 1456 iam
601 1427 704 1456 tunc
729 1411 1087 1474 peregrinationis
1105 1411 1403 1474 ignorantiam
1420 1410 1537 1457 adire
1556 1429 1636 1474 op-

259 1481 377 1528 tabat
390 1499 523 1544 quam
541 1482 613 1527 illa
638 1482 729 1539 fuit,
752 1483 795 1526 in
814 1499 898 1543 qua
919 1498 1021 1527 tunc
1038 1482 1142 1528 stare
1161 1481 1397 1529 videbatur.
1417 1484 1543 1528 Tunc
1567 1482 1636 1528 ille

259 1553 464 1610 strenuuS‚
486 1552 664 1599 confilio
689 1555 932 1600 amicorum
957 1552 1352 1616 contribuliumque
1369 1554 1541 1600 licentia
1563 1553 1637 1600 fla—

257 1626 407 1688 gitata,
460 1641 506 1670 ut
545 1626 715 1670 suarum
748 1624 1035 1687 opitulatione
1072 1626 1323 1670 orationum
1364 1626 1486 1671 illum
1520 1626 1639 1687 sequi

259 1695 552 1759 dignarentur,
579 1695 775 1760 rogabat,
805 1712 864 1754 ut,
891 1697 990 1741 totis
1005 1695 1026 1724 d
1039 1697 1197 1741 itineris
1221 1694 1421 1755 curfibus,
1452 1696 1638 1742 delecta-

259 1766 352 1813 bilis
377 1784 506 1829 atque
533 1766 736 1829 optabilis
753 1779 765 1795 6
789 1768 967 1813 civitatis
986 1767 1204 1813 Ierusalem
1238 1768 1382 1813 menia
1410 1785 1637 1831 peragrare

260 1838 553 1900 specularique
571 1856 648 1901 per
665 1837 839 1883 illorum
858 1839 927 1900 pia
952 1856 1128 1901 precum
1154 1837 1369 1901 presidia-f
1388 1837 1636 1901 possibiliter

260 1907 473 1970 potuisset.

327 1984 533 2041 lamque&
551 1981 769 2026 transaffls
801 1979 1023 2025 dominice
1048 1980 1256 2042 paschalis
1283 1979 1638 2039 solemnitatibus,

261 2052 381 2115 agilis
407 2053 615 2097 exercitus
652 2051 812 2096 levavit
838 2052 877 2095 se
902 2069 1003 2095 cum
1033 2050 1203 2096 duobus
1230 2052 1309 2095 suis
1334 2051 1456 2096 sociis
1476 2053 1521 2097 ὅ(
1544 2069 1639 2113 per-

259 2141 360 2187 gere
392 2139 617 2185 ceperunt.
654 2123 862 2183 Cumque
889 2139 1131 2185 pergerent,
1162 2123 1552 2184 venerunthusque
1583 2123 1639 2168 ad

261 2193 414 2240 urbem
433 2194 690 2239 ‘Terracinam
718 2195 761 2238 in
780 2194 960 2252 oriente,
987 2195 1032 2239 ὅς
1056 2192 1115 2239 ibi
1142 2191 1378 2238 manebant
1403 2192 1512 2238 duos
1538 2192 1638 2240 dies.

261 2266 306 2312 Et
335 2264 437 2310 inde
463 2281 693 2327 pergentes
718 2280 930 2310 venerunt
954 2264 1008 2309 acl
1034 2262 1185 2309 urbem
1207 2267 1403 2321 Caietam,
1422 2265 1432 2292 1'
1454 2281 1538 2326 que
1564 2264 1641 2308 stat

263 2338 307 2382 in
335 2336 476 2381 littore
496 2336 637 2380 maris.
660 2336 707 2381 Et
730 2334 787 2381 ibi
814 2352 918 2380 tunc
941 2334 1220 2381 ascendentes
1250 2336 1293 2379 in
1318 2336 1479 2394 navim,
1504 2334 1638 2380 trans-

262 2407 525 2454 fretaverunt
551 2406 606 2452 ad
630 2409 894 2469 Qeapolim.
944 2407 988 2452 Et
1014 2407 1113 2466 illic,
1138 2407 1282 2452 relitsta
1306 2424 1430 2463 nave,
1443 2405 1460 2446 J'
1482 2408 1525 2451 in
1555 2423 1641 2468 qua

309 2566 337 2586 af
372 2555 442 2587 Mb.
472 2554 512 2586 de
545 2555 679 2586 transitu
704 2553 909 2595 Willibaldi3
997 2552 1120 2585 rabilia.
1146 2572 1187 2576 —
1206 2552 1222 2584 f
1244 2555 1276 2585 C.
1299 2552 1639 2595 subsidia.-—g.Mb.‚

260 2607 370 2639 titulus
391 2610 422 2639 d.
440 2608 472 2640 in
490 2609 524 2640 C.
537 2609 619 2638 -lr
633 2619 723 2651 prov.
739 2607 909 2650 circumsp.
996 2610 1029 2639 (Σ,
1052 2618 1204 2649 cumque.
1226 2625 1270 2629 —
1293 2605 1323 2637 b.
1338 2606 1407 2638 Mb.
1426 2613 1636 2650 perrexerunt

260 2662 293 2692 d.
311 2661 345 2692 in
362 2662 395 2693 C.
410 2681 455 2684 —
473 2672 502 2693 c.
517 2662 600 2701 Mb„
620 2662 654 2694 C.
671 2659 910 2692 virtutibus.-—
996 2661 1038 2692 ἃ.
1051 2679 1095 2682 —
1112 2659 1129 2691 i.
1149 2659 1218 2691 Mb.
1233 2658 1383 2691 Gaitam.
1404 2679 1438 2682 —
1455 2659 1479 2700 j.
1497 2658 1565 2690 Mb.
1582 2669 1637 2690 ne-

260 2713 290 2745 d.
311 2714 393 2749 Mb„
409 2714 443 2746 C.
464 2714 552 2746 tutis.
575 2733 616 2738 ——
634 2726 659 2746 e.
681 2714 751 2746 Mb.
769 2713 912 2745 delecta·
998 2712 1106 2744 bulen]
1122 2728 1130 2754 ς
1146 2713 1179 2744 C.
1201 2710 1371 2743 nabularn.

260 2767 350 2808 biles,
369 2767 531 2811 optabiles
544 2769 593 2810 3C.
609 2765 832 2806 (lelcclabilia,
853 2777 912 2810 op-
