2216 3435
303 1376 495 1405 Bethlehem.

305 1738 442 1768 Thecua.

348 1924 376 1952 S.
391 1923 483 1952 Sabae

307 1964 530 1994 monasterium.

310 2299 402 2327 Gaza.

310 2521 338 2548 A
344 2518 468 2548 fframia.

315 2667 483 2697 Ierusalem.

587 223 676 272 292
1135 221 1424 254 ANoNYMus

581 371 759 425 duxerat,
797 370 916 414 hodie
946 373 1066 413 etiam
1102 371 1390 414 dominicorum
1422 372 1589 429 vestigia
1621 370 1766 430 pedum
1801 371 1961 414 eviden-

580 440 719 497 tiffime
754 442 1032 500 demonstrant,
1059 441 1114 497 ὃ»,
1141 446 1247 502 quast
1266 443 1448 502 sentiens
1471 443 1521 502 se
1545 460 1590 485 ex
1618 444 1692 484 lzac
1709 442 1857 500 pedum
1887 444 1962 484 im-

572 511 768 571 preffione
795 517 902 556 omni
935 514 1155 572 artificioso
1187 530 1326 556 ornatu
1365 513 1731 572 incomparabiliter
1749 516 1963 574 pretiosio-

579 600 675 637 rem,
717 599 785 626 nec
816 587 1046 643 pavimento
1075 587 1202 643 sterni
1239 602 1308 628 nec
1343 586 1444 628 teclo
1471 587 1633 644 patitur
1668 587 1833 644 operiri.
1872 585 1963 628 Has

572 655 720 714 pedum
753 657 926 698 ‘Domini
960 672 1075 698 notas
1098 656 1266 715 sancius
1302 655 1574 699 Willibaldus
1609 673 1695 699 cum
1718 656 1854 715 sociis
1887 673 1963 699 non

581 726 727 784 ceffans
742 726 920 769 lacrimis
936 728 1154 784 fluentibus
1177 730 1330 787 rigare,
1350 745 1437 772 vere
1453 731 1592 788 potuit
1618 729 1771 772 dicere:
1794 728 1964 770 <Adora-

582 798 707 840 bimus
742 800 781 840 in
808 797 910 851 loco,
950 799 1015 840 ubl
1031 801 1226 856 steterunt
1251 800 1375 858 pedes
1404 802 1498 843 eius.
1540 801 1583 843 In
1608 796 1765 843 eadem
1788 793 1964 842 ecclesia

583 864 688 911 duas
713 865 941 929 perhibent
961 867 1065 913 stare
1085 868 1314 914 columnas
1332 870 1375 914 in
1401 870 1684 932 geminorum
1702 869 1963 914 memoriam

582 938 856 1000 angelorum,
894 938 967 999 qui
1009 937 1225 1001 discipulis
1251 939 1559 986 ascendentem
1585 941 1833 985 Dominum
1857 939 1965 1002 aspi-

582 1007 794 1053 cientibus
820 1006 1036 1054 dixerunt:
1071 1013 1162 1054 Viri
1190 1012 1365 1066 Galilei,
1394 1013 1491 1070 quid
1504 1015 1629 1070 statis
1655 1013 1892 1072 aspicientes
1924 1015 1964 1056 in

581 1080 739 1123 celum?
766 1078 865 1123 [nde
886 1080 1018 1124 etiam
1035 1079 1238 1139 referunt,
1265 1082 1516 1143 quicunque
1540 1083 1651 1127 inter
1674 1081 1902 1127 columnas
1920 1082 1966 1126 ὃς

582 1149 755 1195 ecclefie
774 1151 984 1212 parietem
1002 1151 1130 1213 poffit
1142 1152 1472 1214 circumrepere,
1490 1169 1776 1216 peccatorum
1793 1153 1967 1199 veniam

582 1221 698 1266 hunc
722 1222 933 1269 meruisse.

646 1292 730 1339 ΧΠ.
759 1293 861 1340 Inde
885 1297 1002 1341 venit
1027 1297 1274 1353 ssethlelzem,
1305 1294 1377 1342 ubi
1407 1299 1477 1342 bos
1504 1299 1696 1357 cognovit
1711 1296 1964 1357 poffefforem

570 1367 691 1425 suum
722 1365 761 1409 ὃ)
792 1372 917 1429 afinus
943 1370 1111 1428 presepe
1142 1372 1317 1413 Domini
1338 1370 1427 1429 sui.
1470 1370 1682 1413 cAccedens
1711 1385 1807 1428 ergo
1834 1370 1892 1412 ibi
1915 1370 1969 1412 ad

576 1453 752 1497 puteum,
786 1441 891 1497 quod
920 1443 1036 1499 prius
1070 1441 1289 1484 mirabatur
1325 1442 1520 1495 auditum,
1561 1441 1664 1484 vidit
1686 1442 1726 1483 in
1748 1441 1968 1500 superficie

583 1527 681 1568 aque
705 1512 763 1553 ire
789 1529 811 1553 a
842 1515 1027 1571 margine
1057 1512 1176 1572 usque
1206 1512 1257 1555 ad
1288 1515 1509 1571 marginem
1525 1513 1708 1571 figuram
1728 1512 1862 1570 stelle,
1897 1530 1969 1571 que

584 1584 716 1641 magis
751 1598 844 1626 nato
880 1585 1060 1626 ‘Domino
1097 1586 1287 1642 apparuit
1323 1584 1462 1643 eosque
1497 1584 1648 1626 decimo
1684 1587 1804 1627 tertio
1838 1584 1969 1628 domi-

585 1656 672 1696 nice
706 1657 934 1698 nativitatis
973 1656 1039 1698 die
1079 1656 1127 1698 de
1164 1655 1397 1698 ‘Bethlehem
1430 1655 1634 1714 perduxit.
1677 1652 1778 1698 Inde
1813 1670 1970 1699 venere

587 1726 799 1781 leecuam,
825 1728 903 1781 ubi,
933 1727 1084 1784 Clu-isti
1107 1729 1314 1784 coequevis
1339 1728 1386 1769 ab
1407 1726 1569 1769 Herode
1594 1727 1824 1780 trucidatis,
1850 1729 1969 1786 Qa-

586 1797 744 1840 tlzanael
769 1798 849 1857 sub
866 1799 950 1855 ficu
990 1816 1011 1840 a
1045 1814 1169 1841 matre
1200 1797 1413 1857 absconsus
1445 1802 1575 1859 evafit,
1608 1798 1774 1855 ideoque
1794 1803 1855 1859 fic
1884 1799 1971 1842 dic-

585 1885 666 1912 tum
691 1871 741 1927 est
768 1887 791 1911 a
817 1871 995 1912 ‘Domino
1012 1891 1024 1912 ,-
1056 1869 1164 1928 Qia
1187 1887 1271 1912 cum
1299 1869 1486 1929 effessub
1499 1870 1602 1925 ficu,
1631 1872 1738 1912 novi.
1770 1867 1871 1913 lnde
1895 1887 1972 1932 per

587 1940 760 1995 lauram,
784 1937 857 1984 ubi
864 1942 1031 2001 sanc‘lus
1054 1942 1159 1984 Saba
1183 1940 1425 2000 requiescit,
1442 1958 1577 1985 venere
1595 1943 1704 1983 iuxta
1726 1943 1852 1984 vicum
1873 1941 1971 1984 Bet-

586 2028 677 2072 {uro
698 2012 751 2054 ad
778 2029 933 2070 aquam,
960 2030 1033 2070 que
1065 2013 1216 2067 eodem,
1253 2015 1292 2056 in
1319 2030 1394 2070 quo
1419 2015 1623 2072 gignitur,
1643 2012 1832 2071 sorbetur
1856 2011 1970 2056 loco,-

589 2086 628 2126 in
673 2101 748 2141 quo
792 2086 962 2142 Etltiops
1005 2084 1053 2126 ab
1093 2083 1250 2127 ultimis
1285 2100 1389 2127 terre
1415 2084 1569 2140 finibus
1605 2085 1761 2142 visitato
1798 2085 1972 2127 ‘Domini

586 2155 748 2214 templo,
784 2171 861 2216 per
894 2153 1138 2216 Philippum
1167 2151 1426 2216 baptizatus7
1465 2157 1637 2198 vicinum
1673 2155 1800 2214 israel
1826 2172 1970 2214 preve-

587 2228 732 2270 niendo
768 2227 918 2286 pellem
941 2228 1062 2286 suam
1100 2230 1277 2283 mutavit,
1310 2228 1354 2269 id
1383 2229 1433 2285 esi
1451 2227 1541 2283 fide
1576 2226 1786 2270 dealbatus
1809 2231 1970 2286 peccati

587 2299 833 2358 nigredinem
869 2299 1063 2358 deposuit.
1110 2295 1212 2342 Inde
1244 2314 1347 2342 cum
1377 2297 1573 2341 venirent
1611 2298 1777 2354 Gayam,
1815 2295 1971 2342 auditis

589 2367 707 2430 apud
724 2371 913 2413 sancium
935 2370 1173 2413 fflsanlziam
1189 2366 1411 2413 missarum
1428 2367 1662 2424 solemniis,
1684 2367 1973 2414 sanc'lusWil-

588 2438 772 2485 libaldus
792 2440 940 2485 lumen
967 2440 1199 2485 oculorum
1225 2438 1374 2485 amisit.

655 2511 759 2556 Xlll.
784 2510 884 2556 Inde
911 2529 987 2574 per
1005 2513 1202 2572 castellum
1229 2515 1493 2571 offlfframiam,
1524 2509 1596 2556 ubi
1616 2527 1698 2556 tres
1716 2510 1971 2572 patriarche,

592 2581 830 2639 Abraham,
857 2583 968 2628 Isaac
991 2585 1036 2628 ὃς
1058 2581 1201 2640 Iacob,
1228 2599 1329 2627 cum
1354 2582 1433 2627 suis
1459 2579 1660 2627 uxoribus
1686 2582 1971 2643 requiescunt,

594 2656 815 2700 revertitur
833 2657 1059 2716 Ierusalem,
1083 2656 1129 2700 ὅ(
1154 2652 1364 2717 ingreffus
1390 2656 1602 2717 ecclefiam,
1625 2655 1691 2698 ubi
1705 2656 1853 2714 sancia
1879 2672 1973 2699 crux

596 2732 752 2773 inventa
779 2727 850 2783 est,
867 2766 894 2773 ..
914 2764 944 2772 ..
965 2764 971 2771 .
989 2726 1294 2782 construcstam,
1318 2743 1392 2787 per
1415 2727 1515 2770 duos
1533 2727 1714 2770 cecitatis
1726 2726 1804 2785 sue
1822 2728 1972 2789 menses
