2216 3435
611 191 696 253 148
945 201 1092 234 LIBER
1119 200 1320 234 DUELLII
1346 200 1648 234 CHRISTIANI

500 379 576 408 1218
600 370 667 413 ‘De
688 369 802 413 clade
828 370 1159 427 Clzrzstianorum,
1194 386 1239 411 ex
1268 370 1500 427 intemperie
1535 372 1640 413 aeris
1666 368 1706 412 ὃ
1730 371 1856 414 maris
1882 386 1981 415 orta.

439 526 519 555 Nov.
534 535 581 564 30.
666 510 709 553 ln
735 507 840 553 festo
865 507 1198 554 SantstiAndtee
1223 526 1319 555 orta
1333 510 1390 555 est
1409 526 1528 556 tanta
1553 512 1779 575 tempestas
1805 513 1850 557 in
1869 516 1981 569 ae're,

598 578 722 641 quod
765 595 855 625 tam
898 579 1069 642 inpulsu
1110 596 1346 627 ventorum
1395 600 1529 644 quam
1585 582 1985 647 superhabundanti

597 650 743 713 pluvia
772 652 816 696 in
841 668 1009 697 tantum
1038 670 1155 698 mare
1180 654 1398 714 intumuit,
1430 656 1475 700 ὃ(
1504 653 1654 701 fluvius
1681 654 1870 702 similiter
1894 673 1983 702 cre-

596 723 670 780 vit,
697 722 818 784 quod
852 741 944 768 non
980 723 1302 771 discernebatur
1326 743 1441 788 aqua
1469 724 1657 772 fluminis
1695 745 1719 773 a
1754 729 1902 788 mari,¹
1938 729 1984 773 &

594 810 709 855 aqua
733 810 853 841 tanta
881 812 971 841 erat
995 796 1267 843 amariffima.
1304 800 1348 842 In
1374 796 1443 843 die
1467 798 1539 844 illa
1567 799 1830 862 tempestatis
1856 802 1983 848 causa

596 867 748 911 omnia
774 867 958 912 tentoria
991 868 1126 913 fracia
1158 869 1301 914 nostra
1330 869 1463 926 fuere,
1503 872 1548 915 ἃ
1577 888 1655 934 per
1684 886 1828 916 totum
1863 888 1983 917 exer-

595 938 729 982 citum
750 938 887 984 fac‘tus
906 939 964 984 est
982 939 1116 997 lacus,
1142 941 1201 986 ita
1220 939 1343 1002 quod
1364 941 1501 987 farina
1521 944 1566 987 ὅ(
1584 943 1708 1005 panis
1726 944 1772 987 &
1792 943 1982 989 frumen-

595 1023 687 1052 tum
700 1009 745 1052 &
763 1008 948 1055 ordeum
966 1012 1010 1056 ὅ(
1023 1012 1173 1057 omnia
1186 1012 1388 1058 vifiualia
1402 1030 1517 1075 aqua
1527 1012 1980 1076 superhabundabant.

596 1078 654 1125 lbi
693 1080 817 1126 multi
851 1081 1012 1126 infirmi
1047 1085 1210 1128 mortui
1247 1084 1362 1143 sunt,
1413 1087 1458 1130 δεῖ
1494 1086 1625 1131 etiam
1675 1086 1850 1149 plurimi
1892 1088 1982 1134 sani

593 1150 859 1198 defecerunt.
897 1156 985 1198 Aer
1019 1153 1231 1216 siquidem
1265 1172 1355 1202 tam
1380 1155 1586 1202 obscurus
1611 1157 1788 1204 effecius
1813 1159 1886 1216 est,
1923 1160 1983 1206 ita

593 1222 716 1284 quod
740 1223 881 1269 nullus
921 1225 1116 1271 nostrum
1140 1227 1274 1274 valuit
1304 1228 1349 1273 in
1381 1228 1451 1274 die
1481 1228 1627 1275 videre
1657 1229 1803 1276 alium.
1841 1233 1886 1277 In
1912 1230 1981 1278 die

591 1294 661 1340 illa
687 1296 882 1357 quinque
918 1314 1050 1344 naves
1074 1300 1231 1358 nostre,
1267 1317 1353 1362 que
1385 1317 1506 1346 erant
1530 1302 1574 1345 in
1608 1317 1737 1364 portu
1763 1303 1981 1363 Damiate‚

590 1367 761 1429 inpulsu
786 1385 1020 1415 ventorum
1057 1369 1143 1416 fine
1171 1371 1275 1418 velis
1306 1374 1352 1418 ἃ
1375 1374 1565 1437 remigiis
1603 1391 1628 1419 a
1655 1390 1786 1437 portu
1814 1375 1981 1437 seques-

591 1453 699 1483 trate
724 1438 820 1485 sunt
844 1442 889 1486 ὃς
913 1442 958 1486 in
982 1441 1132 1488 medio
1156 1442 1316 1507 pelagi,
1342 1461 1389 1489 ut
1412 1443 1643 1503 credimus,
1683 1445 1978 1508 conquassate.

590 1516 690 1563 Una
715 1531 862 1562 tamen
893 1534 944 1562 ex
967 1516 1046 1561 illis
1073 1515 1207 1561 fracia
1233 1516 1313 1561 fuit
1337 1533 1437 1562 ante
1460 1515 1697 1576 Tanffium,
1734 1521 1778 1564 ὃς
1803 1520 1981 1583 triginta

590 1589 808 1648 marinarij
845 1588 1057 1651 capitibus
1089 1590 1186 1635 sunt
1212 1588 1470 1637 obtruncati.
1510 1595 1554 1637 ln
1586 1592 1659 1637 illa
1689 1591 1758 1638 die
1786 1590 1979 1654 quedam
1998 1601 2051 1632 fol·
2073 1611 2129 1641 177
2147 1603 2172 1633 b-

589 1659 868 1708 munitiffima
899 1663 1017 1708 navis
1049 1679 1151 1707 cum
1181 1664 1352 1725 magnis
1379 1663 1513 1722 scalis,
1550 1681 1635 1726 que
1672 1681 1774 1710 cum
1811 1682 1977 1728 magno

588 1733 738 1781 labore
763 1751 844 1797 pro
871 1735 1043 1779 civitate
1074 1734 1291 1797 capienda
1315 1735 1428 1780 facf‘ta
1463 1736 1616 1793 fuerat,
1650 1737 1820 1799 inpulsu
1844 1740 1978 1798 venti,

589 1808 723 1869 ruptis
756 1804 943 1863 funibus,
983 1807 1179 1867 proiecsta
1203 1806 1276 1866 est,
1300 1808 1345 1852 δε
1371 1805 1497 1853 nobis
1523 1807 1787 1868 videntibus,
1821 1810 1979 1874 Pagani

589 1896 686 1924 eam
734 1894 1048 1923 cremaverunt.
1090 1876 1220 1925 Unde
1272 1895 1352 1923 nos
1393 1879 1654 1943 plangentes
1697 1880 1976 1928 dicebamus:

592 1951 706 2010 Qid
727 1954 936 2010 faciemus
961 1956 1055 1996 liic?
1093 1955 1225 1997 Iratus
1256 1956 1307 2012 est
1339 1956 1452 1996 Deus
1487 1955 1602 1998 nobis
1632 1953 1672 1997 62
1701 1971 1775 1998 non
1804 1955 1902 2011 vult,
1935 1972 1977 1999 ut

585 2025 878 2084 perseveremus
904 2028 944 2068 in
959 2026 1040 2085 suo
1056 2026 1237 2085 servicio
1255 2026 1429 2086 son<ff0;
1457 2027 1673 2089 procedere
1696 2044 1772 2070 non
1798 2028 1976 2071 valemus

587 2113 657 2139 nec
679 2097 940 2156 retroversum
965 2098 1096 2141 redire
1112 2098 1343 2158 poffumus!
1376 2099 1420 2141 In
1444 2096 1515 2142 illa
1540 2095 1610 2142 die
1635 2098 1695 2143 ira
1721 2099 1851 2143 maris
1878 2100 1975 2144 nos-

589 2183 702 2211 trum
742 2166 870 2231 fregit
896 2165 1116 2214 foffatum.
1153 2170 1280 2214 Tunc
1311 2186 1381 2214 rex
1407 2170 1453 2213 ὃς
1484 2186 1639 2215 omnes
1663 2171 1881 2232 principes
1906 2171 1975 2229 alij

589 2255 868 2284 cucurrerunt
888 2238 945 2284 ad
962 2240 1159 2304 legatum
1177 2242 1222 2286 ὃς
1248 2239 1467 2287 dixerunt:
1498 2245 1772 2299 Peccavimus,
1799 2245 1972 2299 domine,

589 2309 629 2354 ὃ·
655 2315 791 2370 iniuste
811 2316 981 2373 egimus,
1005 2317 1255 2373 iniquitatem
1265 2316 1445 2374 fecimus
1458 2334 1472 2365 ;
1487 2315 1537 2358 da
1558 2316 1673 2358 nobis
1686 2319 1974 2374 penitentiam!

590 2386 715 2428 Pater
736 2386 893 2444 sanc‘le,
933 2403 1002 2429 ora
1031 2403 1110 2445 pro
1135 2387 1265 2443 nobis,
1308 2402 1350 2430 ut
1380 2388 1583 2430 ‘Dominus
1613 2388 1728 2430 nobis
1762 2387 1975 2447 indulgeat

587 2459 717 2514 nostra
733 2474 928 2517 peccatn;
962 2475 1052 2501 nam
1084 2475 1192 2502 mure
1222 2461 1393 2517 nostrum
1420 2460 1499 2502 iam
1525 2475 1688 2519 occupat
1712 2459 1909 2503 vallatum
1934 2459 1974 2503 6³

587 2547 673 2572 ecce
698 2531 779 2572 iam
798 2533 907 2573 venit
919 2531 1043 2590 super
1062 2548 1148 2587 nos,
1168 2529 1208 2573 ἃ
1228 2547 1360 2574 omnes
1381 2533 1622 2575 moriemur!
1647 2533 1827 2575 cAnimas
1846 2534 1975 2591 igitur

586 2604 739 2660 nostrus
755 2603 1072 2646 commendamus
1097 2604 1188 2646 ‘Deo
1201 2603 1434 2662 sanciis‘que
1455 2603 1634 2645 munibus
1660 2601 1792 2646 Tuis!
1818 2601 1863 2647 Et
1892 2600 1973 2647 do-

589 2671 732 2716 minus
758 2671 926 2735 legatus
950 2671 1201 2736 respondit:
1231 2674 1328 2732 Filij
1351 2676 1442 2730 mei,
1475 2675 1678 2719 ‘Dominus
1701 2677 1828 2733 noster
1850 2690 1973 2736 temp-

641 2791 653 2811 1
677 2780 750 2813 Cod.
771 2790 894 2812 amara.
