2216 3435
777 306 894 337 FILII
929 304 1090 337 AGAP.
1522 308 1614 352 217

240 451 347 516 (12)
369 452 414 498 O
434 452 667 498 termini&
691 452 835 514 campi
856 450 1033 507 Achon,
1052 468 1105 496 ve
1123 448 1263 506 vobis,
1285 466 1407 512 quot,
1426 452 1469 496 in
1489 449 1613 498 vobis

240 540 377 583 erunt,
403 522 547 569 donec
565 540 616 569 ex
634 524 842 586 sanguine
863 521 1062 586 gentium
1080 537 1254 566 currant
1272 538 1348 582 per
1371 539 1448 567 vos
1470 522 1613 568 rivuli!

240 611 326 640 una
350 593 439 640 dies
466 595 629 641 auferet
652 595 770 639 milia
793 595 1052 649 animarum,
1080 594 1125 637 &
1148 592 1356 655 sanguine
1380 591 1615 638 mutabitur

240 665 364 710 color
388 664 577 710 fluminis
612 667 657 710 in
680 663 985 721 rubicundum,
1018 665 1063 708 ὃ(
1090 663 1189 709 vasa
1215 664 1487 726 navigatoria
1511 680 1614 709 con-

241 736 498 799 fringentur,
524 738 569 782 &
593 736 726 782 multa
757 752 945 797 corpora
972 732 1311 797 submergentur.
1349 734 1483 779 Oculi
1515 735 1614 791 mei,

84 820 105 851 f.
124 831 181 861 119
195 832 221 851 a.
239 805 338 853 flete
361 808 633 871 sanguinem,
658 824 750 852 non
775 807 993 852 lacrimas!
1029 804 1134 868 (13)
1170 805 1215 850 Et
1239 806 1334 867 post
1368 805 1448 851 hec
1471 806 1616 851 veniet

239 898 424 944 magnus
448 899 534 940 rex,
570 883 615 926 &
639 879 871 926 descendet
905 881 949 924 in
974 879 1200 924 circuitum
1233 881 1360 923 Acon
1396 880 1441 924 ὅς
1470 895 1614 924 mora-

239 949 352 997 bitur
388 952 515 1014 super
547 969 660 1010 eam,
696 952 742 996 δε
772 951 849 996 erit
873 949 1079 995 dominus
1113 948 1276 1007 confilij
1302 951 1347 994 ἃ
1372 950 1565 1007 rationis,
1591 967 1615 994 a

236 1040 397 1086 genere
431 1039 600 1085 regum,
636 1024 682 1067 ὃς
717 1022 794 1067 erit
819 1038 918 1066 cum
946 1038 1000 1066 eo
1030 1022 1236 1066 exercitus
1271 1019 1387 1082 quasi
1412 1021 1538 1084 ignis,
1570 1022 1615 1065 ὅς

235 1109 362 1139 erunt
385 1111 539 1138 omnes
563 1091 638 1138 sub
660 1091 873 1138 mandato
896 1093 997 1137 eius.
1026 1090 1131 1155 (14)
1155 1091 1200 1136 Et
1216 1090 1420 1155 prestabit
1443 1092 1483 1137 ei
1500 1093 1614 1137 auxi-

232 1164 340 1210 lium
373 1182 446 1210 rex
479 1164 583 1210 alius
616 1166 661 1210 &
698 1164 841 1227 capiet
875 1165 1002 1209 Acon
1036 1164 1134 1209 ense
1171 1164 1263 1220 suO‚
1301 1165 1345 1209 ὃς
1387 1162 1615 1209 interficiet

233 1235 451 1298 populum
473 1237 561 1282 eius
587 1237 632 1281 &
657 1234 788 1281 ducet
820 1236 864 1280 in
889 1235 1046 1293 set-VOS,
1083 1251 1226 1296 neque
1251 1235 1412 1297 poterit
1444 1233 1614 1280 liberari

233 1305 288 1352 de
312 1325 446 1354 manu
472 1306 668 1353 habentis
700 1307 906 1353 vexillum
936 1323 1153 1352 croceum.
1191 1305 1296 1370 (15)
1325 1307 1543 1369 Optarem
1568 1323 1614 1352 ut

233 1378 350 1424 oculi
362 1380 448 1424 mei
462 1395 688 1425 cernerent
701 1394 873 1441 tempus
886 1377 1006 1436 illud,
1026 1376 1171 1423 donec
1184 1376 1411 1440 preberem
1423 1376 1497 1423 fibi
1509 1395 1612 1424 con-

233 1447 369 1494 filium
393 1448 576 1508 bonum,
601 1448 629 1494 fi
653 1449 741 1494 hoc
764 1448 868 1495 effet
892 1449 1173 1494 constitutum
1199 1468 1223 1495 a
1248 1450 1361 1494 Deo.
1396 1448 1502 1508 (16)
1530 1447 1613 1494 Sed

231 1520 329 1582 post
352 1516 518 1583 septem
538 1537 691 1583 quater
713 1522 758 1566 ἃ
783 1519 1016 1565 dimidium
1035 1522 1079 1566 ὃς
1097 1518 1214 1566 aliud
1239 1519 1468 1565 dimidium
1489 1522 1613 1566 amit-

231 1657 335 1710 11ῖέ5,
359 1669 371 1690 1
403 1658 442 1698 &
463 1658 520 1699 les
540 1673 638 1712 gens
659 1660 727 1713 qui
757 1674 806 1699 en
829 1660 885 1699 toi
908 1670 1023 1699 erent
1052 1670 1166 1699 erent
1199 1670 1315 1699 mout
1336 1658 1553 1713 angoiffex,
1574 1660 1612 1701 &

232 1729 290 1758 tes
311 1717 483 1757 maisons
505 1717 638 1758 seront
659 1718 842 1758 arousees
863 1719 916 1758 du
938 1718 1026 1758 sanc
1049 1719 1117 1759 des
1139 1718 1288 1758 occises
1309 1734 1419 1772 gens.
1443 1721 1521 1771 (12)
1546 1720 1611 1759 Ha

232 1777 416 1816 marche!
439 1778 514 1816 haa
534 1790 652 1830 camp
674 1777 823 1817 d'Acre
842 1778 847 1817 Ι
880 1777 1041 1817 doleurs
1063 1777 1136 1817 soit
1155 1792 1177 1817 a
1198 1789 1289 1818 tous
1311 1778 1449 1818 chiaus
1469 1779 1537 1832 qui
1560 1793 1609 1818 en

233 1850 333 1876 vous
355 1835 499 1886 seront,
533 1849 602 1875 car
634 1836 661 1875 li
692 1837 778 1875 rieu
809 1837 860 1875 du
890 1837 979 1876 sanc
1015 1837 1084 1876 des
1110 1851 1208 1890 gens
1238 1836 1388 1876 occises
1417 1848 1611 1877 courront

232 1895 360 1948 parmi
378 1909 479 1934 vous
502 1894 540 1934 &
561 1909 610 1934 en
627 1909 681 1934 un
697 1895 794 1949 jour
815 1907 1003 1935 morront
1019 1895 1166 1935 millies
1182 1896 1380 1935 d’ommes
1397 1908 1415 1927 2
1432 1911 1480 1935 en
1497 1910 1612 1947 vous,

233 1953 270 1993 &
293 1953 330 1993 la
355 1953 549 1994 coulours
571 1953 636 1993 del
657 1953 739 1993 flun
771 1954 850 1994 sera
879 1956 997 1994 muee
1026 1969 1075 1994 en
1106 1969 1230 2008 rouge
1257 1954 1431 1994 coulour
1453 1969 1555 2008 pour
1575 1955 1612 1995 le

232 2012 337 2063 sanc,
371 2013 410 2053 &
445 2023 562 2052 mout
589 2011 722 2052 vaiffel
754 2024 925 2053 courant
947 2028 1016 2067 par
1051 2013 1086 2053 le
1108 2027 1193 2053 mer
1225 2029 1249 2067 y
1276 2013 1409 2053 seront
1438 2013 1551 2054 brifie
1572 2014 1611 2054 ὅτ

231 2082 348 2111 mout
377 2071 427 2110 de
447 2085 544 2124 gens
565 2072 693 2112 noies.
715 2072 845 2123 vous,
875 2073 928 2111 mi
957 2074 1049 2124 ami,
1083 2072 1246 2126 ploures
1268 2072 1306 2112 &
1327 2070 1353 2111 fi
1375 2072 1474 2113 soies
1496 2084 1612 2113 mout

231 2129 398 2182 dolant3
414 2161 422 2169 .
454 2131 534 2184 (13)
556 2129 610 2169 Et
630 2131 746 2184 apres
769 2131 858 2170 iche
879 2145 1002 2170 venra
1032 2146 1105 2171 uns
1125 2144 1244 2185 grans
1276 2146 1367 2184 roys
1389 2131 1426 2171 &
1447 2131 1610 2171 descen-

231 2190 327 2229 dera
353 2191 499 2229 devant
520 2190 630 2229 Aere
658 2189 697 2230 &
725 2191 942 2229 demourra
971 2191 1076 2230 iluec
1109 2205 1213 2242 pour
1240 2190 1402 2240 ichelui,
1436 2189 1475 2230 &
1503 2190 1529 2230 fi
1550 2203 1611 2231 ert

230 2247 322 2288 sires
343 2248 393 2288 de
414 2248 562 2288 conseil
584 2248 623 2288 &
644 2250 693 2288 de
715 2249 856 2299 raison,
877 2249 915 2290 δε
931 2249 954 2289 fi
971 2261 1032 2289 ert
1053 2250 1101 2289 de
1123 2249 1265 2303 lignies
1286 2250 1336 2288 de
1358 2263 1463 2304 roys,
1485 2249 1523 2289 &
1544 2263 1611 2288 ara

230 2321 356 2347 aveuc
391 2306 445 2346 lui
478 2318 595 2360 grant
621 2307 680 2347 ost
710 2308 871 2348 bruiant
892 2309 983 2348 aussi
1003 2323 1166 2348 comme
1199 2310 1254 2359 fu,
1288 2308 1326 2348 &
1347 2319 1458 2348 erent
1479 2319 1569 2348 tout
1589 2323 1611 2348 a

231 2365 297 2406 son
320 2365 469 2406 conseil
492 2366 530 2406 &
551 2381 572 2406 a
593 2366 661 2406 son
683 2368 1055 2407 commandement.
1079 2369 1157 2420 (14)
1193 2367 1246 2407 Et
1267 2382 1341 2408 uns
1363 2379 1495 2408 autres
1517 2382 1609 2422 roys

71 2435 90 2465 f.
111 2436 166 2474 148
184 2438 210 2466 d.
231 2425 255 2464 li
275 2425 410 2465 aidera
427 2423 503 2465 &fi
522 2427 720 2478 prendera
735 2427 843 2466 Aere
860 2441 929 2480 par
946 2428 1086 2467 forche
1103 2428 1141 2468 δι
1157 2428 1181 2468 s1
1199 2443 1247 2467 en
1267 2439 1380 2468 tuera
1397 2427 1432 2467 le
1451 2425 1610 2480 pueple,

231 2483 268 2524 &
299 2498 429 2523 aucun
463 2498 655 2524 enmenra
683 2500 732 2525 en
764 2485 937 2539 servage,
971 2486 1009 2526 &
1043 2484 1068 2525 sl
1100 2501 1151 2527 ne
1181 2501 1299 2540 porra
1329 2488 1408 2526 mie
1438 2485 1609 2526 delivrer

222 2542 474 2596 Jherusalem
511 2544 579 2584 des
610 2545 738 2585 mains
773 2544 906 2585 chelui
938 2546 1006 2599 qui
1043 2557 1158 2599 porte
1195 2546 1231 2586 le
1265 2561 1396 2600 gaune
1431 2545 1607 2585 baniere.

231 2603 310 2654 (15)
340 2602 389 2654 je
419 2603 586 2641 vauroie
617 2603 717 2642 estre
747 2613 864 2642 mout
893 2602 1112 2644 volentiers
1141 2618 1163 2643 a
1194 2605 1282 2644 chel
1319 2616 1406 2644 tans
1437 2602 1608 2656 dusques

229 2671 338 2700 atant
360 2675 438 2714 que
469 2661 511 2714 je
534 2660 559 2700 li
582 2659 687 2701 euffe
708 2663 843 2702 donne
866 2662 959 2701 boin
983 2662 1147 2713 conseil,
1179 2662 1217 2703 &
1248 2663 1283 2703 se
1312 2664 1387 2703 che
1421 2661 1537 2702 estoit
1558 2662 1608 2700 de

280 2773 292 2793 1
317 2764 412 2796 Corr.
437 2761 595 2795 oscurtes.
618 2782 659 2786 —
687 2776 705 2796 2
727 2765 819 2797 Corr.
842 2763 980 2795 d’ames.
1004 2783 1045 2786 —
1070 2775 1085 2804 3
1108 2765 1285 2807 Corruptus
1308 2763 1360 2796 hic
1378 2763 1518 2797 viderur
1536 2769 1608 2794 tex-

227 2820 290 2858 tus5
309 2814 420 2857 ‘versio
440 2816 468 2849 B
487 2814 587 2848 latino
606 2816 736 2860 propior
754 2816 808 2860 est;
825 2816 942 2849 ambas
957 2823 1063 2849 tamen
1081 2816 1190 2858 amici,
1206 2823 1268 2861 pro
1282 2817 1381 2858 oculi,
1394 2816 1497 2860 legg‘ffe
1508 2821 1605 2858 patet.

1464 2890 1504 2919 28
