2216 3435
508 656 724 716 BEDA
774 656 1291 732 VENERABJLJS

351 857 489 942 DE
560 856 900 944 LOCIS
962 837 1456 944 SANCTIS

783 1084 807 1110 >k
888 1107 912 1134 *
994 1085 1019 1111 >k

807 1282 1006 1306 CAPITULA.

483 1372 621 1410 (Numeri
637 1372 667 1402 in
691 1371 853 1412 parenthefi
871 1371 1003 1402 indicant
1017 1372 1142 1412 capitula
1159 1373 1299 1410 Arculfi.)

369 1476 389 1517 1
425 1477 507 1530 (lib.
530 1492 602 1531 pr.,
616 1478 664 1531 j).
686 1478 749 1518 De
759 1477 839 1534 sttu
860 1475 1123 1534 Hierusalem.

353 1534 391 1576 II
425 1536 516 1590 (vij,
536 1537 598 1590 vj,
620 1537 667 1590 ij,
688 1537 753 1591 iij,
774 1537 834 1588 iv,
854 1551 900 1588 v,
921 1537 1012 1591 viij,
1038 1538 1092 1589 x).
1121 1538 1184 1578 De
1212 1536 1359 1592 ecclesia
1379 1538 1587 1592 Constanti-

423 1597 540 1636 niana
572 1597 616 1636 Εἴ
646 1595 895 1649 Golgothana,
927 1597 969 1636 de
995 1596 1143 1652 ecclesia
1168 1594 1444 1653 resurree‘lionis
1470 1598 1514 1637 ἔθ’
1545 1599 1587 1638 de

413 1652 592 1710 sepulcro
612 1655 778 1706 Domini,
798 1656 841 1695 de
860 1655 984 1709 lapide
1005 1656 1059 1695 ad
1081 1655 1205 1710 ostium
1225 1656 1445 1695 monumenti
1466 1658 1585 1697 advo-

422 1714 508 1765 luto,
524 1715 567 1754 de
582 1714 729 1770 ecclesia
745 1714 871 1754 Same
886 1714 1040 1765 Maria,
1059 1716 1101 1754 de
1120 1714 1231 1755 calice
1246 1714 1403 1754 Domini
1420 1716 1465 1755 ὅθ’
1476 1716 1588 1771 spon-

421 1773 503 1826 gia,
522 1774 565 1812 de
586 1773 710 1813 altare
729 1772 947 1824 Abraham,
967 1774 1009 1812 de
1029 1773 1160 1813 lancea
1181 1773 1315 1814 militis.

325 1830 386 1872 [H
421 1833 463 1885 (j,
488 1832 569 1882 xix,
589 1831 688 1885 xiij).
710 1832 774 1871 De
799 1833 939 1886 templo,
964 1833 1006 1871 de
1033 1832 1191 1872 oratorio
1215 1832 1525 1885 Sarracenorum,
1545 1836 1587 1875 de

422 1891 606 1949 Bethesda
620 1891 776 1948 pffcina,
792 1892 833 1930 de
836 1891 945 1944 fonte
961 1891 1064 1942 Siloe,
1086 1892 1128 1930 de
1143 1891 1292 1947 ecclesia
1303 1893 1418 1948 super
1436 1902 1586 1934 montem

426 1950 506 1990 Sion
520 1951 711 2003 fundata,
738 1951 779 1989 de
809 1950 881 1990 loco
914 1950 1150 2003 lapidationis
1166 1951 1295 2008 sandi
1321 1951 1513 2006 Stephani,
1545 1953 1587 1993 de

425 2009 538 2049 medio
557 2009 697 2048 mundi.

330 2066 392 2109 IV
429 2068 498 2122 (xj,
526 2067 611 2121 xij).
646 2067 710 2106 De
727 2068 891 2125 sudario
924 2068 1054 2120 eapitis
1085 2068 1241 2108 Domini
1268 2069 1312 2108 {5⁷
1343 2068 1416 2108 alio
1448 2068 1586 2108 maiore

422 2127 529 2166 linteo
550 2143 573 2166 a
582 2127 721 2184 sanlla
741 2126 890 2166 Maria
910 2127 1075 2180 consisto.

351 2186 390 2226 V
425 2186 522 2239 (xxj,
541 2200 606 2236 xv,
626 2187 710 2238 xvj,
731 2186 826 2237 xiv).
847 2186 911 2225 De
926 2185 1009 2226 locis
1024 2186 1125 2225 circa
1142 2185 1404 2244 Hierusalem,
1425 2187 1467 2226 de
1482 2186 1586 2227 valle

426 2244 615 2302 Iosaphat,
623 2245 844 2302 sepulcrum
865 2244 937 2283 eius
957 2244 1187 2297 aliorumque
1207 2245 1252 2283 ἐῢ
1271 2244 1455 2300 ecclestam
1475 2247 1585 2286 conti-

426 2312 540 2355 nente,
558 2304 596 2342 in
617 2318 691 2356 qua
699 2303 854 2360 sepulta
862 2304 950 2357 fuit
956 2304 1095 2361 sanda
1116 2303 1278 2344 Maria.

330 2360 391 2402 VI
425 2361 551 2416 (xviij,
584 2362 666 2414 xx).
700 2362 764 2402 De
795 2361 881 2414 loco,
913 2362 976 2402 ubi
995 2363 1199 2421 suspensus
1232 2362 1282 2416 est
1312 2362 1439 2415 Iudas,
1470 2366 1514 2405 &
1542 2365 1585 2404 de

428 2421 665 2461 Akeldemac.

309 2477 393 2521 VII
428 2480 539 2534 (xxij,
554 2481 665 2534 xxiij,
681 2481 788 2530 xxiv,
803 2481 911 2533 xxv).
929 2481 992 2520 De
1007 2490 1121 2520 monte
1138 2480 1294 2532 oliveti,
1308 2483 1352 2522 Εἴ
1369 2481 1517 2538 ecclesia
1535 2482 1588 2522 ibi

414 2540 603 2593 fundata,
625 2540 688 2579 ubi
705 2540 889 2579 Dominus
914 2541 969 2580 ad
990 2540 1077 2580 celos
1097 2541 1268 2598 ascendit,
1295 2541 1337 2581 de
1363 2551 1586 2582 monumento

427 2599 585 2639 Lazari
602 2601 646 2641 {9³
665 2599 709 2639 de
728 2599 837 2639 tertia
858 2599 1018 2655 ecclesta.

287 2656 392 2699 VIII
426 2658 509 2711 (lib.
532 2658 619 2709 sec.,
633 2659 665 2711 j,
685 2658 725 2712 ij,
747 2659 801 2712 iij,
822 2659 874 2709 iv,
895 2673 931 2709 v,
952 2659 1005 2712 vj,
1025 2659 1108 2711 vij).
1131 2658 1193 2698 De
1203 2657 1282 2714 sttu
1300 2659 1517 2711 Bethlehem,
1536 2663 1581 2702 ἔθ’

428 2718 470 2757 de
485 2716 645 2772 ecclesta,
679 2718 742 2757 ubi
773 2727 880 2757 natus
901 2719 988 2772 suit
1018 2719 1219 2770 Dominus,
1253 2720 1297 2758 {3⁵
1335 2720 1377 2760 de
1398 2720 1583 2778 sepulcris

430 2777 628 2817 David&
644 2777 921 2830 Hieronymi&
937 2779 1050 2817 trium
1070 2779 1260 2832 pastorum
1277 2794 1406 2818 necnon
1425 2778 1581 2819 Rachel.
