2216 3435
490 234 514 277 1.
551 243 909 277 1T1NERAR1UM
933 243 972 277 A
995 244 1145 277 BoRD.
1179 245 1371 278 HIEROS.
1570 233 1640 288 xijj

259 398 402 430 tantum
421 389 536 429 codice
555 388 805 446 manuscripto
820 398 831 419 1
852 388 906 428 uti
919 388 1047 441 potuit,
1059 388 1097 427 in
1112 388 1341 442 praefatione
1356 390 1466 430 dicit.-
1486 407 1502 428 <x
1518 391 1639 434 Nous

263 471 280 493 <z
303 453 456 495 l’avons
485 452 735 494 collationne
755 467 853 493 avec
875 452 912 493 le
939 463 1047 493 texte
1069 452 1206 506 publie'
1229 467 1299 506 par
1326 452 1567 509 Wess'eling,
1601 457 1640 497 &

263 536 278 557 «
304 533 407 559 nous
427 532 553 559 avons
574 518 707 558 releve
738 519 835 558 dans
856 533 902 558 ce
933 528 1042 558 texte
1063 518 1132 558 des
1158 518 1286 558 fautes
1316 517 1420 559 affez
1440 534 1594 574 graves.
1621 540 1636 559 »

260 584 392 638 Neque
423 585 631 638 negandum
659 584 763 624 illam
789 584 973 624 editionem
984 584 1082 642 satis
1112 585 1333 624 commodam
1367 586 1462 640 ff‚·
1493 587 1530 626 in
1566 603 1641 641 qua

259 659 382 702 nempe
400 648 437 688 in
457 648 576 688 tribus
595 648 766 688 columnis
781 647 975 704 pcfitistnt
991 649 1149 699 numeri,
1165 658 1242 689 tum
1273 650 1431 701 romani,
1447 659 1523 691 tum
1544 667 1640 693 ara-

260 714 340 764 bici‚
360 713 404 752 ἔθ’
424 713 581 752 locorum
601 713 810 753 intervalla
831 714 879 752 ab
898 714 973 771 ipso
993 713 1114 766 Lapie
1135 715 1321 767 recognita
1338 715 1382 755 Εἴ
1401 716 1455 755 ad
1461 716 1641 757 milliares

259 778 443 819 columnas
471 784 615 818 exaaa.
651 777 704 817 Ut
736 779 853 832 operis
871 778 1029 835 summa
1057 778 1238 819 intelleeiu
1261 780 1419 833 facilius
1452 780 1641 830 evaderet,

258 851 431 883 curatum
446 842 555 882 etiam
570 844 620 895 est
628 851 670 881 ut
682 842 872 898 divisiones
887 859 911 882 a
926 843 1088 895 qualibet
1103 845 1243 884 maiore
1252 845 1410 902 summa
1421 846 1476 885 ad
1479 845 1641 903 sequen-

258 917 326 949 tem
348 908 388 961 (a
407 906 453 947 fit
469 910 522 948 ad
533 906 591 960 fit)
613 909 777 948 romanis
796 909 959 948 numeris
978 918 1212 959 notarentur,
1232 910 1286 950 ita
1307 919 1349 950 ut
1361 909 1525 951 XVIII
1539 910 1640 950 divi-

248 973 597 1030 stonesfae't'aestnt,
613 990 705 1028 quas
719 990 779 1028 ego
794 975 1006 1033 maiusculis
1026 976 1095 1015 vel
1103 975 1309 1016 uncialibus
1329 976 1457 1017 litteris
1480 977 1639 1028 distinxi.

310 1039 452 1080 Multa
488 1040 525 1078 in
561 1037 776 1080 Itinerario
811 1040 912 1080 bodie
947 1040 1154 1095 defiderari
1189 1041 1265 1081 iam
1290 1042 1423 1099 supra
1456 1043 1613 1083 diximus
1624 1063 1640 1089 ;

253 1103 287 1158 fi
314 1105 392 1158 quis
428 1105 534 1156 enim,
570 1106 608 1145 in
645 1106 716 1158 isia
747 1106 1086 1164 manuscriptorum
1122 1107 1348 1146 auxiliorum
1384 1107 1522 1160 inopia,
1555 1107 1640 1146 mil-

257 1169 456 1209 liariorum
472 1170 659 1228 summas,
697 1186 780 1223 quae
808 1171 1027 1224 plerumque
1052 1171 1178 1230 falsae
1192 1172 1300 1229 sunt,
1338 1173 1526 1225 corrigere
1561 1182 1640 1213 ten-

257 1233 422 1288 taviffi²t‚
455 1244 496 1274 ut
525 1235 663 1289 singuli
693 1237 840 1275 numeri
878 1252 958 1276 cum
1003 1237 1167 1277 numeris
1205 1253 1230 1277 a
1268 1238 1394 1278 ceteris
1430 1239 1641 1280 auc't'oribus

255 1300 425 1340 indicatis
446 1301 668 1341 concordare
688 1301 821 1356 ῥίψω
841 1302 897 1353 (ut
913 1302 1011 1342 nihil
1031 1302 1152 1342 dicam
1179 1303 1220 1341 de
1247 1302 1405 1342 locorum
1426 1304 1639 1356 nominibus,

257 1379 339 1418 quae
365 1365 474 1405 etiam
496 1365 701 1419 diligentius
721 1368 766 1406 {9⁹
785 1368 982 1408 correalus
989 1367 1197 1425 scribenda
1218 1369 1358 1423 effint),
1377 1384 1446 1408 non
1462 1379 1636 1423 parvum
1704 1416 1709 1424 Ι,

256 1429 398 1483 quidem
415 1429 578 1470 laborem
602 1430 865 1488 (ffumpstffit;
885 1433 990 1484 quod,
1010 1432 1172 1488 expositis
1192 1433 1332 1487 aliquot
1350 1434 1532 1488 exemplis,
1545 1445 1637 1489 pro-

256 1496 347 1536 bare
354 1495 544 1550 facillime
559 1496 708 1551 poffim:

309 1559 354 1599 In
370 1560 668 1613 peregrinatione
691 1561 820 1614 quippe
839 1561 907 1601 illa
926 1560 1135 1603 invenimus
1153 1563 1237 1603 inde
1258 1564 1370 1622 usque
1391 1565 1445 1605 ad
1466 1563 1553 1605 Tolo
1575 1581 1635 1605 am

230 1670 233 1672 ,
253 1625 389 1678 leugas
411 1625 456 1664 ὅθ’
475 1641 500 1665 a
524 1624 657 1683 Tolosa
678 1625 818 1676 millia,
833 1626 1041 1683 secundum
1062 1628 1238 1686 diversas
1258 1629 1436 1681 editiones,
1463 1631 1635 1672 106-108

253 1689 387 1730 leucas
409 1690 452 1729 Εἴ
472 1702 649 1743 211-214
669 1690 809 1742 millia,
840 1692 1044 1750 insunzma
1064 1705 1254 1748 317-322.
1289 1695 1437 1735 Deinde
1457 1710 1549 1736 vero
1563 1706 1637 1750 pro

241 1756 396 1814 summa
411 1755 541 1795 codices
555 1756 723 1796 exhibent
735 1768 825 1810 372,
840 1757 939 1797 nullo
959 1758 1170 1816 discrimine
1184 1761 1281 1801 inter
1296 1759 1433 1814 leugas
1451 1761 1495 1800 ἔθ’
1511 1759 1638 1800 millia

240 1821 378 1876 faeto;
398 1836 508 1874 quum
530 1830 651 1861 autem
659 1823 818 1880 summa
844 1823 917 1875 isia
946 1824 1058 1864 multo
1089 1826 1211 1866 maior
1218 1825 1285 1882 stt,
1312 1827 1506 1882 poſjumus
1525 1826 1637 1878 leugis

248 1887 364 1940 paulo
380 1887 466 1940 plus
475 1887 601 1944 spatij
615 1902 725 1940 quam
745 1888 934 1929 milliariis
954 1889 1108 1943 largiri.

306 1951 392 1990 Iam
411 1951 656 1991 intervallum
689 1968 714 1992 a
734 1952 880 1992 Sirmio
909 1954 964 1993 ad
985 1953 1192 1995 Sardicam
1215 1955 1270 2009 (p.
1290 1956 1376 2011 8-9)
1414 1956 1452 1995 in
1480 1955 1636 2011 diversts

252 2015 513 2073 manuscriptis
532 2017 633 2056 codd.
659 2032 811 2057 numero
830 2029 908 2071 314
928 2027 1079 2058 notatur
1091 2039 1107 2065 ,·
1138 2020 1175 2059 in
1200 2019 1404 2076 Paristenst
1433 2030 1556 2061 autem
1577 2036 1636 2061 co-

252 2081 328 2120 dice
347 2092 421 2134 317
444 2082 489 2120 {3⁵
507 2082 545 2121 in
571 2081 771 2134 Veronensi
787 2083 865 2135 284
884 2083 1003 2123 millia
1024 2084 1240 2137 reperimus.
1269 2086 1431 2144 Insuper
1460 2086 1634 2126 animad-

251 2147 484 2198 vertendum,
500 2147 599 2201 quod
621 2147 659 2187 in
688 2147 750 2187 hoc
774 2148 909 2199 ultimo,
941 2150 996 2189 ad
1021 2150 1099 2189 tria
1128 2151 1276 2190 nomina
1305 2166 1387 2204 quae
1405 2151 1633 2210 sequuntur,

238 2211 387 2265 scilicet
403 2213 451 2251 ad
464 2211 630 2252 Sextum
649 2213 699 2267 (p.
715 2212 752 2264 8,
773 2213 836 2254 lin.
849 2214 1019 2268 penult.),
1040 2215 1212 2255 mutatio
1234 2214 1508 2256 Sarmatorum
1530 2218 1580 2271 (p.
1596 2231 1634 2272 9,

250 2276 314 2317 lin.
340 2278 471 2331 13)‚&
491 2278 663 2318 mutatio
685 2278 907 2320 Redicibus
925 2280 1026 2334 (pag.
1046 2294 1084 2334 9,
1105 2280 1167 2321 lin.
1194 2280 1254 2334 18)
1277 2296 1517 2321 numerorum
1538 2282 1635 2335 deest

250 2343 395 2394 notatio,
419 2357 574 2396 quorum
582 2344 739 2401 summa
746 2344 888 2401 fuiſjet
907 2357 954 2399 31
979 2346 1110 2397 millia,
1129 2347 1184 2386 ita
1214 2355 1265 2397 ut,
1280 2346 1321 2402 st
1339 2347 1417 2400 quis
1437 2362 1632 2388 numerum

248 2408 356 2461 istum
383 2408 547 2466 summae
585 2409 783 2460 addiderit,
831 2411 1075 2461 concordiam,
1099 2411 1139 2466 st
1175 2427 1243 2451 non
1277 2412 1500 2466 perfeetam,
1538 2422 1633 2453 certe

237 2473 338 2531 satis
357 2488 547 2526 magnam,
567 2474 664 2514 inter
684 2474 852 2533 diversos
871 2475 1002 2515 codices
1018 2475 1205 2527 exprimet.
1227 2475 1303 2516 Illa
1323 2476 1487 2530 exempla
1508 2477 1635 2518 lec'tori

270 2552 292 2576 u
341 2552 420 2577 cere
439 2539 622 2579 arbitror.

238 2535 622 2655 sſjilfdanuscriptos
623 2598 795 2654 zmpreff'
785 2599 884 2658 sque
911 2600 1044 2640 codices
1075 2601 1240 2641 breviter
1268 2601 1482 2642 indicandos
1501 2568 1631 2660 censeo.

302 2752 314 2773 1
338 2739 499 2773 Biblioth.
520 2747 606 2781 nat.‚
626 2739 683 2773 lat.
706 2745 810 2783 4808.
