2216 3435
534 273 917 309 HODOEPORICON
953 274 984 307 S.
1011 272 1333 305 WILLIBALDI.
1522 269 1611 321 257

254 419 366 478 villa,
393 420 438 464 ὅ(
476 415 669 463 sedentes
694 414 752 460 ibi
776 415 900 478 super
924 415 1185 477 marginem,
1210 410 1437 474 tingebant
1457 427 1618 473 panem

250 491 293 536 in
311 507 424 552 aqua
439 491 483 535 &
500 487 556 533 fic
573 485 913 533 manducabant.
934 486 979 530 Et
999 484 1098 530 inde
1119 482 1388 529 ambulantes
1407 497 1617 527 venerunt

250 562 366 606 secus
391 577 509 605 mare
535 557 591 603 ad
621 556 773 603 urbem
798 558 1034 613 Srrobolem,
1053 566 1071 583 Δ
1098 556 1140 599 in
1172 569 1372 599 montem
1397 553 1621 598 excelsum.

251 632 295 677 Er
312 630 414 677 inde
431 629 553 675 ibant
575 630 618 673 in
636 629 800 685 locum,
826 629 900 689 qui
917 626 1071 672 dicitur
1091 630 1259 684 Patara,
1277 624 1292 651 ἶ)
1310 626 1354 669 6<
1372 623 1457 668 illic
1478 639 1621 667 mora-

251 701 420 759 bantur,
446 701 578 761 usque
615 698 720 744 dum
744 698 894 744 hiemis
932 697 1074 760 gelide
1107 694 1374 741 horrendum
1405 694 1625 756 preteriret

253 773 393 835 frigus.
417 772 461 817 Et
478 771 628 833 postea
645 786 747 815 tunc
764 769 866 815 inde
886 771 1138 831 navigantes
1154 782 1365 812 venerunt
1383 764 1438 810 ad
1458 764 1623 822 urbem,

254 861 335 905 que
351 858 531 889 vocatur
549 842 708 887 Milite
726 861 740 893 ;
762 841 832 885 illa
852 841 931 885 fuit
955 838 1182 901 quondam
1209 837 1262 883 de
1281 838 1401 899 aquis
1420 837 1620 899 peritura.

255 913 315 960 lbi
338 912 543 959 sedebant
566 910 655 956 duo
676 912 845 968 solitarij
871 913 915 956 in
939 911 1089 968 stulite,
1115 908 1158 954 id
1179 909 1236 954 est
1262 907 1468 953 fabricata
1497 923 1627 967 atque

254 983 423 1029 firmata
450 1000 548 1028 cum
572 999 697 1026 muro
722 998 890 1044 magno
928 980 981 1026 de
1005 978 1236 1042 lapidibus,
1253 990 1265 1007 ⁶
1288 978 1414 1024 valde
1447 979 1628 1035 summa,

255 1072 300 1101 ut
322 1072 437 1116 aqua
460 1053 539 1099 illis
565 1070 723 1098 nocere
748 1070 839 1097 non
864 1053 1003 1114 poffit.
1030 1051 1073 1096 Et
1098 1050 1198 1095 inde
1227 1047 1633 1095 transfretaveruntd

259 1125 314 1171 ad
329 1141 528 1170 montem
543 1126 838 1170 Gallianorum.
856 1135 868 1152 Ρ
893 1122 996 1168 lllud
1018 1123 1095 1167 fuit
1108 1138 1251 1168 totum
1271 1122 1630 1184 tranlmigratum.

259 1197 303 1243 Et
338 1196 398 1242 ibi
431 1197 519 1241 acri
568 1196 691 1241 famis
726 1195 900 1240 restricti
934 1195 1105 1240 fuerunt
1134 1194 1192 1238 illi
1226 1194 1467 1256 asperitate,
1502 1192 1561 1236 ita
1588 1205 1633 1235 ut

257 1267 401 1313 inedia
423 1268 535 1312 intus
560 1267 732 1312 lacerati
749 1266 924 1312 letalem
940 1267 1027 1310 iam
1051 1265 1169 1310 diem
1194 1266 1344 1310 mortis
1365 1261 1635 1309 metuerentf

258 1339 503 1398 imminere3
537 1336 609 1383 sed
642 1338 924 1399 omnipotens
951 1337 1220 1399 populorum
1253 1336 1398 1398 pastor
1420 1333 1632 1398 pabulum

258 1410 340 1455 suis
361 1409 545 1472 prestare
570 1407 774 1471 dignatus
799 1409 856 1453 est
880 1406 1152 1470 pauperibus.

324 1480 369 1526 Et
391 1479 494 1525 inde
514 1480 769 1542 navigantes
794 1496 1005 1526 venerunt
1029 1480 1071 1524 in
1097 1479 1280 1524 insulam
1305 1479 1519 1540 Cyprum,
1553 1496 1636 1540 que

260 1550 318 1596 est
353 1552 466 1596 inter
489 1552 658 1596 Grecos
684 1552 729 1596 ὃ(
757 1552 1030 1609 Sarracenos,
1068 1548 1123 1594 ad
1148 1548 1299 1595 urbem
1319 1554 1475 1611 Papho,
1507 1551 1551 1595 ὅ(
1582 1549 1641 1595 ibi

263 1621 439 1668 fuerunt
464 1638 545 1667 tres
575 1620 876 1667 hebdomadas
902 1621 1086 1667 Pascheg
1105 1622 1200 1683 post
1220 1623 1322 1667 anni
1348 1621 1567 1667 circulum.
1596 1622 1642 1667 Et

264 1692 366 1738 inde
405 1692 526 1739 ibant
549 1691 605 1738 ad
631 1691 782 1739 urbem
810 1697 1094 1753 Constantiam,
1121 1690 1194 1737 ubi
1225 1693 1448 1754 requiescit
1472 1693 1640 1738 sancius

267 1763 542 1826 Epiphanius,
568 1766 612 1809 ὅς
636 1762 694 1809 ibi
719 1763 1001 1810 morabantur
1026 1764 1159 1824 usque
1185 1764 1280 1825 post
1298 1764 1486 1810 natalem
1510 1764 1642 1810 sancti

271 1834 471 1881 Iohannis
490 1835 686 1898 Baptiste.

451 1944 545 1986 XII.
574 1944 831 1997 cAntaradus,
858 1946 990 1998 cArca,
1015 1945 1152 2002 Emesa
1164 1962 1178 1993 ,⁴
1202 1946 1429 2003 captivitas.
1450 1943 1466 1969 '¹

335 2047 379 2093 Et
408 2046 508 2092 inde
536 2048 788 2110 navigantes
819 2063 1026 2093 venerunt
1050 2049 1092 2092 in
1127 2049 1352 2111 regionem
1388 2049 1640 2095 Sarraceno-

276 2135 388 2176 rum,
419 2118 460 2162 in
487 2117 638 2163 urbem
672 2121 892 2163 ‘narratas
923 2118 1038 2164 secus
1064 2135 1194 2163 mare.
1233 2117 1277 2164 Et
1316 2118 1417 2164 inde
1453 2118 1645 2165 ambula-

272 2189 453 2235 verunti
482 2189 606 2251 super
637 2206 799 2235 novem
829 2205 901 2234 aut
936 2188 1173 2235 duodecim
1204 2189 1397 2235 milliaria
1421 2190 1477 2235 ad
1502 2192 1646 2237 castel-

272 2258 378 2317 lum,
405 2258 526 2319 quod
556 2259 712 2305 dicitur
735 2265 894 2319 <=Arcl1e3
926 2263 970 2306 ἃ
995 2259 1052 2305 ibi
1078 2261 1155 2305 fuit
1181 2261 1408 2323 episcopus
1439 2260 1492 2305 de
1517 2277 1648 2324 gente

274 2330 535 2388 Grecorum‚
563 2328 709 2391 ibique
739 2329 1001 2376 habebatur-i
1030 2331 1176 2376 litania
1207 2330 1442 2376 secundum
1470 2332 1647 2376 consue-

274 2398 470 2444 tudinem
497 2417 659 2446 eorum.
699 2400 743 2446 Et
772 2400 874 2446 inde
903 2417 1132 2464 pergentes
1158 2401 1215 2446 illi
1239 2400 1571 2448 ambulaverunt
1593 2401 1649 2447 ad

278 2468 429 2515 urbem
460 2487 545 2532 que
577 2487 760 2517 vocatur
789 2476 944 2534 Emesa,
962 2474 975 2501 ὦ
999 2471 1234 2517 duodecim
1259 2472 1467 2518 milliaria.
1504 2471 1561 2517 lbi
1594 2473 1649 2517 est

323 2626 352 2646 a.
383 2615 454 2647 Mb.
479 2614 698 2647 Strobrolem.
720 2635 765 2639 —
791 2617 819 2648 b.
848 2616 920 2649 Mb.
1009 2617 1651 2661 C.Pa1npho&pasche.—h.‘Tit11lusd.

279 2667 407 2699 Patera.
418 2679 500 2700 —-c.
515 2669 585 2701 Mb.
596 2667 741 2712 lapideis:
756 2669 840 2700 —d.
852 2671 920 2703 Mb.
1009 2669 1041 2701 in
1051 2671 1134 2710 Mb„
1146 2672 1178 2702 C.
1190 2690 1231 2693 —
1252 2669 1270 2701 i.
1282 2671 1363 2710 Mb„
1377 2672 1405 2703 C
1421 2671 1651 2703 ambulabant.

277 2719 547 2752 transfretabant.
571 2741 610 2744 —
634 2733 660 2753 e.
681 2722 752 2754 Mb.
773 2722 924 2754 Gaiano·
1010 2741 1047 2746 -—
1075 2724 1097 2765 j.
1124 2724 1205 2762 Mb„
1237 2725 1267 2755 1⁸.
1289 2723 1467 2756 habebant.
1492 2744 1530 2748 —
1564 2724 1597 2756 k.
1620 2726 1651 2756 C.

278 2784 408 2805 rum.—
419 2773 440 2806 f.
455 2774 523 2806 Mb.
535 2775 738 2807 metuebant.
749 2777 922 2819 —g.Mb.‚
1010 2775 1152 2818 Emifl‘a3
1165 2777 1231 2809 Mb.
1246 2776 1370 2809 Smiffa.

1467 2858 1504 2888 33

1656 1442 1673 1459 δ
