2216 3435
519 278 898 312 HoDOEPoRmoN
933 281 964 313 s.
1003 280 1324 315 WILLIBALDI.
1521 275 1608 336 245

246 425 345 489 gelij
370 425 550 488 gratiam
575 440 689 469 certa
707 423 1067 484 demonstrantur,
1093 426 1162 472 ille
1174 425 1363 486 videbat,
1388 428 1461 474 sed
1483 431 1614 475 etiam

244 496 336 559 ipsa
367 511 572 540 terrarum
599 494 713 553 loca,
748 493 821 540 ubi
852 496 1069 542 Dominus
1101 498 1242 543 noster
1267 499 1502 559 nascendo,
1537 518 1614 563 pa-

246 565 394 612 tiendo
419 582 471 610 ac
488 564 750 628 resurgendo
774 564 899 611 nobis
917 569 1130 630 apparuit,
1157 570 1202 613 ὅ(
1228 569 1507 615 nihilominus
1531 571 1613 616 alia

245 635 549 700 prodigiorum
571 637 865 698 virtutumque
889 638 1077 701 vestigia,
1118 657 1201 701 que
1225 641 1443 685 Dominus
1469 642 1514 685 in
1534 642 1613 686 isto

246 706 351 753 orbe
375 722 581 752 terrarum
607 705 864 768 depromere
883 707 1193 772 diffamareque
1218 709 1420 774 dignatus
1446 712 1517 770 est,
1543 712 1614 757 ille

245 779 466 842 perspicax
493 779 738 823 nostrorum
769 778 1029 843 pedagogus
1068 783 1266 827 omnium
1301 784 1450 827 omnia
1484 783 1614 828 trans-

245 848 452 906 meando,
487 847 572 894 fide
603 847 812 907 robustus,
848 851 936 895 fato
963 851 1205 898 fortunatus
1230 854 1471 915 procaciter
1494 870 1615 915 pera-

244 937 387 985 granS,
424 921 573 966 omnia
602 919 814 967 visitando
842 922 1082 985 reperiebat
1105 941 1234 985 atque
1263 922 1448 970 videbat.
1487 924 1616 971 Unde

243 1008 360 1037 nunc
384 1009 512 1052 certe,
543 1010 588 1039 ut
610 995 669 1039 ita
693 993 852 1052 dicam,
888 995 992 1039 mihi
1029 993 1200 1040 videtur
1233 993 1314 1040 effe
1349 1012 1615 1057 protervum,

246 1062 366 1125 quod
393 1064 469 1109 ista
498 1065 647 1110 omnia
682 1081 806 1109 muto
848 1066 1090 1111 tenacitatis
1114 1064 1293 1124 silentio,
1330 1066 1533 1128 oppilatis
1556 1067 1615 1112 la-

245 1132 338 1189 biis,
365 1133 556 1180 humana
580 1152 720 1180 taceat
741 1135 905 1199 lingua,
938 1153 1021 1198 que
1046 1137 1264 1181 Dominus
1291 1137 1367 1181 suo
1395 1137 1515 1182 servo
1541 1155 1618 1200 per

247 1205 408 1267 proprij
428 1207 622 1268 corporis
642 1204 852 1265 laborem,
873 1224 950 1269 per
973 1205 1269 1269 visionemque
1294 1207 1524 1253 oculorum
1549 1209 1614 1254 os-

249 1275 472 1321 tendendo
492 1278 536 1321 in
556 1277 705 1322 nostris
722 1277 991 1339 temporibus
1011 1278 1197 1324 revelare
1222 1277 1424 1341 dignatus
1450 1280 1519 1325 est.
1546 1280 1619 1326 Ista

243 1363 335 1391 non
354 1348 712 1410 apocryphorum
729 1350 855 1394 venia
875 1351 1054 1394 erratica
1076 1348 1365 1396 dissertatione
1384 1350 1516 1395 relata
1533 1348 1617 1396 effe

245 1418 564 1481 cognoscimus,
601 1418 673 1464 sed
699 1418 814 1476 ficut,
851 1421 945 1482 ipso
976 1420 1150 1467 vidente
1173 1424 1218 1467 ὅς
1242 1420 1368 1467 nobis
1393 1422 1616 1480 referente,

244 1488 298 1534 de
323 1489 407 1533 oris
432 1489 491 1533 sui
511 1488 747 1536 didatione
772 1490 919 1536 audire
943 1493 987 1537 ὃς
1012 1492 1292 1537 nihilominus
1317 1491 1497 1538 scribere
1524 1491 1617 1538 des-

243 1560 490 1619 tinavimuS,
511 1559 680 1606 duobus
700 1560 955 1607 diaconibus
973 1561 1143 1608 testibus
1164 1580 1425 1625 mecumque
1441 1562 1618 1609 audien-

245 1630 369 1690 tibus,
394 1648 516 1676 nono
541 1631 746 1677 kalendas
769 1632 871 1691 iulij,
898 1632 1036 1695 pridie
1062 1650 1161 1678 ante
1186 1634 1383 1679 solstitia‘¹
1404 1633 1486 1680 die.

310 1704 385 1748 Ista
405 1719 532 1761 certe,
564 1703 800 1748 litterarum
826 1705 984 1767 apices,
1015 1722 1106 1750 non
1130 1704 1232 1750 ideo
1265 1723 1349 1768 ego
1377 1704 1514 1751 idiota
1538 1706 1617 1751 dis-

245 1790 395 1837 putare
429 1773 608 1833 inchoo,
639 1773 760 1836 quod
793 1774 846 1820 de
876 1775 1008 1821 vestre
1040 1776 1282 1839 sagacitatis
1316 1776 1519 1823 industria
1548 1796 1617 1824 me

245 1844 407 1907 aliquid
436 1843 630 1890 diffidere
666 1846 878 1904 estimatis,
911 1847 980 1891 seu
1012 1846 1133 1908 quod
1158 1845 1269 1892 bene
1294 1865 1384 1892 non
1420 1851 1617 1894 noverim

246 1933 331 1979 ego
368 1915 528 1961 multos
561 1916 811 1975 vestrorum,
847 1934 955 1978 quos
990 1919 1207 1963 Dominus
1233 1920 1350 1964 Deus
1391 1920 1618 1980 nosterque

244 1986 412 2031 antistes
438 1987 541 2031 mihi
565 1987 864 2049 prestantiores
903 2005 993 2033 non
1018 1990 1158 2035 solum
1184 1990 1312 2034 virilis
1338 1991 1453 2035 sexus
1479 1988 1619 2052 digni-

245 2074 345 2115 tate,
372 2056 442 2103 sed
459 2057 528 2104 &b
552 2057 698 2104 divine
718 2058 983 2104 conditionis
1005 2061 1236 2105 ministerio
1257 2061 1444 2121 preferre
1465 2060 1620 2123 digna-

246 2147 310 2176 tus
334 2130 405 2189 est,
443 2130 579 2175 multo
616 2130 766 2175 melius
803 2129 947 2176 divine
979 2131 1085 2194 legis
1123 2131 1365 2177 eruditione
1389 2134 1433 2177 ἅ
1459 2132 1616 2178 nihilo-

246 2202 386 2248 minus
418 2199 701 2264 indagatione
740 2202 894 2247 sollerti
927 2219 1027 2247 cura
1060 2204 1351 2265 procaciores,
1388 2203 1617 2265 disponere

246 2271 510 2333 ediffereque
530 2270 674 2334 poffe3
702 2271 774 2317 sed
794 2274 894 2334 quia
913 2291 997 2330 me,
1020 2273 1250 2337 indignam
1268 2292 1430 2333 tamen,
1451 2274 1504 2319 de
1524 2275 1617 2320 illo-

245 2362 341 2389 rum
371 2343 628 2406 genealogie
652 2343 777 2406 stirpe
801 2344 975 2390 aliunde
1000 2361 1307 2408 propagatam,
1335 2346 1445 2391 forte
1465 2345 1518 2391 de
1549 2364 1617 2391 ex-

245 2415 388 2460 tremis
415 2431 637 2459 ramorum
671 2415 889 2460 cauliculis
921 2434 990 2461 me
1030 2416 1120 2462 fore
1146 2434 1368 2474 noveram,
1407 2415 1461 2462 de
1491 2418 1617 2462 tantis

244 2484 481 2547 talibusque
505 2487 696 2532 virorum
716 2485 1052 2533 beatitudinibus
1085 2487 1407 2550 venerabilique
1432 2490 1517 2533 vita
1543 2507 1616 2534 eo-

248 2574 343 2602 rum
380 2574 471 2602 non
502 2557 640 2602 solum
673 2559 716 2604 in
751 2557 929 2617 aflibus,
967 2558 1039 2604 sed
1073 2561 1117 2605 ὃς
1156 2561 1198 2604 in
1236 2558 1457 2605 itineribus
1493 2562 1616 2606 variis

248 2628 570 2691 multifariisque
591 2630 900 2675 miraculorum
918 2629 1289 2693 magnitudinibus
1308 2632 1495 2694 perfecie
1517 2649 1616 2694 pro-

295 2781 325 2802 a.
350 2771 384 2802 C.
405 2770 484 2802 add.
505 2769 624 2813 martij.
650 2790 693 2794 —
718 2772 748 2803 b.
770 2772 802 2804 C.
824 2771 875 2804 sed
895 2772 924 2804 ἁ
947 2771 1045 2804 etiam
1064 2772 1225 2816 dignitate
1242 2772 1352 2806 divine
1370 2773 1578 2807 conditionis.
