2216 3435
587 216 677 265 230
1016 213 1155 248 BEDA
1191 214 1523 248 VENERABILIS

579 379 758 425 campus
783 361 841 406 cst
866 359 1069 406 herbosus
1089 362 1133 406 ὅ(
1152 361 1322 423 planus,
1346 378 1572 422 nunquam
1597 379 1648 407 ex
1666 362 1738 407 illo
1766 378 1966 426 tempore

578 450 734 489 aratus,
761 432 877 478 nulla
904 433 1131 494 suscipiens
1157 431 1341 491 edificia,
1370 433 1540 479 fontem
1577 450 1761 490 tantum,
1788 452 1840 480 ex
1877 452 1966 497 quo

579 507 635 551 illi
668 504 882 560 biberunt,
920 503 1165 548 ostendens
1206 504 1296 566 Qi
1338 522 1444 566 ergo
1484 504 1538 550 ab
1568 505 1651 550 Elia
1688 508 1965 567 Capharnaum

580 592 782 640 pergunt,
814 593 890 638 per
916 573 1194 620 Tiberiadem
1220 577 1297 621 iter
1322 574 1498 635 habent,
1524 576 1684 622 deinde
1709 578 1823 622 secus
1848 596 1966 624 mare

580 649 749 694 Galilee
774 649 818 692 ὅ(
839 647 988 691 locum
1006 644 1324 692 benedielionis
1343 665 1536 711 panum:
1562 666 1586 693 a
1610 665 1698 710 quo
1726 666 1816 693 non
1832 649 1966 713 longe

577 720 893 782 Capharnaum
936 720 979 764 in
1015 716 1171 763 finibus
1207 717 1414 763 Zabulon
1459 721 1503 764 ὅ(
1544 719 1842 782 Nephthalim‚
1880 738 1964 783 que

578 810 752 837 murum
783 809 874 837 non
907 789 1086 848 habens,
1112 790 1317 853 angusto⁰
1340 792 1449 845 inter
1473 807 1674 836 montem
1701 792 1967 855 &stagnum

578 862 651 909 situ
678 864 803 926 super
833 863 1098 908 maritimam
1129 879 1269 919 oram,
1299 863 1516 908 orientem
1546 863 1687 909 versus
1718 863 1859 928 longo
1885 881 1967 911 tra-

577 936 681 980 mite
707 932 994 996 protenditur,
1021 949 1222 978 montem
1251 931 1304 978 ab
1328 934 1550 996 aquilone,
1572 933 1717 979 lacum
1744 934 1799 981 ab
1823 937 1963 982 austro

578 1005 753 1052 habens.
779 1009 1012 1067 Κ7Ν<αῖιινει1ι
1039 1022 1185 1050 muros
1212 1022 1303 1050 non
1329 1004 1473 1061 habet,
1508 1004 1580 1050 secl
1606 1023 1770 1069 magna
1794 1006 1966 1054 edificia

576 1077 768 1139 duasque
810 1075 996 1139 grandes
1046 1074 1252 1122 ecclesias.
1297 1077 1395 1123 Una
1434 1077 1492 1122 est
1523 1078 1566 1121 in
1609 1076 1757 1123 medio
1783 1078 1965 1124 civitatis

576 1150 702 1212 supra
723 1148 832 1194 duos
860 1146 1040 1192 fundata
1061 1165 1257 1206 cancros,
1284 1146 1356 1193 ubi
1376 1147 1606 1210 quondam
1629 1149 1765 1194 fuerat
1790 1148 1964 1209 domus,

576 1222 619 1266 in
646 1238 732 1282 qua
756 1221 976 1265 Dominus
1006 1221 1187 1265 nutritus
1216 1220 1273 1264 est
1298 1220 1453 1265 infans.
1482 1221 1578 1265 Hec
1601 1237 1747 1266 autem
1774 1219 1963 1279 ecclefia,

576 1290 763 1350 duobus,
802 1308 848 1336 ut
888 1291 1055 1336 diclum
1090 1292 1162 1348 est,
1202 1291 1375 1336 tumulis
1412 1291 1745 1355 &interpositis
1780 1290 1964 1337 arcubus

578 1362 758 1422 suffulta,
786 1362 916 1408 habet
938 1363 1114 1408 inferius
1139 1363 1249 1408 inter
1274 1361 1453 1408 eosdem
1476 1363 1666 1408 tumulos
1679 1367 1842 1424 fontem
1862 1363 1967 1408 luci-

574 1434 805 1493 diffimum,
844 1433 960 1480 unde
995 1435 1109 1481 cives
1131 1430 1304 1480 omnesl'
1335 1451 1469 1496 aquas
1495 1436 1540 1480 in
1564 1435 1743 1480 vasculis
1769 1452 1844 1498 per
1879 1451 1966 1481 tro-

573 1507 737 1552 chleass
771 1506 1010 1552 extrahunt.
1050 1505 1198 1551 Altera
1236 1523 1339 1552 vero
1376 1506 1434 1551 est
1465 1504 1655 1566 ecdefia,
1696 1505 1769 1552 ubi
1804 1506 1963 1553 domus

573 1594 678 1637 erat,
704 1580 749 1624 in
777 1595 911 1640 quam
935 1577 1115 1641 angelus
1141 1576 1197 1623 ad
1221 1578 1405 1623 Mariam
1429 1578 1560 1624 venit.

660 1757 788 1802 XVII.
827 1760 894 1801 De
918 1773 1046 1801 monte
1070 1754 1203 1800 ‘Tabor
1223 1755 1264 1800 δ’
1288 1757 1412 1800 tribus
1431 1756 1606 1818 ecclesiis
1619 1757 1748 1817 super
1772 1773 1877 1800 eum.

636 1854 778 1898 Mons
802 1852 949 1908 Tabor,
976 1852 1018 1896 in
1046 1850 1193 1896 medio
1220 1850 1391 1896 Galilee
1423 1867 1601 1912 campo,
1626 1851 1671 1896 in
1697 1847 1829 1895 tribus
1863 1849 1960 1896 mil-

569 1922 678 1969 libus
704 1925 899 1969 eminens
915 1921 936 1950 d
949 1922 1005 1968 ad
1035 1921 1217 1968 boream
1242 1940 1267 1967 a
1297 1922 1406 1966 mari
1430 1921 1707 1967 Genezareth
1737 1921 1876 1979 distat,
1910 1938 1962 1967 ex

572 1996 695 2041 omni
729 2012 850 2058 parte
887 1993 1114 2052 rotundus,
1141 1992 1347 2039 herbosus
1374 1992 1500 2040 valde
1524 1995 1569 2038 ὃς
1594 1991 1787 2052 floridus,
1816 1993 1957 2039 altitu-

570 2066 672 2112 dine
691 2067 868 2130 triginta
887 2065 1134 2112 stadiorum.
1148 2066 1308 2111 Vertex
1319 2065 1425 2127 ipse,
1441 2065 1688 2128 campestris
1708 2066 1753 2110 ὃς
1772 2064 1960 2110 multum

569 2156 775 2197 amenuS,
817 2139 973 2203 viginti
1015 2139 1060 2183 &
1103 2138 1247 2183 triume
1283 2136 1522 2181 stadiorum
1559 2136 1698 2198 spatio
1741 2135 1961 2196 dilatatur,

570 2209 643 2256 ubi
659 2209 824 2273 grande
843 2210 1155 2256 monasterium
1174 2207 1330 2271 grandi
1349 2224 1530 2270 quoque
1549 2206 1648 2253 {ilva
1668 2207 1960 2253 circumdatus

569 2283 639 2341 est,
664 2299 746 2328 tres
771 2281 966 2328 ecclefias
985 2280 1165 2339 habens,
1190 2282 1307 2326 iuxta
1328 2278 1451 2342 quod
1474 2280 1615 2325 Petrus
1640 2281 1716 2326 ait:
1741 2280 1962 2325 Faciamus

566 2353 638 2398 hic
665 2355 741 2400 tria
766 2352 1054 2400 tabernacula.
1076 2353 1214 2398 Locus
1240 2368 1367 2396 muro
1395 2352 1578 2410 cinclus,
1603 2367 1768 2415 magna
1790 2351 1961 2415 gestans

570 2424 755 2472 edificia.

619 2532 647 2552 a.
678 2521 733 2553 Pb.
755 2520 880 2564 angulo
901 2520 983 2553 inter
1011 2527 1159 2552 montem
1190 2519 1222 2551 δι
1306 2528 1456 2560 manenS,
1493 2518 1585 2551 Med.
1617 2529 1741 2562 campo
1786 2517 1819 2550 in
1853 2517 1958 2551 tribus

574 2574 726 2618 stagnum
740 2573 799 2606 fito
817 2574 848 2606 in
869 2573 1040 2607 orientem.
1056 2594 1102 2597 ——
1115 2574 1148 2606 b.
1165 2573 1220 2606 Pb.
1308 2570 1464 2603 Manaffe
1489 2571 1531 2603 ad
1558 2572 1645 2613 bor.‚
1671 2572 1726 2604 Pa.
1747 2572 1778 2604 &
1797 2570 1830 2604 in
1853 2571 1958 2604 tribus

573 2639 688 2660 omnes
708 2628 797 2672 deest.
821 2648 867 2652 ——-
885 2639 912 2661 c.
934 2629 1016 2669 Om.‚
1041 2634 1076 2660 ut
1107 2627 1160 2659 Pb.
1189 2626 1219 2659 in
1306 2623 1447 2657 millibus
1462 2624 1620 2657 Manaffe
1641 2625 1684 2658 ad
1704 2625 1776 2658 bor.
1793 2645 1841 2649 —
1856 2637 1884 2659 e.
1899 2625 1956 2659 Pb.

574 2681 756 2714 ecclesiam.
790 2702 836 2705 —
883 2681 915 2714 d.
959 2680 1010 2714 Sic
1042 2692 1121 2724 eg03
1168 2681 1219 2713 M.
1304 2677 1390 2710 xxiv.

577 2733 745 2777 Manaffe,
777 2736 816 2768 Ο.
838 2746 976 2767 manans
998 2734 1041 2777 se,
1055 2733 1100 2767 al.
1121 2734 1220 2768 etiam
