2216 3435
553 575 597 619 5.
636 576 917 636 EUCHERH
949 576 1228 621 EPJTOME

872 702 915 725 DE

210 805 492 875 LOCIS
567 806 1097 893 ALIQUIBUS
1168 808 1577 877 SANCTIS

945 964 968 990 >it

451 1126 695 1212 Epistola
770 1127 1026 1210 Eucherij
1099 1127 1340 1210 episcopi

871 1241 912 1273 ad

546 1322 846 1358 FAUSTINUM
871 1324 1262 1359 PRESBYTERUM.

331 1443 506 1499 Faustino
522 1441 752 1500 presbytero
778 1442 961 1501 Insulcmo
993 1445 1211 1487 Eucherius
1238 1444 1455 1503 episcopus.

235 1630 271 1663 ἡ,
288 1598 300 1613 ⁰
330 1598 436 1642 ‘'tf‘'
470 1590 547 1672 Ἓξ
567 1592 1060 1639 [EROSOLYNMTANE
1086 1592 1199 1639 urbis
1220 1592 1344 1639 fitum
1360 1611 1489 1656 atque
1514 1596 1577 1658 ip·
1620 1613 1770 1644 Psaefmo.

510 1711 526 1727 -.
567 1663 643 1709 sius
671 1663 812 1723 ludee‚
838 1681 884 1710 ut
909 1664 1015 1709 mihi
1042 1665 1250 1710 relatione
1285 1666 1487 1729 cognitus
1521 1667 1578 1712 est

457 1742 461 1747 “
500 1742 527 1761 ³·
565 1736 634 1782 vel
652 1736 838 1782 leffione
858 1752 1123 1798 compertus,
1145 1734 1329 1782 breviter
1353 1737 1577 1799 amplexus

493 1814 536 1848 θ’
568 1807 676 1864 sum,
703 1806 910 1869 brevique
930 1807 1071 1868 ipsum
1096 1807 1341 1871 prefatione
1364 1807 1577 1867 indicam,

365 1908 383 1916 u
532 1870 538 1881 ’
568 1879 668 1940 quia
710 1877 921 1940 opusculo
962 1895 1051 1924 non
1096 1876 1253 1922 diffuso
1296 1896 1576 1941 nequaquam

199 1953 282 1999 effe
309 1953 508 1999 diffusam
534 1951 828 2014 prefationem
853 1949 988 1995 decet.
1024 1949 1135 1994 Vale
1163 1949 1206 1994 in
1232 1949 1419 2008 Christo,
1446 1949 1576 1997 decus

197 2025 241 2068 &
272 2022 503 2086 presidium
530 2040 690 2068 meum.

262 2097 284 2139 Ι.
324 2095 594 2140 Hierusalem
619 2092 673 2138 ab
698 2092 785 2138 Elio
814 2090 1041 2137 Hadriano
1066 2093 1157 2136 Elia
1183 2092 1424 2151 vocitatur3
1456 2110 1573 2150 nam>

195 2164 292 2227 post
316 2163 635 2212 subverslonem
659 2163 759 2221 Titi,
780 2161 1020 2207 conditoris
1042 2162 1111 2207 Elii
1131 2179 1296 2208 nomen
1320 2179 1421 2207 cum
1441 2179 1574 2225 opere

194 2235 386 2298 suscepit.
423 2235 613 2281 Natura⁰
647 2234 735 2279 loci
773 2232 900 2291 edita,
937 2232 1099 2291 aiunt‚b
1134 2231 1326 2294 qualibet
1364 2251 1414 2278 ex
1451 2250 1574 2296 parte

193 2304 309 2351 haud
335 2305 464 2352 dubie
488 2304 814 2352 ascendendum
834 2306 935 2362 erit3
967 2304 1138 2349 diutino
1161 2305 1340 2366 quippe⁷
1361 2303 1431 2350 sed
1451 2305 1574 2350 molli

193 2379 327 2422 tracstu
353 2376 544 2441 assurgit.
584 2377 693 2422 Situs
718 2376 805 2437 ipse
836 2374 948 2421 urbis
984 2392 1100 2437 pene
1138 2376 1181 2419 in
1207 2373 1360 2420 orbem
1390 2377 1572 2421 circum-

191 2451 324 2506 aetus,
348 2465 439 2494 non
466 2465 603 2511 parvo
629 2464 855 2492 murorum
879 2444 1061 2504 ambitu,
1088 2462 1177 2507 quo
1204 2446 1334 2491 etiam
1374 2464 1572 2492 montem

189 2520 307 2577 Sion,
337 2518 565 2580 quondam
590 2519 798 2575 vicinum,
824 2518 912 2562 iam
932 2518 1043 2562 intra
1076 2517 1116 2561 se
1142 2517 1308 2578 recipit,
1328 2519 1416 2578 qui,
1441 2535 1465 2562 a
1484 2536 1572 2564 me-

190 2588 296 2635 ridie
320 2588 494 2652 positus,
520 2607 600 2653 pro
626 2606 724 2634 arce
759 2587 851 2634 urbi
883 2588 1185 2650 supereminet.
1224 2588 1363 2633 Maior
1387 2589 1569 2635 civitatis

186 2679 282 2723 pars
307 2661 417 2706 infra
442 2676 640 2706 montem
665 2660 774 2705 iacet
798 2661 838 2705 in
865 2660 1044 2722 planitie
1072 2659 1316 2704 humilioris
1336 2659 1458 2705 collis
1482 2657 1567 2704 fita.

231 2820 263 2841 a.
295 2807 374 2848 Mc,
393 2807 444 2840 ed.
464 2806 614 2840 naturale
637 2805 699 2839 loci
720 2805 817 2840 edita.
840 2826 880 2830 —
908 2807 935 2840 b.
967 2805 1031 2839 Ms.
1055 2805 1098 2839 ibi
1123 2818 1209 2840 eam.

1616 2111 1712 2142 sfilia.
