2216 3435
647 276 713 309 DE
748 277 884 309 LOCIS
919 277 970 310 SA
981 277 1138 310 NCTis.
1496 280 1572 330 191

619 532 813 592 LIBER
858 534 1174 593 TERTIUS

788 699 988 723 CAPiTULA.

271 822 302 863 I.
338 824 401 862 De
423 822 826 877 Constantinopolitana
846 825 1006 864 civitate.

254 881 306 921 II.
342 882 405 921 De
425 882 617 921 conditione
637 881 797 938 eiusdem
818 883 989 924 civitatis.

228 940 302 981 III.
337 941 400 980 De
419 941 488 980 illa
510 941 670 996 ecclesta,
691 943 727 980 in
751 958 823 994 qua
843 958 936 981 crux
963 944 1117 982 Domini
1136 944 1304 983 hahetur.

227 999 301 1040 IV.
337 997 544 1055 Desam‘JO
568 1000 723 1053 Georgio
743 1001 955 1054 conjijsom.

250 1060 301 1099 V.
336 1060 400 1098 De
420 1060 578 1112 imagine
590 1058 722 1115 sam‘Je
745 1060 896 1099 lllurie.

228 1116 300 1158 VI.
336 1119 399 1157 Dc
420 1131 533 1158 monte
560 1118 738 1159 Vulcano.

202 1175 297 1217 Vll.
333 1177 518 1230 Epilogus.

486 1382 509 1425 l.
548 1383 614 1424 ‘De
639 1381 1080 1440 Constantinopolitana
1106 1386 1282 1427 civitate.

260 1508 461 1552 Arculfus
491 1509 586 1570 sepe
609 1525 890 1567 memoratus,
916 1507 969 1553 ab
991 1509 1252 1556 Alexandria
1278 1513 1477 1571 reversus,
1500 1533 1575 1577 per

196 1577 362 1640 aliquot
389 1578 477 1624 dies
501 1580 543 1624 in
564 1580 696 1625 Creta
715 1579 954 1642 hospitatus
974 1580 1031 1625 est
1055 1581 1189 1626 insula
1214 1584 1272 1640 ἃ,
1299 1582 1353 1628 ab
1383 1602 1433 1630 ea
1454 1588 1571 1632 navi-

191 1666 319 1712 gans,
340 1650 775 1713 Constantinopolim
801 1652 1024 1713 appetivit,
1044 1653 1085 1696 in
1108 1669 1193 1713 qua
1219 1670 1295 1715 per
1313 1654 1480 1717 aliquot
1499 1657 1570 1704 de-

191 1736 382 1765 moratus
403 1721 460 1765 est
478 1721 655 1766 menses.
678 1721 779 1782 Qie
799 1721 951 1784 procul
972 1721 1106 1767 dubio
1127 1724 1313 1770 Romani
1334 1727 1390 1771 est
1408 1744 1571 1773 metro-

189 1791 298 1854 polis
312 1792 496 1853 imperij,
513 1790 637 1836 undis
656 1792 784 1835 maris
796 1802 813 1818 ‘¹
837 1792 1115 1852 circumdata,
1135 1812 1313 1858 excepta
1334 1798 1571 1859 aquilonali

188 1879 308 1925 parte
328 1862 449 1919 illius,
476 1861 612 1923 quod,
640 1861 930 1925 quadraginta
945 1862 961 1891 b
984 1881 1102 1909 mare
1123 1865 1308 1912 millibus
1328 1867 1526 1930 passuum
1546 1889 1570 1916 a

188 1935 295 1978 mari
319 1934 486 1996 Magno
512 1950 755 1995 erumpens,
780 1951 804 1978 a
838 1951 962 1978 muro
988 1952 1091 1980 vero
1118 1937 1569 2003 Constantinopoleos

189 2004 320 2066 usque
351 2004 404 2050 ad
431 2005 536 2049 ostia
568 2002 758 2062 Danubij
790 2003 976 2050 fluminis
1010 2007 1246 2070 [exagintas
1273 2008 1459 2056 millibus
1484 2012 1570 2058 hoc

186 2074 303 2120 idem
328 2075 602 2138 protenditur
627 2092 756 2120 mare.
794 2075 888 2120 l-lec
919 2077 1062 2138 itaque
1092 2078 1372 2141 imperatoria
1404 2083 1567 2142 civitas,

188 2163 278 2191 non
293 2164 430 2209 parvo
447 2163 672 2191 murorum
686 2145 849 2191 ambitu
871 2164 946 2209 per
965 2146 1201 2194 duodecim
1220 2151 1349 2196 millia
1366 2152 1567 2215 pass'uum

185 2218 491 2263 circumcinfla
505 2256 515 2275 ,
536 2217 719 2280 angulus
739 2217 852 2262 iuxta
872 2217 992 2263 fitum
1014 2220 1139 2265 maris
1159 2219 1319 2266 habens
1340 2240 1416 2284 per
1439 2227 1564 2271 mari-

184 2286 351 2346 timam,
393 2305 437 2332 ut
477 2287 737 2334 Alexandria
769 2287 850 2334 slve
875 2289 1101 2353 Carthago
1116 2329 1128 2348 ,
1165 2292 1406 2338 ςοηίὶτυέῖᾶ
1444 2312 1566 2341 oram

184 2358 242 2415 ὃς,
273 2357 328 2402 ad
352 2359 454 2417 Tyri
480 2358 816 2417 similitudinem,
849 2359 1003 2405 crebris
1034 2362 1205 2424 insuper
1238 2362 1418 2410 turribus
1444 2382 1565 2412 com—

185 2429 375 2473 munitos
396 2447 562 2487 muros,
589 2430 746 2476 domos
771 2432 881 2476 intra
902 2432 1081 2477 civitatis
1102 2434 1244 2478 menia
1263 2433 1393 2481 habet:
1412 2453 1563 2483 nume-

183 2499 315 2543 rosas:
337 2516 386 2544 ex
405 2499 560 2561 quibus
584 2501 766 2564 plurime
787 2503 891 2548 mire
922 2502 1248 2567 magnitudinis,
1267 2505 1488 2567 lapidee,d
1508 2509 1564 2555 ad

180 2568 306 2614 instar
331 2571 468 2616 Rome
493 2569 837 2616 habitaculorum
863 2571 1081 2633 fabricate,
1095 2586 1107 2603 ι’
1131 2575 1408 2639 consurgunt.

226 2727 254 2748 a.
288 2717 380 2760 Illff.;
412 2718 455 2749 ul.
486 2718 631 2763 undique
653 2732 753 2753 maie.
786 2741 828 2745 —-
915 2723 998 2756 miro
1029 2736 1069 2756 ιιι.
1099 2725 1215 2769 lapide.
1249 2746 1288 2750 --
1322 2738 1348 2758 e.
1368 2728 1426 2765 G.,
1451 2725 1559 2768 Grets.

180 2769 211 2801 b.
236 2768 288 2802 Al.
311 2769 352 2802 lx.
383 2789 424 2795 —-
455 2782 483 2804 c.
517 2771 566 2804 Al.
597 2772 638 2805 xl.
669 2793 712 2798 —
737 2773 767 2806 d,
795 2775 829 2806 L.
914 2775 1072 2810 habitate.
