2216 3435
631 123 716 186 13(›
1060 133 1184 166 lTER
1220 132 1476 165 ANTONINI
1524 131 1579 163 M.

628 286 779 328 Galilee,
801 286 832 318 Sc
859 284 1060 318 extenditur
1089 283 1247 316 miliariis
1271 294 1410 316 novem.
1442 282 1552 314 Tunc
1573 280 1817 314 descendimus
1836 292 1895 325 per
1918 278 2020 313 Gali-

626 340 715 374 leam
737 340 834 373 iuxta
853 338 1039 371 Iordanem
1062 338 1093 371 &
1117 337 1333 370 transeuntes
1353 335 1513 369 venimus
1540 335 1573 368 in
1597 335 1773 368 civitatem
1794 334 1931 368 Galilee
1951 344 2020 378 que

627 402 774 427 vocatur
801 392 1002 437 Scitopolis.
1036 391 1172 425 Exinde
1205 390 1365 423 venimus
1395 389 1427 421 in
1456 389 1634 422 civitatem
1668 388 1854 422 Sebastiam
1883 387 1944 421 ubi
1970 399 2020 419 re-

628 447 776 492 quiescit
792 447 933 480 Abdias
951 447 1133 491 propheta.
1153 444 1231 478 Post
1257 445 1319 477 hec
1337 443 1496 477 venimus
1513 443 1546 476 in
1562 444 1680 477 locum
1704 443 1764 476 ubi
1784 442 1964 475 Dominus
1979 441 2020 473 de

629 501 789 546 quinque
804 501 955 546 panibus
978 501 1008 533 Sc
1032 500 1172 532 duobus
1191 498 1343 543 piscibus
1364 497 1497 531 stitiavit
1518 498 1678 543 quinque
1700 496 1798 530 milia
1821 495 2022 529 hominum.

629 555 802 588 Venimus
835 554 961 587 deinde
993 554 1035 586 ad
1055 553 1175 586 locum
1196 552 1257 585 ubi
1276 551 1476 596 baptizatus
1496 551 1540 584 est
1562 551 1751 584 Dominus.
1784 552 1823 582 In
1845 549 1917 594 ipso
1942 549 2022 581 loco

629 608 834 641 transierunt
851 608 910 650 filij
928 607 1027 640 lsrael
1046 606 1222 639 Iordanen
1241 606 1272 638 &
1286 605 1344 649 filij
1362 606 1612 651 prophetarum
1624 605 1850 650 perdiderunt
1869 604 2022 636 securem

631 662 794 707 &exipso
810 662 891 694 loco
907 660 1030 693 Helias
1045 660 1238 705 assumptus
1250 659 1338 692 estin
1355 660 1484 692 celum.
1500 658 1627 703 Ibique
1641 658 1685 690 est
1701 657 1901 691 Ermoniim
1922 667 2026 689 mons

632 716 808 757 modich
819 715 879 760 qui
895 714 1023 758 legitur
1034 714 1068 746 in
1083 713 1228 759 psalmo.
1242 713 1441 758 Deprefato
1452 712 1533 746 loco
1549 713 1787 745 adIordanem
1800 710 2025 752 suntmiliarij

633 770 716 802 duo.
742 771 781 802 In
803 769 873 813 ipsa
892 768 980 801 valle
1005 776 1077 801 erat
1100 766 1224 800 Helias
1246 767 1390 811 quando
1409 766 1438 799 ei
1459 778 1586 800 corvus
1605 766 1784 799 deferebat
1802 777 1941 810 panem.
1971 764 2028 796 De

633 823 782 856 Iordane
822 823 931 866 usque
962 821 1004 854 ad
1030 821 1151 854 locum
1181 820 1241 853 ubi
1268 828 1428 853 mortuus
1459 820 1503 852 est
1525 820 1658 853 Moises
1679 820 1755 852 sunt
1774 818 1913 861 miliarij
1935 818 2027 851 οᾶο.

634 876 772 909 Exinde
799 875 960 909 venimus
990 874 1033 907 ad
1064 876 1192 919 Segor3
1220 873 1375 906 vidimus
1404 873 1450 906 ibi
1473 882 1749 907 monumentum
1771 872 1947 914 Absalon‚
1967 871 2026 914 filij

635 929 762 963 David.
794 930 849 962 De
877 929 1026 961 Iordane
1059 929 1168 973 usque
1189 927 1328 961 Iericho
1361 927 1512 960 miliaria
1533 928 1596 960 sex.
1622 928 1763 961 Domus
1784 927 1885 960 Raab
1913 926 2030 959 adhuc

636 983 697 1016 stat
729 984 761 1016 &
793 982 1003 1016 cubiculum
1038 982 1080 1015 de
1106 994 1179 1027 quo
1212 981 1449 1026 exploratores
1480 981 1651 1026 deposuit.
1689 980 1840 1025 Lapides
1870 991 1952 1014 vero
1981 978 2031 1012 illi

636 1049 726 1082 quos
758 1037 961 1070 levaverunt
995 1036 1055 1079 filij
1087 1035 1189 1069 Israel
1217 1036 1259 1069 de
1283 1035 1432 1068 Iordane
1465 1047 1535 1068 non
1556 1035 1662 1079 longe
1690 1048 1710 1068 a
1728 1034 1869 1067 civitate
1891 1033 2030 1067 Iericho

636 1091 714 1124 sunt
745 1091 779 1123 in
809 1103 879 1123 una
908 1088 1060 1123 basilica.
1080 1090 1179 1123 Ante
1203 1089 1350 1122 eandem
1372 1088 1546 1122 basilicam
1576 1087 1620 1121 est
1644 1100 1792 1133 campus
1811 1088 1844 1121 iu
1865 1099 1937 1133 quo
1957 1087 2032 1120 Do-

638 1145 755 1178 minus
788 1156 894 1177 manu
931 1143 1072 1189 propria
1104 1143 1326 1176 frumentum
1365 1142 1546 1175 seminavit
1577 1142 1670 1187 quasi
1705 1142 1824 1175 modia
1855 1141 1942 1184 tria3
1972 1140 2032 1186 qui

638 1198 743 1232 etiam
762 1198 946 1242 colligitur
965 1199 995 1230 δέ
1017 1209 1215 1242 numquam
1240 1197 1442 1236 seminatur,
1462 1197 1508 1229 set
1534 1208 1575 1229 ex
1597 1197 1626 1229 se
1640 1196 1776 1241 profert
1794 1196 1911 1229 semen
1932 1207 1939 1238 ς
1961 1193 2034 1227 co!-

638 1251 761 1295 ligitur
791 1260 912 1284 autem
946 1251 980 1283 in
1016 1251 1131 1283 mense
1167 1250 1342 1283 febroario
1363 1250 1494 1283 &inde
1525 1250 1815 1283 communicatur
1843 1249 1875 1282 in
1896 1249 2033 1294 pascha.

641 1306 694 1339 lbi
728 1305 772 1339 est
802 1305 883 1338 fons
915 1317 1007 1350 aque
1041 1317 1147 1349 quem
1181 1304 1375 1338 indulcavit
1410 1304 1567 1337 Heliseus
1601 1305 1785 1349 propheta,
1822 1303 1882 1349 qui
1913 1301 2036 1347 irrigat

639 1359 797 1393 Iericho.
831 1358 946 1403 Igitur
977 1366 1144 1391 exeuntes
1177 1358 1219 1391 de
1248 1358 1374 1400 Ierico,
1403 1358 1564 1390 venimus
1594 1365 1718 1390 contra
1747 1357 1972 1391 occidentem
1999 1355 2035 1388 in

640 1413 765 1447 finistra
797 1424 905 1446 manu
936 1413 967 1445 ἃ
996 1412 1206 1445 intravimus
1237 1412 1362 1445 vallem
1397 1412 1588 1444 Sodomam
1621 1412 1653 1444 Sc
1681 1413 1910 1445 Gomorram.
1942 1410 2035 1442 Nam

641 1467 739 1513 quod
762 1466 888 1499 dicunt
909 1466 1072 1498 homines
1092 1466 1133 1499 de
1149 1477 1258 1498 uxore
1281 1466 1371 1498 Loth
1393 1477 1434 1498 eo
1455 1466 1549 1510 quod
1570 1466 1739 1510 lingendo
1758 1466 1802 1498 ab
1824 1463 2038 1498 animalibus

642 1521 836 1561 minuatur,
866 1519 1087 1552 mendatium
1107 1519 1171 1560 est3
1205 1520 1253 1552 set
1285 1519 1344 1552 stat
1364 1519 1396 1551 in
1419 1519 1505 1552 statu
1525 1531 1597 1564 quo
1620 1519 1697 1552 fuit.
1729 1519 1976 1552 Ascendentes
1995 1517 2038 1549 de

643 1582 830 1616 montana,
856 1581 1066 1606 revertentes
1097 1573 1140 1605 ad
1159 1573 1321 1606 sinistram
1347 1585 1510 1614 manum,
1538 1573 1700 1606 venimus
1725 1573 1769 1606 ad
1789 1580 1949 1605 montem
1966 1570 2039 1604 Oli-

642 1628 723 1671 veti,
756 1628 791 1661 in
814 1626 1036 1668 Beffianiam,
1069 1627 1112 1659 ad
1144 1634 1421 1659 monumentum
1455 1627 1576 1659 Lazari
1605 1628 1636 1659 δε
1664 1627 1798 1660 rursum
1819 1624 2039 1659 ascendimus

643 1683 685 1716 de
717 1688 838 1714 monte
864 1681 958 1713 unde
986 1680 1165 1713 Dominus
1194 1680 1238 1713 ad
1264 1688 1410 1725 patrem.
1437 1681 1540 1713 quta
1569 1692 1676 1725 quem
1706 1680 1826 1713 locum
1856 1678 2041 1724 requiescit

644 1736 759 1770 san6ta
785 1733 940 1778 Pelagia.
976 1733 1239 1767 Descendentes
1268 1734 1310 1766 de
1343 1741 1463 1767 monte
1497 1734 1639 1776 Oliveffi,
1667 1734 1828 1767 venimus
1859 1733 1893 1766 in
1925 1732 2040 1766 villam

647 1787 883 1824 Gethsemani
915 1787 976 1820 ubi
1010 1787 1159 1820 traditus
1193 1787 1238 1820 est
1257 1787 1463 1830 Dominus3
1497 1787 1532 1820 in
1568 1800 1639 1833 quo
1661 1788 1739 1821 sunt
1773 1787 1839 1820 tria
1865 1785 2041 1828 accubita,

644 1843 705 1877 ubi
738 1842 795 1875 ille
825 1841 1008 1874 accubuit.
1041 1841 1095 1873 Ibi
1127 1841 1171 1874 est
1203 1841 1309 1874 etiam
1342 1841 1483 1874 ecclesia
1520 1841 1581 1875 ubi
1616 1842 1661 1874 est
1694 1841 1891 1886 sepulcrum
1929 1840 2042 1873 sanfist

648 1896 776 1938 Maric,
796 1895 831 1928 in
850 1895 938 1929 valle
959 1907 1028 1939 que
1049 1903 1197 1928 vocatur
1216 1895 1391 1939 Iosaphat,
1408 1895 1569 1928 venimus
1590 1895 1698 1940 usque
1718 1895 1761 1927 ad
1782 1903 1920 1940 portam
1943 1895 2044 1927 Ieru-

646 1952 752 1984 salem
783 1949 820 1982 in
848 1949 950 1982 cuius
979 1949 1122 1981 dextera
1146 1957 1244 1993 parte
1271 1948 1315 1981 est
1334 1949 1485 1982 ficulnea
1505 1949 1539 1981 in
1564 1962 1633 1993 qua
1652 1950 1682 1982 se
1700 1949 1805 1981 Iudas
1826 1949 1955 1993 laqueo
1974 1947 2042 1980 sus-

647 2004 779 2050 pendit.
798 2002 1017 2036 Inclinantes
1048 2002 1150 2047 proni
1182 2001 1320 2046 ingreffi
1356 2003 1475 2035 sumus
1494 2003 1528 2035 in
1554 2003 1703 2035 faustam
1732 2001 1912 2035 civitatem
1933 2002 1964 2034 &
1985 2012 2042 2033 ve—

649 2059 766 2091 nimus
787 2057 830 2090 ad
846 2056 1046 2101 sepulcrum
1068 2055 1218 2088 Domini
1235 2067 1242 2098 ς
1278 2056 1387 2101 usque
1405 2057 1592 2100 Golgotha
1614 2057 1691 2089 sunt
1710 2055 1823 2101 passus
1838 2055 2042 2099 offitoginta3

649 2113 692 2145 ab
719 2123 789 2145 una
815 2118 914 2155 parte
943 2109 1143 2142 ascenditur
1168 2121 1228 2154 per
1249 2110 1390 2154 gradus,
1409 2110 1468 2143 ubi
1488 2110 1670 2142 Dominus
1695 2109 1738 2142 ad
1759 2108 2042 2153 crucifigendum

650 2165 813 2199 ascendit.
843 2164 938 2196 Nam
959 2163 994 2196 in
1013 2163 1096 2196 loco
1124 2163 1186 2196 ubi
1214 2163 1404 2196 crucifixus
1424 2164 1469 2196 est
1488 2172 1630 2208 apparet
1662 2175 1767 2196 cruor
1785 2162 1977 2207 sanguinis.
2003 2163 2043 2194 In

650 2220 723 2264 ipso
743 2219 848 2252 latere
868 2227 964 2263 petre
988 2217 1032 2250 est
1053 2217 1160 2250 altare
1181 2217 1379 2262 patriarche
1400 2218 1560 2259 Abrahe,
1580 2217 1614 2250 in
1635 2229 1707 2262 quo
1724 2217 1911 2250 immolare
1930 2215 2045 2249 voluit

651 2274 777 2306 Ysaac.
799 2272 852 2305 Ibi
877 2273 908 2304 δε
930 2271 1196 2304 Melchisedech
1224 2271 1354 2304 obtulit
1373 2271 1521 2304 Abrahe
1550 2283 1677 2316 panem
1709 2272 1738 2304 ἃ
1765 2270 1899 2304 vinum.
1926 2270 2046 2302 Ihero⁶

651 2327 775 2360 solima
807 2337 878 2358 non
905 2326 1010 2358 habet
1039 2337 1168 2369 aquam
1196 2332 1309 2369 preter
1344 2324 1479 2357 fontem
1513 2324 1615 2357 Siloe.
1649 2325 1753 2357 quta
1777 2323 1953 2357 bafilicam
1984 2322 2044 2356 ubi

652 2381 852 2426 sepulcrum
873 2379 916 2412 est
934 2378 1086 2411 Domini
1103 2379 1134 2411 Sc
1152 2377 1250 2411 quta
1270 2378 1427 2412 Calvarie
1449 2378 1567 2411 locum
1592 2378 1636 2412 est
1655 2378 1796 2411 ecclesia
1812 2390 1880 2423 que
1898 2383 2047 2410 vocatur

655 2433 947 2469 Constantiniana
965 2432 1025 2465 ubi
1046 2440 1114 2465 tres
1135 2443 1258 2465 cruces
1279 2432 1423 2465 fuerunt
1442 2439 1584 2476 reperte.
1605 2433 1675 2465 Hic
1693 2431 1870 2465 transaffis
1889 2430 2046 2464 venimus

654 2487 689 2520 in
710 2487 886 2521 basilicam
906 2501 974 2533 que
999 2496 1148 2520 vocatur
1172 2486 1296 2519 Sancta
1315 2486 1411 2526 Sion,
1439 2485 1499 2518 ubi
1521 2485 1700 2518 Dominus
1721 2484 1859 2518 cenavit
1881 2496 1963 2518 cum
1983 2483 2047 2517 dis-

656 2541 783 2586 cipulis
815 2541 971 2586 illucque
1005 2541 1099 2574 venit
1119 2539 1265 2585 Spiritus
1295 2540 1430 2572 sanstus
1458 2540 1558 2583 super
1589 2539 1774 2584 apostolos.
1807 2538 1861 2571 Ibi
1892 2538 1970 2571 sunt
1999 2537 2048 2570 la-

656 2594 753 2640 pides
769 2606 848 2628 curn
869 2595 998 2639 quibus
1011 2594 1078 2627 fuit
1094 2593 1270 2638 lapidatus
1285 2593 1506 2637 Stephanusj
1526 2592 1574 2625 ibi
1589 2592 1634 2625 est
1653 2592 1756 2625 etiam
1775 2592 1970 2636 columpna
1987 2590 2048 2624 ubi

657 2648 854 2692 flagellatus
874 2647 942 2680 fuit
956 2647 1147 2680 Dominus.
1176 2648 1278 2680 quta
1314 2646 1461 2679 eandem
1490 2645 1668 2678 ecclesiam
1701 2645 1746 2678 est
1763 2645 1832 2678 alia
1855 2643 1995 2678 ecclesia
2012 2643 2046 2676 in

657 2701 810 2747 pretorio
829 2701 891 2735 ubi
911 2701 996 2734 sedit
1016 2700 1149 2734 Pilatus
1181 2698 1480 2745 quandofaudivit
1499 2698 1710 2732 Dominum.
1731 2698 1784 2731 Ibi
1811 2698 1855 2732 est
1873 2705 1972 2743 petra
1987 2696 2048 2730 ubi
