2216 3435
654 139 740 170 122
1055 138 1352 172 ANTONINUS
1389 139 1621 172 MARTYR

647 282 886 336 responsum.
921 283 1130 323 Nummos
1157 294 1292 323 autem
1328 298 1409 323 non
1431 283 1633 336 accipient
1654 284 1703 323 de
1723 297 1843 322 manu
1868 294 1948 333 tua,
1978 281 2032 322 set

648 355 687 383 tu
723 345 760 383 in
791 359 894 398 aqua
916 344 1104 397 proiicies
1138 358 1219 384 eos.
1252 343 1305 383 Et
1339 345 1580 384 denuntiant
1610 345 1679 384 tibi
1710 345 1873 398 quando
1902 343 2033 395 ingre-

647 403 778 442 diaris.
813 402 941 442 Tunc
968 418 1062 443 vero
1096 403 1179 442 noli
1204 417 1391 456 expuere.
1427 402 1463 443 Si
1488 414 1622 443 autem
1645 404 1845 457 expueris,
1871 402 2035 442 scanda-

647 462 889 502 lizabuntur.
944 462 1039 503 Sero
1088 474 1223 502 autem
1274 462 1511 516 purificante
1553 462 1588 502 se
1624 464 1662 502 in
1694 477 1855 516 aquam,
1903 461 1941 501 δι
1983 459 2034 499 sic

646 522 927 574 ingrediuntur
958 523 996 561 in
1028 523 1120 561 vico
1153 533 1221 561 aut
1255 523 1293 561 in
1324 523 1545 562 civitatem.
1580 522 1745 562 Deinde
1775 522 1960 561 venimus
1992 520 2032 560 in

645 582 739 622 loco
762 583 827 621 ubi
862 582 1070 622 Dominus
1106 583 1155 621 de
1190 582 1372 635 quinque
1403 582 1574 635 panibus
1606 582 1644 622 Sc
1672 582 1830 621 duobus
1861 579 2034 634 piscibus

646 643 828 695 quinque
851 642 1214 681 millia-hominum
1236 640 1403 692 satiavit,
1424 652 1535 682 extra
1558 642 1747 695 parvulos
1772 641 1810 680 δι
1832 639 2036 690 mulieres,

645 701 807 741 extensa
827 702 1041 754 campania
1062 701 1213 740 oliveta
1235 699 1272 740 &
1296 700 1484 753 palmeta.

700 760 861 801 Exinde
897 761 1081 800 venimus
1108 761 1155 800 ad
1188 761 1328 801 locum
1363 761 1431 800 ubi
1459 761 1688 814 baptizatus
1723 760 1778 800 est
1814 759 2034 800 Dominus.

646 820 692 860 In
728 820 811 874 ipso
847 821 939 860 loco
973 819 1041 874 filij
1080 818 1195 859 Israel
1231 820 1466 860 transierunt
1495 818 1723 871 Iordanem,
1757 820 1796 860 &
1827 819 1898 873 filij
1943 833 2036 873 pro-

648 882 860 934 phetarum
897 880 1160 933 perdiderunt
1199 879 1399 931 securem,
1445 879 1483 920 δε
1527 895 1575 919 ex
1620 879 1703 933 ipso
1749 880 1842 920 loeo
1882 879 2034 933 Helyas

647 936 868 992 assumptus
896 939 951 979 est
979 940 1017 979 in
1040 939 1189 990 celum,
1222 940 1359 994 ibique
1387 954 1505 980 mons
1527 939 1711 979 Hermon
1734 940 1934 989 modicus,
1964 938 2031 991 qui

646 998 792 1052 legitur
813 999 852 1037 in
876 998 1049 1052 psalmo:
1080 1000 1145 1038 Ad
1170 1000 1293 1052 pedes
1316 1000 1467 1039 montis
1496 999 1615 1052 ipsius
1636 998 1813 1039 ascendit
1833 999 1882 1038 de
1908 998 2033 1039 fluvio

646 1058 773 1098 nubes
808 1059 906 1098 hora
942 1060 1072 1112 prima
1106 1060 1262 1099 oriente
1300 1060 1392 1100 sole.
1426 1059 1741 1099 Hierosolimam
1775 1060 1887 1098 venit
1921 1058 2035 1111 super

646 1116 848 1157 basilicam
871 1134 949 1172 que
971 1119 1027 1158 est
1048 1120 1087 1159 in
1110 1120 1217 1174 Syon
1241 1119 1279 1159 δε
1300 1119 1415 1173 super
1436 1119 1637 1159 basilicam
1659 1118 1805 1159 San&e
1828 1118 1963 1158 Marie
1984 1118 2032 1157 ad

648 1176 835 1216 Sanctam
848 1177 1055 1231 Sophiam,
1068 1194 1146 1232 que
1162 1180 1238 1219 fuit
1251 1179 1474 1233 pretorium
1488 1179 1553 1218 ubi
1567 1179 1727 1219 auditus
1744 1170 1798 1218 est
1812 1177 2032 1218 Dominus.

646 1234 773 1288 Super
794 1237 854 1276 his
886 1236 988 1278 locis
1020 1238 1226 1278 descendit
1258 1253 1324 1279 ros
1346 1239 1443 1278 ficut
1468 1238 1618 1292 pluvia,
1644 1238 1683 1278 &
1713 1238 1914 1291 colligunt
1939 1249 2033 1275 eum

648 1295 810 1346 medici,
840 1295 878 1335 δε
901 1297 941 1336 in
974 1297 1057 1350 ipso
1089 1298 1346 1351 decoquntur
1373 1312 1514 1338 omnes
1547 1297 1798 1337 defeffiones
1827 1294 2034 1349 per'fino-

647 1355 807 1394 dochia.
837 1355 949 1395 Nam
982 1356 1099 1396 multi
1131 1356 1316 1410 langores
1339 1356 1523 1397 sanantur
1544 1357 1597 1396 ibi
1619 1357 1688 1396 ubi
1717 1356 1826 1396 cadit
1846 1354 1927 1409 ipse
1954 1370 2032 1396 ros.

645 1413 733 1468 Ipse
766 1414 821 1455 est
850 1417 961 1455 enim
987 1430 1052 1456 ros
1083 1417 1133 1455 de
1164 1431 1246 1469 quo
1276 1417 1473 1470 propheta
1506 1417 1617 1456 canit
1637 1415 1794 1456 David:
1827 1415 1939 1456 Sicut
1968 1429 2033 1455 ros

647 1474 833 1514 Hermon
865 1475 933 1528 qui
957 1475 1163 1515 descendit
1184 1476 1223 1514 in
1245 1475 1365 1529 Syon.
1397 1473 1444 1514 In
1467 1475 1535 1515 illa
1555 1475 1641 1529 ripa
1662 1473 1845 1516 Iordanis
1867 1474 1922 1515 est
1943 1475 2032 1515 fons

647 1534 715 1573 ubi
738 1534 971 1587 baptizabat
998 1533 1155 1575 san&us
1178 1532 1392 1575 Iohannes.
1416 1533 1518 1575 Inde
1539 1536 1662 1590 usque
1683 1535 1900 1576 Iordanem
1921 1533 2034 1574 milia

647 1594 740 1634 duo.
771 1592 818 1633 In
855 1594 935 1648 ipsa
964 1594 1068 1634 valle
1104 1596 1293 1634 inventus
1328 1594 1383 1634 est
1417 1595 1581 1650 Helyas,
1617 1596 1780 1649 quando
1817 1596 1852 1635 ei
1887 1608 2032 1635 corvus

646 1653 850 1694 deferebat
880 1668 1027 1706 panem
1053 1653 1091 1693 &
1123 1667 1274 1694 carnes.
1317 1651 1364 1693 In
1396 1655 1566 1694 circuitu
1602 1666 1739 1695 autem
1767 1654 1883 1694 vallis
1914 1652 2032 1706 ipfius

646 1713 867 1752 multitudo
888 1712 1192 1763 heremitarum,
1214 1713 1252 1753 &
1273 1713 1328 1752 ibi
1350 1713 1404 1752 est
1433 1714 1575 1754 civitas
1598 1727 1738 1767 prope,
1765 1728 1844 1768 que
1865 1724 2034 1754 vocatur

645 1771 882 1819 Salamiada,
909 1773 976 1812 ubi
999 1772 1235 1812 remiserunt
1257 1773 1334 1812 due
1361 1772 1475 1813 semis
1498 1773 1623 1814 tribus
1644 1771 1776 1824 Israel,
1803 1773 2032 1827 priusquam

646 1831 852 1872 transirent
878 1830 1109 1883 Iordanem,
1140 1833 1179 1871 in
1206 1848 1288 1885 quo
1322 1832 1416 1873 loco
1438 1832 1526 1872 sunt
1557 1844 1683 1873 terme
1712 1847 1761 1872 ex
1782 1832 1818 1873 se
1839 1834 2032 1884 lavantes,

645 1905 724 1944 que
745 1903 942 1931 vocantur
962 1891 1119 1932 Terme
1142 1891 1292 1946 Moyfi,
1313 1892 1381 1932 ubi
1403 1894 1526 1933 etiam
1548 1892 1587 1933 &
1608 1892 1751 1946 leprofi
1773 1893 2033 1943 mundantur,

649 1949 688 1989 &
704 1950 758 1989 ibi
772 1950 827 1990 est
842 1950 1089 1992 dulciffimus
1103 1966 1206 2005 aque
1225 1952 1314 1992 fons
1329 1953 1438 2006 quod
1453 1952 1603 1992 bibitur
1620 1963 1784 2005 propter
1799 1952 2032 2002 catarcium,

646 2008 684 2049 &
714 2010 866 2050 multos
897 2010 1005 2050 sanat
1034 2011 1232 2064 langores.
1270 2011 1370 2051 Non
1401 2011 1522 2065 longe
1553 2026 1575 2051 a
1614 2012 1713 2051 mari
1735 2011 1959 2051 Salinarum
1990 2010 2030 2049 in

645 2087 727 2125 quo
749 2070 944 2113 Iordanes
967 2073 1203 2126 ingreditur,
1225 2072 1360 2113 subtus
1382 2073 1604 2113 Sodomam
1625 2073 1663 2113 δι
1687 2073 1951 2124 Gomorram,
1981 2073 2029 2112 ad

647 2133 762 2173 cuius
785 2133 897 2173 littus
919 2133 1103 2172 bitumen
1126 2132 1164 2172 &
1186 2132 1350 2186 sulphur
1370 2134 1588 2188 colligitur,
1613 2135 1652 2174 in
1675 2150 1757 2188 quo
1779 2134 1877 2174 mari
1897 2131 2030 2172 mense

648 2192 746 2231 iulio
782 2191 820 2231 δε
851 2191 1032 2245 augusto,
1063 2191 1102 2232 &
1132 2192 1255 2246 usque
1281 2194 1418 2233 medio
1449 2193 1662 2247 septembri
1695 2205 1779 2234 tota
1806 2194 1870 2233 die
1899 2193 2033 2232 iacent

645 2249 812 2304 leprosl3
843 2251 891 2290 ad
914 2250 1124 2304 vesperum
1145 2262 1281 2291 autem
1302 2252 1486 2293 levantur
1508 2254 1547 2292 in
1576 2253 1675 2307 ipsas
1697 2265 1857 2304 termas,
1890 2253 1929 2294 &
1958 2252 2031 2293 ali-

645 2310 834 2363 quotiens
859 2309 1067 2351 Dominus
1099 2325 1222 2364 quem
1252 2312 1340 2351 vult
1365 2313 1545 2352 mundat.
1575 2313 1689 2353 Nam
1710 2312 1748 2353 &
1769 2312 2030 2367 generalitate

646 2368 702 2409 est
718 2369 853 2422 aliqua
875 2369 1094 2422 permiscia.
1112 2368 1159 2409 In
1182 2386 1264 2424 quo
1287 2386 1395 2411 mare
1416 2372 1542 2411 nichil
1560 2371 1802 2423 vivificatus,
1822 2387 1899 2412 nec
1920 2372 2029 2425 ligna

655 2443 731 2467 nec
754 2429 868 2481 palee
891 2428 945 2467 ibi
967 2440 1120 2479 natant,
1140 2444 1274 2483 neque
1295 2431 1420 2470 homo
1444 2431 1497 2470 ibi
1518 2443 1654 2471 natare
1677 2431 1820 2486 potest,
1841 2431 1895 2472 set
1916 2432 2031 2485 quic-

647 2488 743 2542 quid
768 2487 822 2526 ibi
845 2487 1071 2540 proiecstum
1092 2489 1224 2539 fuerit,
1246 2489 1285 2528 in
1309 2490 1555 2542 profundum
1574 2492 1830 2545 demergitur.
1854 2491 1922 2531 De
1943 2489 2030 2530 Ior-

645 2549 746 2586 dane
758 2546 879 2599 usque
891 2548 938 2586 ad
952 2548 1091 2587 locum
1105 2549 1142 2587 in
1159 2563 1241 2601 quo
1254 2548 1419 2603 Moyses
1434 2550 1482 2589 de
1496 2564 1664 2604 corpore
1677 2552 1787 2602 exiit,
1799 2551 1887 2590 sunt
1898 2550 2029 2590 milia-

644 2608 702 2646 ria
730 2606 813 2660 viij.
845 2605 1005 2646 Exinde
1037 2622 1122 2647 non
1153 2607 1329 2647 multum
1348 2608 1469 2662 longe
1490 2624 1511 2649 a
1532 2609 1668 2663 Segor,
1698 2611 1738 2650 in
1760 2610 1906 2663 quibus
1928 2609 2029 2649 locis

645 2666 762 2705 multi
793 2667 1000 2707 heremite.
1036 2668 1228 2719 Vidimus
1250 2666 1288 2706 &
1311 2668 1375 2721 ibi
1408 2680 1723 2708 monumentum
1744 2668 1923 2710 Absalon
1955 2667 2025 2722 filij

648 2724 796 2765 David.
819 2726 1053 2768 Tenuimus
1075 2728 1336 2781 teophaniam
1358 2728 1468 2768 iuxta
1488 2726 1716 2769 Iordanem.
