2216 3435
150 1438 236 1467 c.31.

125 1655 150 1683 p.
167 1644 237 1681 481.

640 264 707 297 DE
742 263 954 297 ITINERE
989 262 1257 297 FRISONUM.
1576 249 1634 311 65

261 412 410 457 mitate
431 419 442 439 ¹
464 411 647 473 spiritus,
666 427 752 472 que
777 411 945 473 semper
965 410 1149 456 nascitur
1169 429 1219 456 ex
1237 414 1466 476 prosperis,
1482 432 1638 462 terram
1662 428 1738 457 ¹2¹7

261 481 608 541 conscendimus,
643 483 863 529 civitatem
900 481 1091 528 eiusdem
1115 484 1306 528 nominis
1331 503 1457 531 muro
1483 489 1528 532 ὃς
1551 504 1640 533 tur-

260 553 375 600 ribus
412 553 557 598 multis
599 554 812 599 munitam
847 552 1106 599 obsedimus.
1152 553 1331 601 Civibus
1374 557 1417 600 in
1456 558 1640 604 insulam

261 625 509 671 ulteriorem
529 622 694 687 elapfis,
721 625 869 671 civitas
891 623 1083 670 desolata
1106 625 1308 671 inimicos
1333 627 1430 672 suos
1455 629 1525 674 sue
1544 630 1639 676 soli-

260 695 418 743 tudinis
453 696 623 758 accepit
658 695 872 741 solatium.
918 696 1054 741 Cuius
1084 695 1254 742 edificia
1279 700 1457 744 materia
1482 702 1527 746 ἅ
1551 718 1640 748 arte

258 767 483 832 fulgentia,
519 769 664 814 vineas
699 769 743 813 ὃς
767 769 967 831 pomeria
990 768 1073 813 &c
1100 766 1227 813 nobis
1261 769 1556 832 vendicantes,
1596 774 1641 819 in

257 838 427 885 labores
458 839 644 885 aliorum
678 840 945 897 intravimus,
983 839 1186 901 ortosque
1209 841 1254 884 ὃς
1277 842 1438 899 vineas,
1467 842 1572 889 ficus
1597 847 1642 890 ὃς

259 909 376 955 oleas
395 912 440 955 ὃς
464 927 598 956 omne
617 928 754 975 genus
774 909 937 956 arboris
958 910 1174 974 pomifere
1192 911 1464 972 succidimus,
1489 915 1640 961 mahu-

259 982 530 1043 meriamque
558 983 751 1045 ipsorum
790 983 916 1027 tantis
949 979 1167 1045 impensiS,
1201 998 1322 1028 tanto
1350 985 1639 1032 construelam

257 1052 452 1116 ingenio,
472 1070 519 1099 ut
536 1054 735 1100 referenti
753 1071 886 1100 nemo
907 1053 1113 1111 crederet,
1136 1052 1191 1099 acl
1210 1054 1486 1102 referendum
1504 1075 1639 1104 nemo

259 1123 487 1183 sufficeret,
508 1125 602 1171 solo
632 1126 900 1188 equavimus,
931 1126 1049 1170 cuius
1073 1125 1192 1188 ligna
1214 1125 1434 1173 coloribus
1459 1129 1639 1194 fulgida,

258 1194 435 1243 floribus
471 1195 628 1256 excifis,
659 1198 703 1242 in
735 1197 885 1242 nostris
913 1206 931 1225 2
957 1194 1094 1242 usibus
1131 1196 1375 1243 necessariis
1415 1198 1640 1264 deputavi-

257 1285 368 1327 mus,
402 1270 447 1313 &
471 1269 604 1330 usque
636 1267 693 1314 ad
719 1267 837 1313 diem
875 1268 977 1313 lune
1012 1266 1176 1314 ibidem
1200 1286 1519 1332 permanenteS,
1545 1290 1641 1320 tan·
1659 1293 1737 1330 Aug.
1755 1300 1783 1328 7.

259 1338 361 1385 dem
396 1340 567 1385 saturati
597 1339 758 1402 spoliis,
799 1339 997 1401 reliquias
1031 1340 1212 1386 civitatis
1242 1357 1319 1402 per
1353 1342 1505 1405 ignem
1530 1346 1639 1392 iudi-

258 1412 471 1470 cavimus,
511 1411 699 1472 velisque
743 1411 893 1457 levatis
918 1412 1051 1473 usque
1081 1411 1137 1457 ad
1171 1412 1314 1458 fauces
1337 1413 1464 1460 stricti
1496 1419 1641 1478 maris,

258 1481 381 1546 quod
406 1482 576 1528 Ostrior
607 1481 775 1533 dicunt,
815 1481 975 1527 eodem
1014 1499 1148 1529 vento
1186 1484 1231 1528 ὃς
1257 1484 1356 1530 velo
1384 1486 1642 1549 volavimus,

258 1553 332 1601 ubi
351 1572 453 1600 euro
474 1555 514 1600 se
534 1571 808 1618 opponente,
838 1555 964 1618 super
982 1557 1183 1601 anchoris
1202 1560 1381 1603 nocstem
1403 1561 1638 1623 exegimus.

256 1626 386 1672 Mane
408 1643 511 1672 vero
530 1627 669 1673 ventis
695 1624 931 1672 furentibus
956 1625 1011 1672 ad
1032 1628 1216 1673 insulam
1234 1627 1479 1692 predicflam
1505 1631 1642 1678 redire

258 1696 452 1759 conpulsi
496 1695 658 1743 damna
698 1699 743 1743 ὅ(
776 1697 966 1760 pericula
1012 1700 1057 1744 ὃς
1091 1699 1247 1745 multas
1273 1702 1529 1763 pertulimus
1566 1721 1642 1750 an-

258 1768 426 1832 gustias.
465 1768 672 1831 Qatuor
695 1769 843 1831 itaque
868 1767 1018 1814 diebus
1046 1771 1255 1816 continue
1279 1772 1558 1820 ascendendo
1584 1774 1640 1821 ad

258 1839 401 1884 celum
424 1841 470 1885 ὃς
496 1838 804 1885 descendendo
842 1840 976 1901 usque
1010 1840 1066 1886 ad
1100 1840 1259 1887 abiffos
1294 1841 1492 1890 fluetibus
1525 1846 1641 1892 iratis

257 1911 402 1955 iaciati
426 1909 502 1956 sub
539 1910 690 1970 insula,
725 1926 878 1957 ventos
914 1912 1033 1973 sequi
1066 1913 1111 1957 ὅς
1145 1914 1254 1958 mari
1279 1914 1523 1975 procelloso
1561 1935 1640 1964 nos

258 1982 546 2040 committere,
571 1980 695 2044 quod
714 1982 888 2045 plurimi
909 1980 1182 2041 timebamus,
1208 1982 1496 2032 iudicavimus
1522 1989 1639 2033 tutis-

256 2050 428 2111 fimum,
452 2051 559 2098 illud
583 2053 745 2099 Senece
776 2052 832 2099 ad
862 2053 1073 2099 Lucillum
1108 2054 1366 2102 recolentes:
1391 2060 1435 2102 In
1458 2065 1639 2120 tempesta

254 2127 541 2185 navigantibus
580 2126 640 2169 nil
682 2144 776 2185 eque
812 2128 1028 2170 timendum
1071 2144 1185 2185 quam
1225 2144 1383 2173 terram.
1424 2129 1639 2177 Anchoris

253 2194 401 2256 itaque
420 2197 561 2258 prima
583 2195 778 2243 sabbathi
797 2214 925 2242 mane
945 2196 1111 2256 levatis,
1130 2195 1201 2243 secl
1222 2196 1412 2259 pluribus
1433 2200 1475 2245 in
1497 2201 1637 2249 fundo
1656 2219 1733 2256 Aug.
1756 2228 1800 2247 12.

253 2265 422 2326 relicfliS,
450 2267 511 2315 86
538 2284 668 2314 naves
691 2268 874 2314 statione
898 2268 1052 2327 soluta,
1078 2267 1151 2314 ubi
1176 2286 1265 2316 erat
1293 2270 1459 2333 spiritus
1484 2290 1638 2320 vento-

253 2353 350 2382 rum
388 2339 433 2382 &
460 2338 752 2400 procellarum
785 2340 988 2403 impetuS,
1027 2340 1128 2385 illuc
1161 2339 1420 2399 ferebantur,
1459 2343 1561 2390 fidei
1595 2347 1640 2391 ὃς

253 2406 464 2470 propositi
502 2407 743 2454 scindentes
775 2410 1000 2469 unitatem,
1037 2411 1290 2457 necessitatis
1326 2430 1506 2476 urgente
1543 2416 1638 2460 arti-

253 2478 366 2524 culo.
410 2478 502 2525 Nos
532 2496 638 2526 vero
674 2481 718 2526 in
749 2497 928 2543 portum
963 2481 1150 2544 Hispalis
1185 2500 1361 2547 magne,
1402 2502 1486 2547 que
1522 2503 1639 2531 nunc

253 2547 401 2595 Sibilia
447 2549 615 2610 dicitur,
662 2568 754 2597 non
796 2551 881 2598 fine
919 2570 1087 2616 magno
1131 2555 1327 2616 periculo
1369 2556 1633 2603 intravimus.

255 2620 474 2667 Dominus
495 2638 642 2668 autem
667 2623 741 2684 qui
761 2621 937 2669 deducit
961 2623 1016 2669 ad
1040 2624 1201 2670 inferos
1224 2627 1269 2671 ὅ(
1293 2625 1472 2685 reducit,
1497 2627 1636 2674 humi-

307 2787 316 2808 1
350 2776 390 2808 A.
410 2776 654 2819 magnimitate.
678 2795 721 2800 —
742 2791 760 2809 2
777 2777 890 2809 nostris
908 2777 1064 2810 incertum
1083 2777 1116 2809 in
1137 2780 1173 2810 A.
