2216 3435
624 268 896 303 OBSIDIONIS
931 266 1194 300 DAMIATE.
1528 269 1542 298 I
1553 265 1610 316 03

246 423 347 478 eius,
390 423 571 465 Ioannes
606 416 661 462 de
694 416 820 467 Affis‚
860 432 1008 460 comes
1043 413 1098 459 de
1127 413 1295 472 Belinis‚
1336 412 1531 459 Andreas
1561 412 1616 459 de
1637 435 1714 465 1219

245 491 350 551 Pifis‚
385 489 611 535 Anselmus
636 487 691 533 de
714 488 834 545 Luni,
868 484 1108 549 prepositus
1142 485 1286 530 Sanffl
1310 485 1479 544 Omeri,
1515 502 1616 530 cum

243 565 339 610 lxxx
373 559 578 606 militibus
613 561 657 604 ὃς
695 558 749 604 de
789 558 879 603 aliis
919 555 1122 602 omnibus
1156 554 1358 619 gentibus
1392 556 1616 618 plusquam

245 654 271 682 v
299 633 429 679 milia.
475 631 520 676 Et
555 631 775 676 Sarraceni
812 630 943 674 secuti
978 629 1074 674 sunt
1112 628 1282 689 semper
1316 626 1616 673 interficiendo

245 705 511 752 Christianos
547 702 680 763 usque
716 700 771 746 ad
813 699 1019 746 fossatum
1054 717 1221 755 eorum,
1264 701 1309 744 ὅς
1334 699 1470 744 multa
1500 717 1620 744 arma

244 793 344 821 cum
369 773 512 819 multis
537 773 656 834 equis
682 773 914 817 amiserunt
937 774 981 817 ὃς
1007 770 1061 816 fic
1081 772 1182 817 vicii
1208 771 1302 815 sunt
1320 770 1551 815 Christiani
1575 772 1619 814 δε

242 848 285 892 in
309 845 487 891 flumine
529 861 663 889 unam
687 843 860 905 galeam
896 859 1109 888 armatam
1144 859 1245 887 cum
1276 840 1470 886 ducentis
1494 844 1620 887 mari-

243 918 369 964 nariis
396 916 640 962 amiserunt.
667 915 763 959 Tali
782 913 920 959 modo
941 914 1181 960 iustificavit
1200 914 1318 958 Deus
1338 911 1620 972 Christianos,

243 990 344 1051 quia
369 1004 459 1032 non
481 1004 582 1032 cum
601 987 689 1031 eius
717 987 875 1030 timore
894 994 906 1014 ¹
926 984 998 1030 sed
1024 1002 1125 1030 cum
1150 985 1293 1029 furore
1318 1000 1483 1046 magno
1509 986 1619 1030 exie-

242 1076 352 1105 runt.
389 1058 433 1103 Et
467 1074 559 1102 non
593 1058 734 1102 minus
769 1057 932 1102 mortui
963 1056 1059 1101 sunt
1099 1055 1152 1101 de
1177 1055 1431 1112 Sarracenis,
1468 1056 1513 1099 ὃς
1538 1071 1620 1100 tres

241 1130 422 1186 amirarij
460 1126 695 1190 decapitari
736 1128 847 1183 sunt,
891 1127 1007 1172 unde
1043 1126 1274 1173 Christiani
1305 1125 1536 1172 dicebant:
1583 1127 1621 1170 O

242 1205 330 1246 dies
355 1205 425 1261 ista
452 1202 539 1244 dies
574 1203 648 1255 ire,
693 1200 943 1243 calamitatis
969 1199 1009 1243 ὃ)
1041 1203 1198 1256 mortis,
1239 1201 1279 1242 in
1307 1216 1383 1257 qua
1408 1202 1475 1242 vix
1499 1201 1620 1256 iustus

233 1274 421 1335 salvatus
445 1275 509 1330 est,
541 1274 635 1329 quia
655 1270 787 1314 DEUS
806 1282 1034 1315 SUPERBIS
1063 1281 1305 1323 RESISTIT,
1343 1280 1619 1315 HUMILIBUS

241 1354 432 1390 AUTEM
468 1353 582 1386 DAT
621 1353 876 1386 GRATIAM
913 1340 1006 1402 (Ep.
1031 1353 1049 1385 1
1074 1340 1193 1397 Petri,
1218 1354 1262 1399 v,
1293 1344 1350 1401 ς).
1384 1340 1427 1385 Et
1452 1338 1620 1385 duravit

240 1413 347 1460 illud
381 1412 543 1458 bellum
577 1429 602 1456 a
624 1429 754 1456 mane
789 1412 921 1473 usque
957 1411 1013 1456 ad
1048 1411 1258 1473 vesperas,
1297 1409 1508 1457 Videntes
1532 1411 1618 1455 hoc

241 1485 447 1531 dominus
482 1482 648 1545 legatus
676 1484 721 1527 ὃς
748 1482 1168 1542 Hierosolymitanus
1198 1499 1271 1527 rex
1294 1484 1339 1527 ὃς
1364 1482 1433 1540 alij
1470 1482 1547 1528 viri
1573 1483 1619 1527 &

240 1556 395 1602 milites
419 1552 601 1612 nobiles,
637 1553 874 1614 plurimum
910 1554 1006 1598 sunt
1030 1553 1265 1598 contristati
1287 1555 1332 1598 ὃς
1357 1551 1617 1599 conturbati.

238 1625 459 1673 Sarraceni
493 1624 537 1668 in
573 1623 746 1669 civitate
782 1641 883 1668 cum
919 1622 1129 1682 cimbalis,
1166 1622 1292 1682 tubis,
1328 1622 1550 1669 tamburiis
1574 1625 1620 1669 ὃς

238 1695 420 1745 vocibus
451 1694 689 1741 exultantes
713 1693 951 1741 laudabant
976 1696 1134 1740 Deum.
1179 1697 1223 1739 In
1248 1695 1321 1740 illo
1347 1693 1431 1754 die,
1474 1693 1501 1740 fi
1526 1712 1618 1740 non

238 1766 401 1814 adesset
426 1784 496 1812 rex
524 1766 735 1812 [ohannes
763 1768 808 1811 ὅς
839 1766 1101 1828 hospitalarij
1135 1767 1180 1811 ὃς
1210 1765 1423 1827 templarij
1449 1768 1493 1811 &
1517 1766 1618 1811 Ala-

238 1839 402 1897 manni,
427 1855 580 1883 omnes
610 1837 841 1883 Christiani
860 1835 994 1882 effent
1014 1835 1218 1883 decollati
1238 1838 1283 1882 ὅ(
1303 1835 1419 1882 clucffi
1449 1838 1492 1882 in
1516 1854 1618 1900 cap-

239 1926 415 1957 tivitate.

302 1981 400 2027 XLI.
431 1978 604 2038 Audite,
629 1978 775 2023 fratres
801 1978 998 2023 cariffimi
1022 1979 1066 2023 δε
1090 1976 1178 2036 filij,
1217 1978 1399 2039 qualiter
1427 1978 1618 2024 Christus

238 2052 400 2113 recepit
443 2067 650 2110 martyres
697 2051 794 2095 suos
840 2051 1023 2095 sancios.
1074 2047 1273 2111 Qiclam
1317 2049 1618 2096 Theotonicus

239 2121 461 2169 dicebatur
485 2139 699 2168 mortuus:
722 2131 740 2151 2
768 2125 899 2167 nocie
924 2121 1119 2183 sequenti
1145 2121 1275 2167 erexit
1300 2121 1453 2166 oculos
1473 2122 1571 2167 suos
1603 2131 1618 2161 3

239 2196 283 2240 δε
308 2193 416 2240 vidit
454 2192 677 2256 quendam
701 2194 840 2239 virum
870 2210 1099 2257 magnum,
1134 2190 1316 2238 vestibus
1348 2191 1454 2238 albis
1492 2193 1620 2239 indu-

29 2272 72 2302 M-
91 2272 110 2302 f·
127 2274 163 2313 65
182 2273 221 2303 D·
240 2281 348 2325 tum,
383 2267 428 2310 &
465 2281 567 2310 cum
592 2282 756 2328 magna
779 2266 824 2310 ὅ(
848 2262 1153 2310 innumerabili
1178 2262 1454 2309 multitudine
1487 2281 1620 2328 ange-

239 2303 384 2383 loruin
409 2336 535 2398 luper
561 2334 772 2382 cadavera
806 2352 1083 2382 mortuorum
1105 2353 1308 2381 canentes
1332 2337 1377 2381 &
1403 2334 1618 2381 dicentes:

0 2387 61 2440 lP
76 2410 96 2441 f
112 2412 219 2451 ¹131)
241 2411 308 2466 Isti
338 2409 445 2467 sunt,
483 2412 552 2467 qui
589 2425 773 2452 venerunt
810 2427 855 2452 ex
895 2426 1038 2468 magna
1075 2408 1330 2452 tribulatione
1366 2408 1405 2452 ὃ*
1441 2408 1621 2452 laverunt

226 2479 357 2538 stolas
369 2480 472 2539 suas
499 2481 748 2539 insanguine
774 2484 873 2540 agni
891 2478 1119 2540 (Apocal,
1139 2491 1223 2537 VII,
1259 2491 1327 2542 13,
1346 2479 1430 2540 leq
1436 2478 1509 2538 )ἑ>
1528 2496 1621 2523 con-

237 2551 484 2610 tempserunt
515 2553 639 2594 vitam
674 2551 813 2595 mundi
837 2550 876 2594 ὅ)
901 2553 1045 2595 mortui
1073 2552 1173 2611 sunt
1199 2568 1278 2610 pro
1302 2552 1390 2609 fide
1423 2550 1463 2594 5..
1488 2567 1621 2594 amore

287 2728 298 2747 1
323 2716 371 2748 M.
391 2722 532 2748 tumore.
554 2734 598 2739 —-
617 2728 635 2747 2
658 2715 707 2748 M.
729 2714 842 2747 dicunt
862 2721 949 2747 mort
960 2725 1030 2746 uos.
1050 2733 1093 2737 —
1116 2724 1130 2754 3
1150 2714 1214 2747 Hoc
1232 2713 1294 2747 loco
1311 2720 1419 2747 textus
1438 2712 1619 2758 Paristensts

241 2770 290 2802 ad
306 2767 420 2802 codicis
441 2767 630 2811 Mutinenfis
648 2775 770 2801 textum
789 2767 905 2801 iterum
925 2767 1056 2800 accedit.
