2216 3435
690 150 701 179 1
718 135 776 195 38
1075 147 1371 181 ANTONINUS
1410 148 1654 181 MARTYR.

683 304 747 325 nos
775 292 810 326 in
840 292 965 326 vallem
992 293 1082 327 inter
1113 295 1209 327 Oreb
1234 295 1265 328 δε
1285 294 1374 328 Sina.
1405 295 1467 328 Ad
1493 294 1648 329 radicem
1681 294 1811 328 montis
1841 293 1995 328 eiusdem
2027 294 2072 328 est

682 347 762 380 sons
786 347 858 389 ille,
876 348 936 380 ubi
959 348 1091 381 Moises
1113 348 1314 393 adaquabat
1333 361 1426 390 oveS‚
1457 349 1600 394 quando
1621 349 1707 382 vidit
1727 349 1906 382 ardentem
1927 349 2074 391 rubum,

682 401 743 446 qui
765 400 843 434 fons
875 401 1029 434 inclusus
1058 401 1103 435 est
1120 402 1211 435 infra
1232 402 1492 436 monasterium.
1522 403 1609 436 Inde
1629 402 1850 436 ascendimus
1869 402 1913 434 ad
1933 402 2072 447 spelun-

683 467 761 488 cam
793 455 854 488 ubi
874 455 1074 489 asconditus
1095 455 1162 489 fuit
1183 455 1305 489 Helias
1326 456 1497 501 propheta
1517 456 1662 501 quando
1682 455 1776 500 fugit
1795 455 1942 489 Iezabel.
1971 457 2072 489 Ante

686 509 794 554 ipsam
811 509 1013 554 speluncam
1035 509 1142 553 surgit
1161 509 1255 551 fons,
1273 509 1334 554 qui
1349 509 1471 554 irrigat
1487 509 1600 555 ipsum
1623 518 1794 543 montem.
1814 508 1939 542 Postea
1956 509 2074 542 ascen-

680 563 801 596 dentes
830 562 863 595 in
896 563 1135 596 summitatem
1166 563 1362 597 cacuminis
1395 563 1537 606 montis,
1563 563 1686 609 inquo
1709 562 1754 597 est
1783 562 1976 596 oratorium
1997 575 2073 608 par-

681 629 776 659 vum,
797 616 928 649 habens
943 617 977 650 in
998 616 1223 661 longitudine
1242 617 1347 662 pedes
1368 616 1426 660 vij,
1446 617 1477 650 &
1496 617 1530 650 in
1554 617 1739 651 latitudine
1760 616 1924 659 similiter,
1944 616 1979 649 in
1999 628 2072 662 quo

682 671 798 704 nullus
820 683 960 704 manere
983 670 1162 716 presumit,
1193 670 1259 712 sed,
1280 679 1358 705 orto
1379 670 1448 712 die,
1467 671 1661 705 ascendunt
1682 670 1850 704 monachi
1869 670 1911 704 de
1933 669 2071 715 prefato

681 724 892 757 monasterio
907 725 938 757 Sc
954 724 1132 758 celebrant
1149 724 1318 765 officium,
1334 735 1490 769 moxque
1504 732 1726 758 revertuntur
1741 724 1784 757 ad
1806 723 2066 757 monasterium.

681 778 737 811 De
766 777 903 823 prefato
931 777 1013 811 loco
1039 778 1198 811 venimus
1231 777 1274 810 ad
1304 777 1528 822 septuaginta
1559 778 1645 811 duas
1672 777 1808 822 palmas
1830 777 1862 810 δε
1896 776 2072 821 Magdalo

680 832 711 864 Sc
726 833 858 865 Socoth
877 832 907 864 δι
927 831 1184 877 applicavimus
1204 830 1250 864 ibi
1271 831 1361 864 duos
1382 831 1468 872 dies,
1487 831 1627 875 fatigati
1646 830 1721 876 post
1738 838 1879 864 tantum
1901 830 2070 864 laborem.

679 886 766 918 Inde
791 886 952 919 venimus
978 886 1021 918 ad
1046 885 1180 927 locum,
1208 884 1269 918 ubi
1298 884 1356 927 filij
1377 884 1479 917 Israel
1498 884 1704 917 transierunt
1724 896 1818 917 mare
1833 884 2014 924 Rubrum,
2040 884 2072 917 &

681 940 893 973 transeuntes
922 938 1084 972 venimus
1112 938 1145 971 in
1175 939 1294 972 locum
1324 938 1383 971 ubi
1409 938 1627 971 intraverunt
1652 937 1686 970 in
1717 949 1823 980 mare,
1850 938 1910 970 ubi
1930 937 1975 970 est
1994 949 2071 971 ora-

684 993 815 1026 torium
840 992 956 1026 Moifi.
977 994 1018 1025 In
1038 992 1118 1026 loco
1140 1004 1220 1025 vero
1240 991 1300 1025 ubi
1321 991 1538 1034 transierunt,
1554 990 1741 1025 inundatio
1768 991 1872 1024 maris
1893 990 2072 1035 egreditur

681 1046 723 1079 de
753 1046 881 1091 pelago
912 1045 1036 1079 maiori
1067 1047 1098 1079 δε
1127 1045 1328 1079 extenditur
1355 1045 1390 1078 in
1413 1045 1533 1079 multis
1566 1044 1724 1086 milibus,
1742 1044 1826 1090 quia
1847 1044 2019 1078 accessam
2039 1045 2072 1078 &

680 1100 843 1134 receffam
874 1101 990 1133 habet.
1010 1099 1213 1133 Recedente
1246 1099 1344 1142 mari,
1371 1106 1515 1144 apparet
1540 1098 1656 1132 omnis
1681 1098 1851 1132 subversio
1877 1098 2074 1132 Pharaonis

680 1155 711 1187 δε
734 1154 856 1188 omnia
873 1166 971 1187 arma
988 1153 1132 1187 illorum
1162 1153 1197 1186 in
1228 1164 1403 1186 marmore
1425 1159 1562 1185 mutata
1585 1152 1759 1186 videntur.
1786 1151 1840 1185 Ibi
1868 1151 2073 1198 accepimus

681 1219 789 1242 nuces
815 1207 940 1242 virides
967 1207 1045 1240 miri
1064 1206 1208 1252 saporis,
1236 1219 1306 1252 que
1333 1207 1375 1240 de
1396 1206 1498 1239 India
1526 1213 1707 1249 venerunt,
1736 1218 1823 1251 quas
1841 1206 1883 1239 de
1905 1205 2072 1240 Paradiso

679 1261 803 1295 dicunt
834 1261 996 1295 homines
1023 1260 1096 1294 effe.
1133 1261 1243 1294 Tune
1270 1260 1431 1294 venimus
1456 1272 1516 1305 per
1543 1271 1690 1305 campos
1716 1260 1902 1302 Thaneos,
1932 1259 1968 1293 in
2001 1272 2073 1305 qua

680 1315 847 1349 residebat
864 1315 1003 1348 Pharao
1022 1315 1053 1347 δε
1072 1327 1113 1348 ex
1132 1327 1203 1359 qua
1225 1313 1385 1347 exierunt
1403 1313 1463 1357 filij
1484 1313 1599 1347 Israel.
1621 1313 1763 1347 Deinde
1780 1312 2007 1359 pervenimus
2036 1312 2073 1347 in

683 1370 790 1403 Minfi
811 1369 1005 1410 civitatem,
1026 1367 1086 1402 ubi
1105 1368 1185 1402 sunt
1203 1367 1394 1402 duodecim
1414 1368 1539 1401 horrea
1556 1368 1691 1413 Ioseph.

732 1423 885 1468 Explicit
902 1424 966 1456 iter
986 1423 1078 1456 beati
1096 1422 1262 1456 Antonini.
