2216 3435
296 627 882 689 „vc-AQCTJMOQMLIS
914 628 1545 688 HEY‘DEQHEIMEQSJS

636 801 758 839 VITA,
782 801 856 831 SEU
878 801 1220 830 HODOEPORICON

562 936 610 994 S.
666 936 1292 995 WILLIBALDI

765 1433 1056 1521 Prologus.
1075 1445 1094 1462 ‘¹

335 1604 338 1606 .
381 1588 511 1615 ,βιῶ

252 1622 269 1634 Γ
340 1636 363 1660 i
449 1647 477 1676 is
534 1649 535 1652 ¹
567 1631 874 1679 ENERANDIS
890 1633 1118 1694 immoque
1142 1633 1186 1678 in
1203 1632 1373 1679 Christo
1393 1632 1608 1678 cariffimis

262 1701 270 1716 ²
359 1698 376 1704 i
405 1744 407 1755 ‚
435 1717 442 1724 ”
469 1704 549 1768 mi)
566 1704 785 1764 omnibus,
808 1705 1082 1752 sacerdotalis
1101 1706 1235 1752 infule
1257 1705 1426 1751 honore
1451 1705 1607 1765 ditatis,

477 1768 550 1822 (lsi
564 1779 832 1842 presbyteris,
858 1780 1134 1842 preclareque
1154 1779 1312 1825 indolis
1338 1778 1607 1840 diaconibus,

376 1898 381 1901 Α
498 1875 535 1902 ιχ
563 1853 608 1897 &
626 1851 904 1896 nihilominus
924 1849 1166 1908 abbatibus,
1192 1850 1273 1898 five
1297 1850 1499 1897 omnibus
1523 1870 1604 1915 po-

235 1923 397 1988 pularie
427 1920 692 1967 conditionis
721 1921 986 1984 proceribus,
1013 1940 1120 1985 quos
1154 1923 1373 1985 pastoralis
1399 1940 1497 1968 cure
1523 1925 1606 1985 pri-

235 1996 394 2059 vilegio
420 1996 514 2057 pius
550 2010 780 2056 procerum
812 1993 1011 2055 pontifex
1039 1993 1145 2038 alios
1175 1994 1278 2057 agio
1312 1992 1464 2039 ordine
1493 1995 1605 2056 pres—

235 2066 423 2126 byteros,
459 2065 565 2110 alios
591 2063 730 2109 sobrie
755 2063 960 2126 pudicitie
991 2065 1207 2128 elegantes
1235 2063 1461 2121 diaconos,
1500 2065 1606 2110 alios

236 2135 471 2183 cenobialis
498 2136 648 2181 militie
674 2134 929 2193 monachos,
961 2135 1067 2180 alios
1091 2134 1166 2180 sub
1192 2134 1434 2197 discipulari
1457 2134 1604 2181 habitu

235 2206 470 2254 sollertibus
486 2207 723 2252 litterarum
747 2205 889 2251 studiis
914 2205 1167 2264 inherendo,
1189 2204 1410 2262 docendo,
1435 2206 1490 2251 ad
1516 2225 1605 2252 me-

232 2281 340 2326 liora
356 2280 459 2324 reff’ti
473 2278 692 2341 regiminis
713 2279 958 2340 principatu
978 2276 1216 2323 erudiendo
1238 2279 1448 2339 provexit,
1470 2280 1514 2323 ὅς
1533 2279 1604 2336 ita,

236 2368 281 2397 ut
313 2350 509 2414 egregius
539 2350 803 2394 exercituum
827 2349 1024 2393 alumnus
1056 2349 1128 2393 sua
1162 2346 1365 2393 industria
1399 2366 1476 2411 per
1511 2347 1605 2393 dio-

235 2419 361 2467 cefim
396 2421 624 2485 diligenter
655 2420 851 2483 quodam
879 2419 1017 2465 modo
1044 2436 1088 2465 ut
1116 2435 1241 2464 natos
1269 2421 1469 2481 proprios
1495 2421 1603 2465 mul-

234 2492 393 2551 cendo,
431 2492 624 2539 fovendo
650 2492 797 2539 fovere
826 2490 1004 2548 solebat,
1041 2491 1124 2535 istis
1149 2488 1352 2535 omnibus
1379 2491 1499 2536 istinc
1526 2490 1600 2537 sub

235 2565 348 2610 sacre
375 2563 480 2627 legis
507 2562 810 2609 moderamine
836 2560 1127 2621 manentibus,
1152 2578 1238 2625 ego
1267 2560 1450 2625 indigna
1473 2563 1602 2608 Saxo·

281 2718 312 2739 a.
330 2707 364 2739 C.
382 2705 498 2750 Incipit
516 2706 691 2750 prologus;
714 2707 758 2746 Ρ.,
773 2707 805 2738 C.
822 2707 875 2738 In-
959 2704 1082 2738 fefforis
1102 2713 1201 2748 atque
1223 2704 1385 2749 pontificis
1404 2705 1600 2747 Willibaldi,

236 2759 313 2804 cipit
332 2758 488 2804 prologus
505 2758 536 2791 in
553 2759 653 2792 vitam
679 2758 776 2792 sanffl
796 2770 876 2792 con·
960 2757 1090 2804 patroni
1119 2757 1305 2803 pariterque
1330 2758 1466 2802 pastoris
1492 2757 1599 2792 nostri.
