2216 3435
546 127 669 183 xxviij
1065 133 1360 168 PRAEFATm.

597 278 686 332 Quo
707 292 798 317 vero
804 276 968 331 facilius
995 285 1111 316 textus
1130 276 1248 322 noller
1269 289 1350 314 cum
1369 273 1531 326 vulgari
1558 271 1726 327 conferri
1740 272 1869 327 poſjet,
1889 271 1932 311 id

544 344 628 383 utile
635 343 730 398 sore
739 342 892 396 putavi,
899 341 940 397 st
955 341 1127 381 Antonini
1135 340 1445 395 peregrinationis
1461 338 1670 378 breviorem
1689 336 1926 391 recenstonem

545 410 599 449 ad
614 424 704 448 meae
719 408 879 448 editionis
893 407 1029 447 calcem
1045 407 1232 446 adderem.
1257 404 1301 444 In
1321 404 1384 443 hoc
1398 405 1521 456 itaque
1540 403 1728 444 volumine
1744 403 1825 455 post
1838 402 1931 442 inte-

540 475 705 528 griorem
726 474 841 528 operis
862 472 1118 520 redabtionem,
1145 469 1184 511 V
1181 470 1370 510 aticanam
1392 468 1592 520 verfionem
1612 468 1786 508 invenies.

598 539 833 595 Quinetiam,
867 538 963 578 nobis
1004 537 1151 576 tandem
1190 536 1228 575 in
1263 534 1505 589 recentiffimis
1542 534 1762 587 temporibus
1790 532 1937 585 contigit

545 604 758 644 mutilatum
788 602 952 643 Caduini
984 602 1148 651 codicem,
1179 601 1242 653 qui
1265 600 1408 652 quidem
1437 599 1621 639 ulterioris
1645 598 1778 648 aetatis,
1803 596 1936 653 saeculi

534 670 679 727 scilicet
713 668 809 708 XII
843 668 911 708 vel
945 666 1064 707 XIII
1081 676 1092 696 ¹
1131 667 1192 718 est,
1225 665 1262 704 in
1301 665 1471 705 manibus
1508 663 1657 704 habere.
1697 663 1812 703 Illum
1849 677 1936 715 ergo

546 744 657 774 totum
683 733 918 792 inseruimus,
946 733 1008 785 qui
1028 731 1293 787 praecedentem
1324 739 1459 770 textum
1490 731 1534 770 de
1562 730 1678 769 verbo
1705 729 1760 768 ad
1775 729 1934 768 verbum

534 800 721 857 sequitur,
755 799 950 854 Quamvis
975 807 1096 838 autem
1129 797 1171 836 de
1199 796 1261 836 illo
1289 795 1407 835 multa
1420 795 1677 851 speraverint
1699 794 1766 844 illi,
1794 793 1857 847 qui
1883 809 1936 833 me

543 864 814 920 praecff‘rint,
857 865 1020 915 editores,
1043 863 1249 917 fatendum
1301 862 1350 915 est
1396 861 1501 900 illum
1539 859 1733 914 perparvi
1769 859 1938 898 momenti

546 946 564 970 e
601 946 616 969 e
647 939 754 984 atque
781 931 835 970 ad
859 939 996 970 textum
1023 929 1165 968 nullum
1190 938 1282 982 pene
1291 925 1499 985 subsidium
1533 925 1690 980 affirre.
1723 924 1865 964 Eadem
1897 923 1934 962 in

547 1011 596 1046 eo,
635 1005 676 1034 ut
715 996 752 1034 in
792 995 977 1053 plerisque
1015 994 1096 1034 aliis
1134 993 1323 1044 codicibus,
1357 990 1543 1047 confusio;
1583 992 1627 1031 &
1664 991 1702 1030 in
1742 1005 1778 1029 eo
1813 989 1937 1029 verba

548 1061 680 1100 ultima
719 1062 766 1100 ab
802 1060 1017 1114 Acciphen
1058 1059 1169 1117 usque
1203 1058 1257 1098 ad
1280 1057 1397 1112 finem
1431 1057 1573 1114 desunt.
1614 1055 1813 1108 Postquam
1852 1068 1937 1106 ergo

548 1136 597 1166 tot
623 1126 892 1184 manuscriptos
925 1125 1055 1165 codices
1089 1123 1323 1182 inspexerim,
1361 1124 1429 1163 vix
1462 1121 1552 1162 mihi
1571 1121 1667 1177 fieri
1698 1119 1802 1175 poffi
1830 1119 1937 1159 vide-

548 1202 624 1243 tur,
656 1201 696 1231 ut
725 1191 943 1245 archetypon
971 1191 1228 1245 instauretur;
1261 1188 1323 1228 hoc
1358 1197 1479 1228 autem
1507 1202 1569 1227 nos
1597 1186 1780 1243 consolari
1805 1186 1934 1240 potest,

548 1258 644 1311 quod
656 1257 755 1310 longi
770 1257 908 1296 laboris
919 1256 1053 1309 gratia
1070 1264 1206 1295 textum
1221 1255 1258 1294 in
1275 1254 1397 1294 multis
1410 1253 1495 1294 locis
1509 1253 1740 1293 emendatum
1757 1253 1812 1292 ad
1823 1252 1937 1292 lucem

546 1323 726 1376 proferre
747 1323 845 1362 nobis
865 1321 1065 1375 contigerit.

605 1388 853 1443 [Impreffione
881 1388 957 1427 iam
988 1387 1174 1443 absoluta,
1197 1396 1271 1426 tres
1300 1385 1389 1426 novi
1415 1387 1459 1426 δέ
1486 1385 1598 1441 usque
1628 1383 1730 1424 hodie
1757 1382 1873 1436 ignoti
1899 1381 1937 1421 in

547 1469 681 1494 manus
711 1462 897 1494 venerunt
923 1453 1067 1503 codices,
1097 1452 1160 1505 qui
1190 1452 1353 1491 eamdem
1387 1466 1432 1491 ac
1465 1450 1672 1492 Vaticanus
1703 1449 1939 1490 continebant

548 1520 863 1569 retraetationem,
895 1535 910 1557 e
940 1518 1070 1571 quibus
1097 1527 1233 1557 textum
1273 1517 1471 1567 meliorem,
1505 1525 1547 1555 ut
1580 1517 1679 1555 nobis
1720 1514 1845 1568 visum
1877 1514 1938 1568 cst,

548 1586 804 1626 contexuimus.
826 1584 1005 1638 ⁴Quorum
1020 1585 1168 1638 primus
1184 1581 1363 1638 Parisiis,
1385 1583 1454 1635 alij
1470 1598 1560 1622 vero
1577 1581 1784 1622 Placentiae
1800 1580 1941 1633 reperti

546 1652 645 1707 sunt.
671 1649 843 1701 Textum,
876 1665 979 1704 quem
1011 1650 1111 1689 nobis
1142 1649 1203 1689 illi
1231 1658 1394 1702 quatuor
1421 1648 1567 1699 codices,
1605 1647 1831 1689 Vaticanum
1861 1647 1938 1686 dico

549 1717 724 1773 aliosque,
744 1716 1106 1772 suppeditaverunt,
1127 1716 1182 1755 ad
1198 1715 1332 1755 calcem
1353 1714 1551 1754 voluminis
1571 1713 1776 1764 retulimus,
1790 1723 1808 1744 2
1833 1727 1937 1765 quem

549 1784 700 1836 dignum
731 1781 802 1836 effe
828 1782 1024 1831 credimus,
1053 1781 1118 1833 qui
1142 1781 1190 1819 ab
1212 1781 1374 1819 omnibus
1394 1795 1484 1819 vere
1505 1779 1658 1819 eruditis
1687 1779 1785 1819 viris
1805 1785 1939 1818 attente

543 1849 778 1904 perlegatur.
811 1846 965 1905 „Quippe
1001 1846 1094 1885 enim
1133 1846 1170 1884 in
1214 1844 1283 1885 bac
1328 1845 1498 1884 breviori
1529 1845 1670 1885 itineris
1699 1843 1940 1884 Antoniniani

550 1914 725 1954 relatione
739 1913 858 1953 multa
878 1912 1060 1952 intellectu
1070 1911 1264 1965 faciliora
1279 1910 1468 1964 leguntur,
1491 1911 1535 1950 Εἴ
1550 1911 1740 1964 regionum
1757 1925 1800 1949 ac
1819 1909 1939 1949 villa—

550 1995 635 2019 rum
655 1979 803 2019 nomina
825 1979 957 2018 rezftius
974 1977 1210 2034 transcripta
1226 1977 1325 2016 nobis
1338 1976 1426 2032 visa
1438 1975 1545 2031 sunt.
1572 1974 1795 2031 Parisiensts
1815 1985 1938 2014 autem

549 2061 593 2085 ac
614 2045 792 2084 recentior
813 2043 1053 2084 Placentinus
1069 2043 1177 2082 codex
1195 2043 1292 2081 inter
1300 2041 1348 2097 se
1367 2041 1485 2094 magis
1505 2041 1753 2087 conveniunt;
1775 2039 1937 2080 Placen-

550 2111 667 2150 tinum
701 2110 862 2150 alterum
897 2125 941 2149 ac
977 2108 1202 2149 Vaticanum
1237 2124 1279 2147 ex
1311 2107 1429 2146 eodem
1466 2106 1660 2160 archetypo
1696 2105 1940 2161 transcriptos

551 2176 838 2231 effecredimus.

606 2241 714 2281 Huic
733 2256 843 2281 novae
851 2239 1067 2296 scriptioni,
1087 2253 1198 2292 quam
1219 2237 1256 2277 in
1277 2237 1475 2291 appendice
1496 2236 1592 2276 iuris
1607 2235 1752 2290 publici
1756 2235 1938 2290 fecimus,

553 2307 747 2360 antiquam
771 2305 962 2346 Gallicam
991 2304 1192 2359 ve7fionem
1222 2303 1359 2343 addere
1391 2302 1544 2355 placuit.
1575 2301 1694 2356 Quae,
1728 2300 1790 2356 etsi
1815 2301 1943 2354 parvi

552 2373 726 2413 commodi
752 2373 807 2412 ad
831 2381 967 2411 textum
993 2370 1151 2411 latinum
1172 2368 1471 2422 constituendum,
1499 2382 1568 2406 non
1599 2365 1739 2422 absque
1753 2366 1875 2420 pretio
1896 2367 1943 2421 est

553 2439 678 2492 quoad
692 2439 815 2478 verba
831 2439 875 2477 ξδ’
891 2437 1069 2490 linguam.
1092 2435 1131 2477 V
1129 2434 1274 2490 erstonis
1289 2434 1390 2485 istius
1410 2441 1536 2474 auctor
1546 2432 1693 2486 penitus
1709 2432 1909 2486 ignoratur
1923 2452 1939 2478 ,-

554 2520 635 2545 cum
667 2514 788 2544 autem
817 2504 924 2544 codex
947 2503 1044 2556 gall.
1076 2501 1174 2555 1038
1200 2500 1348 2541 Bibliot.
1381 2499 1477 2539 Nat.
1513 2496 1662 2554 Paris,
1696 2498 1733 2538 in
1763 2513 1831 2550 quo
1859 2513 1940 2538 cum

607 2627 621 2647 1
654 2615 724 2647 Nec
749 2615 812 2646 XV
838 2612 957 2654 saeculi,
982 2620 1017 2644 ut
1042 2620 1204 2656 typogra-
1290 2607 1479 2653 impressum
1499 2594 1629 2640 extitit..

557 2668 656 2714 phico
696 2667 846 2716 qqodam
888 2677 996 2700 errore
1032 2676 1112 2710 pag.
1160 2676 1204 2707 90
1320 2675 1358 2719 f²
1377 2661 1443 2695 PP.
1467 2663 1632 2704 360—382.
