2216 3435
632 163 699 195 DE
732 162 868 194 LOCIS
892 161 1115 195 SANCTIS.
1340 137 1347 143 ι
1482 169 1496 197 Ι
1515 163 1565 215 15

191 309 311 373 quod
333 325 513 356 vocatur
531 310 773 366 Surandala,
798 311 842 354 &
861 308 968 353 nihil
991 307 1122 354 habet
1140 309 1251 353 intus
1277 325 1416 371 preter
1435 310 1570 356 eccle—

190 381 292 427 siam
334 397 434 425 cum
471 377 721 441 presbytero
757 379 832 424 suo
868 381 912 424 ὃ(
950 377 1039 423 61υο
1073 378 1351 424 xenodochia
1389 397 1569 443 propter

196 452 469 497 transeuntes.
499 453 541 495 ln
567 467 655 512 quo
679 450 782 494 1060
810 449 1008 496 arborem
1038 450 1194 512 piperis
1218 450 1307 496 vidi
1331 453 1375 495 ὃς
1398 452 1443 496 in
1468 453 1561 514 ipsa

192 523 362 585 collegi.
393 520 551 566 Exinde
586 522 782 567 venimus
821 520 876 566 ad
906 521 1070 577 locum,
1097 524 1161 565 ubi
1174 524 1266 580 filij
1289 524 1417 582 Israel
1437 527 1567 584 trans-

189 611 322 639 euntes
360 612 468 638 mare
543 595 677 637 ubrum
710 592 841 637 castra
875 593 1024 638 metati
1056 592 1164 650 sunt,
1201 592 1356 637 &illic
1382 591 1569 639 fimiliter

190 665 277 709 esta
301 664 521 710 castellum
545 663 773 709 modicum
799 680 899 708 cum
924 662 1219 709 xenodochio.
1257 663 1301 708 Et
1323 663 1426 709 inde
1450 666 1568 710 veni-

189 753 284 780 mus
319 735 374 782 ad
408 737 572 795 locum,
608 735 663 781 ad
694 736 848 796 ripam,
886 733 958 780 ubi
987 733 1240 780 transierunt
1276 733 1349 792 filij
1378 736 1498 781 Israel
1521 739 1566 781 &

190 809 382 854 exierunt
418 807 473 852 de
503 809 622 853 mari.
662 805 720 852 Ibi
756 807 814 851 est
851 807 1306 867 07'a107‘iunzffiffoyfis,b
1341 805 1400 851 ibi
1438 807 1495 852 est
1524 809 1568 852 ὅ(

190 879 336 924 civitas
374 877 564 937 modica,
598 895 682 940 que
707 877 946 940 appellatur
971 879 1147 938 Clysma,
1182 876 1255 923 ubi
1281 879 1413 923 etiam
1438 896 1568 924 naves

190 949 244 995 de
267 950 385 996 India
410 951 601 996 veniunt.
623 951 729 1011 Quo
751 950 877 994 maris
901 949 1019 1007 loco,
1046 947 1118 994 ubi
1138 948 1405 1006 transierunt,
1424 950 1568 1012 gulfus

189 1024 274 1068 exit
298 1021 353 1067 de
378 1021 537 1085 pelago
563 1021 717 1066 maiori
742 1023 786 1066 ὃς
805 1019 1047 1066 eXtenditur
1070 1021 1183 1067 intus
1206 1022 1247 1065 in
1275 1021 1418 1066 multis
1444 1020 1568 1065 milli-

189 1090 281 1150 bus,
320 1093 419 1154 quia
445 1091 661 1138 acceffum
700 1090 998 1152 recessumque
1024 1089 1179 1152 habet3
1207 1091 1437 1138 recedente
1461 1092 1569 1136 mari

193 1164 337 1208 omnis
363 1162 644 1226 prefiguratio
669 1180 892 1208 armorum
912 1162 1143 1208 Pharaonis
1168 1165 1236 1210 vel
1259 1164 1438 1227 vestigia
1455 1179 1568 1207 rota-

192 1252 286 1279 rum
307 1251 509 1280 curruum
530 1251 697 1296 parent,
715 1232 787 1279 sed
807 1236 851 1279 &
871 1235 1021 1279 omnia
1045 1253 1165 1281 arma
1188 1237 1232 1281 in
1253 1252 1447 1280 marmor
1464 1251 1568 1278 con-

191 1306 306 1351 versa
330 1304 540 1351 videntur.
568 1305 653 1350 Illic
675 1306 923 1368 accepimus
950 1323 1079 1352 nuces
1104 1307 1255 1370 plenas
1286 1305 1456 1364 virides,
1485 1322 1569 1366 que

191 1376 245 1423 de
271 1375 390 1422 India
413 1392 637 1435 venerunt,
665 1394 770 1438 quas
803 1376 857 1422 de
882 1376 1084 1439 paradiso
1111 1377 1296 1424 credunt
1320 1376 1404 1423 effe
1427 1377 1568 1422 homi-

188 1466 277 1508 nes,
291 1450 409 1494 cuius
428 1450 564 1513 gratia
584 1449 674 1496 talis
695 1449 769 1494 est:
794 1450 1137 1511 quanticumque
1158 1467 1209 1495 ex
1228 1451 1276 1495 iis
1293 1450 1568 1513 gustaverint,

189 1522 403 1568 satiantur.
421 1533 434 1550 C

525 1681 640 1728 XLII.
665 1683 801 1743 Insula
826 1701 911 1727 cum
937 1684 1027 1728 oleo
1043 1687 1222 1744 petrino.

255 1807 369 1849 Intus
391 1819 537 1850 autem
567 1805 611 1849 in
642 1805 736 1867 ipso
761 1804 920 1868 pelago
955 1804 1011 1851 ad
1037 1805 1170 1851 millia
1195 1805 1402 1852 undecim
1426 1807 1484 1852 est
1506 1808 1569 1852 in-

191 1875 280 1921 sula
300 1874 491 1934 modica,
516 1876 561 1921 in
583 1892 668 1936 qua
693 1875 751 1921 est
775 1891 896 1938 petra
920 1877 1030 1922 viva.
1053 1879 1096 1922 ln
1123 1894 1208 1939 qua
1231 1877 1428 1940 pendent
1446 1877 1570 1941 digiti

190 1946 343 1992 molles
381 1962 426 1992 ut
450 1947 610 2005 carnei,
643 1948 686 1991 in
724 1946 913 1992 modum
948 1946 1237 2007 dafiylorum‚
1271 1950 1343 2010 qui
1381 1949 1571 1995 fundunt

191 2033 479 2079 unguentum,
510 2015 632 2078 quod
658 2017 805 2063 oleum
831 2019 1049 2080 petrinum
1074 2018 1312 2080 appellant,
1339 2021 1384 2064 ὃς
1408 2021 1450 2064 in
1478 2021 1570 2081 qui-

191 2087 375 2134 busdam
401 2087 671 2150 temporibus
702 2106 783 2151 pro
815 2088 982 2152 grande
1006 2087 1313 2135 bencdiffione
1338 2091 1566 2153 colligitur.

190 2160 292 2219 Vas,
335 2161 379 2204 in
421 2176 510 2221 quo
547 2176 759 2221 portatur,
801 2160 1031 2222 impletum
1074 2160 1099 2205 s1
1144 2161 1268 2206 fuerit
1303 2163 1347 2207 ὃς
1383 2162 1569 2207 volueris

191 2231 387 2276 reiterare
412 2230 468 2276 ad
494 2230 753 2289 tollendum,
778 2232 865 2276 iam
889 2248 979 2277 non
1006 2231 1051 2276 id
1078 2233 1241 2294 recipit,
1264 2250 1344 2278 nec
1369 2249 1498 2278 tenet.
1526 2236 1569 2278 In

193 2319 282 2364 quo
300 2302 402 2347 1060
424 2303 766 2363 quanticumque
787 2304 943 2365 egroti,
972 2304 1158 2348 maxime
1182 2302 1444 2360 demoniaci,
1475 2322 1569 2367 per-

193 2375 359 2436 tingere
384 2374 618 2435 potuerint,
650 2373 876 2420 salvantur.
906 2374 1043 2437 Quod
1078 2392 1181 2420 tunc
1211 2374 1459 2421 tollentibus
1490 2392 1569 2438 pro

193 2443 498 2490 benedie‘lione
524 2462 615 2491 non
636 2445 895 2507 permittitur
911 2446 1068 2491 iterum
1086 2447 1263 2491 introire
1284 2463 1359 2508 per
1378 2447 1569 2505 Clysma,

193 2532 428 2578 antequam
460 2516 685 2561 misceatur
719 2532 819 2560 cum
850 2515 978 2575 oleo;
1013 2533 1116 2562 nam
1141 2514 1167 2560 fi
1199 2533 1289 2560 non
1313 2515 1570 2562 adulterare-

197 2602 275 2647 tur,
312 2586 460 2646 credo,
502 2587 602 2649 quia
636 2587 803 2650 semper
838 2587 974 2650 ipsam
1006 2587 1208 2634 virtutem
1241 2587 1429 2647 faceret3
1467 2605 1570 2632 nam

244 2703 272 2724 a.
294 2690 421 2725 Addidi
437 2691 491 2724 est.
512 2711 552 2716 —
573 2692 605 2724 b.
627 2692 664 2725 In
681 2691 743 2735 ngff.
761 2703 834 2724 ora·
979 2704 1005 2725 c.
1027 2691 1077 2725 Al.
1098 2692 1260 2725 sanantur.

201 2745 322 2781 toriurn
344 2744 439 2778 Helie
450 2743 669 2789 pramittitur.
