<?xml version="1.0" encoding="UTF-8"?>
<!DOCTYPE html PUBLIC "-//W3C//DTD XHTML 1.0 Transitional//EN"
    "http://www.w3.org/TR/xhtml1/DTD/xhtml1-transitional.dtd">
<html xmlns="http://www.w3.org/1999/xhtml" xml:lang="en" lang="en">
 <head>
  <title>
</title>
<meta http-equiv="Content-Type" content="text/html;charset=utf-8" />
  <meta name='ocr-system' content='tesseract 3.04.00' />
  <meta name='ocr-capabilities' content='ocr_page ocr_carea ocr_par ocr_line ocrx_word'/>
</head>
<body>
  <div class='ocr_page' id='page_1' title='image "./p1itinerahierosoly1tobl_0093.png"; bbox 0 0 2216 3435; ppageno 0'>
   <div class='ocr_carea' id='block_1_1' title="bbox 673 185 1577 236">
    <p class='ocr_par' dir='ltr' id='par_1_1' title="bbox 673 185 1577 236">
     <span class='ocr_line' id='line_1_1' title="bbox 673 185 1577 236; baseline -0.002 -17"><span class='ocrx_word' id='word_1_1' title='bbox 673 186 890 220; x_wconf 87' lang='lat' dir='ltr'>SANCTAE</span> <span class='ocrx_word' id='word_1_2' title='bbox 916 186 1115 219; x_wconf 89' lang='lat' dir='ltr'><strong>PAULAE.</strong></span> <span class='ocrx_word' id='word_1_3' title='bbox 1521 185 1543 236; x_wconf 76' lang='lat'>3</span> <span class='ocrx_word' id='word_1_4' title='bbox 1557 186 1577 236; x_wconf 62' lang='grc' dir='ltr'><strong><em>ς</em></strong></span> 
     </span>
    </p>
   </div>
   <div class='ocr_carea' id='block_1_2' title="bbox 204 332 1583 2743">
    <p class='ocr_par' dir='ltr' id='par_1_2' title="bbox 206 332 1580 751">
     <span class='ocr_line' id='line_1_2' title="bbox 206 332 1577 399; baseline -0.005 -16"><span class='ocrx_word' id='word_1_5' title='bbox 206 340 341 383; x_wconf 66' lang='lat' dir='ltr'>no6le</span> <span class='ocrx_word' id='word_1_6' title='bbox 360 335 589 399; x_wconf 89' lang='lat' dir='ltr'>vigilantes</span> <span class='ocrx_word' id='word_1_7' title='bbox 611 332 757 379; x_wconf 86' lang='lat' dir='ltr'>audire</span> <span class='ocrx_word' id='word_1_8' title='bbox 784 348 1051 378; x_wconf 90' lang='lat' dir='ltr'>meruerunt:</span> <span class='ocrx_word' id='word_1_9' title='bbox 1080 333 1224 376; x_wconf 80' lang='lat' dir='ltr'><em>Gloria</em></span> <span class='ocrx_word' id='word_1_10' title='bbox 1251 334 1289 374; x_wconf 88' lang='lat' dir='ltr'>in</span> <span class='ocrx_word' id='word_1_11' title='bbox 1316 332 1469 392; x_wconf 74' lang='lat' dir='ltr'>excelsis</span> <span class='ocrx_word' id='word_1_12' title='bbox 1488 335 1577 376; x_wconf 76' lang='lat' dir='ltr'>‘Deo</span> 
     </span>
     <span class='ocr_line' id='line_1_3' title="bbox 206 402 1579 470; baseline -0.007 -16"><span class='ocrx_word' id='word_1_13' title='bbox 206 411 245 454; x_wconf 58' lang='grc' dir='ltr'>ἃ</span> <span class='ocrx_word' id='word_1_14' title='bbox 266 411 394 470; x_wconf 79' lang='lat' dir='ltr'>super</span> <span class='ocrx_word' id='word_1_15' title='bbox 427 424 571 451; x_wconf 79' lang='lat' dir='ltr'>terram</span> <span class='ocrx_word' id='word_1_16' title='bbox 599 424 680 469; x_wconf 80' lang='lat' dir='ltr'>pax</span> <span class='ocrx_word' id='word_1_17' title='bbox 708 406 933 449; x_wconf 76' lang='lat' dir='ltr'>hominibus</span> <span class='ocrx_word' id='word_1_18' title='bbox 962 406 1057 448; x_wconf 78' lang='lat' dir='ltr'>bone</span> <span class='ocrx_word' id='word_1_19' title='bbox 1086 404 1315 448; x_wconf 79' lang='lat' dir='ltr'>voluntatis.</span> <span class='ocrx_word' id='word_1_20' title='bbox 1371 402 1579 461; x_wconf 81' lang='lat' dir='ltr'>Dumque</span> 
     </span>
     <span class='ocr_line' id='line_1_4' title="bbox 211 470 1578 539; baseline -0.007 -14"><span class='ocrx_word' id='word_1_21' title='bbox 211 481 377 525; x_wconf 85' lang='lat' dir='ltr'>servant</span> <span class='ocrx_word' id='word_1_22' title='bbox 400 494 517 535; x_wconf 78' lang='lat' dir='ltr'>oves,</span> <span class='ocrx_word' id='word_1_23' title='bbox 536 477 792 522; x_wconf 87' lang='lat' dir='ltr'>invenerunt</span> <span class='ocrx_word' id='word_1_24' title='bbox 811 492 977 539; x_wconf 88' lang='lat' dir='ltr'>agnum</span> <span class='ocrx_word' id='word_1_25' title='bbox 997 475 1081 519; x_wconf 90' lang='lat' dir='ltr'>Dei</span> <span class='ocrx_word' id='word_1_26' title='bbox 1102 490 1212 536; x_wconf 90' lang='lat' dir='ltr'>puro</span> <span class='ocrx_word' id='word_1_27' title='bbox 1237 475 1281 518; x_wconf 68' lang='grc' dir='ltr'>ὃς</span> <span class='ocrx_word' id='word_1_28' title='bbox 1302 470 1578 517; x_wconf 83' lang='lat' dir='ltr'>mundiffimo</span> 
     </span>
     <span class='ocr_line' id='line_1_5' title="bbox 207 544 1579 610; baseline -0.007 -14"><span class='ocrx_word' id='word_1_29' title='bbox 207 549 373 608; x_wconf 75' lang='lat' dir='ltr'>vellere,</span> <span class='ocrx_word' id='word_1_30' title='bbox 398 545 521 610; x_wconf 87' lang='lat' dir='ltr'>quod</span> <span class='ocrx_word' id='word_1_31' title='bbox 546 548 589 591; x_wconf 91' lang='lat' dir='ltr'>in</span> <span class='ocrx_word' id='word_1_32' title='bbox 620 545 817 592; x_wconf 88' lang='lat' dir='ltr'>ariditate</span> <span class='ocrx_word' id='word_1_33' title='bbox 848 546 978 591; x_wconf 90' lang='lat' dir='ltr'>totius</span> <span class='ocrx_word' id='word_1_34' title='bbox 1015 561 1123 590; x_wconf 87' lang='lat' dir='ltr'>terre</span> <span class='ocrx_word' id='word_1_35' title='bbox 1155 544 1294 590; x_wconf 88' lang='lat' dir='ltr'>celesti</span> <span class='ocrx_word' id='word_1_36' title='bbox 1331 560 1426 588; x_wconf 89' lang='lat' dir='ltr'>rore</span> <span class='ocrx_word' id='word_1_37' title='bbox 1457 559 1579 587; x_wconf 92' lang='lat' dir='ltr'>com-</span> 
     </span>
     <span class='ocr_line' id='line_1_6' title="bbox 210 613 1580 684; baseline -0.004 -18"><span class='ocrx_word' id='word_1_38' title='bbox 210 621 374 684; x_wconf 86' lang='lat' dir='ltr'>pletum</span> <span class='ocrx_word' id='word_1_39' title='bbox 399 620 470 677; x_wconf 71' lang='lat' dir='ltr'>est,</span> <span class='ocrx_word' id='word_1_40' title='bbox 498 619 542 662; x_wconf 65' lang='grc' dir='ltr'>ὃς</span> <span class='ocrx_word' id='word_1_41' title='bbox 567 618 685 662; x_wconf 89' lang='lat' dir='ltr'>cuius</span> <span class='ocrx_word' id='word_1_42' title='bbox 705 617 873 680; x_wconf 88' lang='lat' dir='ltr'>sanguis</span> <span class='ocrx_word' id='word_1_43' title='bbox 894 617 988 661; x_wconf 92' lang='lat' dir='ltr'>tulit</span> <span class='ocrx_word' id='word_1_44' title='bbox 1007 632 1187 678; x_wconf 88' lang='lat' dir='ltr'>peccata</span> <span class='ocrx_word' id='word_1_45' title='bbox 1207 613 1359 660; x_wconf 90' lang='lat' dir='ltr'>mundi</span> <span class='ocrx_word' id='word_1_46' title='bbox 1380 616 1424 659; x_wconf 88' lang='lat'>&amp;</span> <span class='ocrx_word' id='word_1_47' title='bbox 1449 631 1580 661; x_wconf 83' lang='lat' dir='ltr'>extet-</span> 
     </span>
     <span class='ocr_line' id='line_1_7' title="bbox 211 685 1318 751; baseline -0.005 -15"><span class='ocrx_word' id='word_1_48' title='bbox 211 692 471 736; x_wconf 83' lang='lat' dir='ltr'>minatorem</span> <span class='ocrx_word' id='word_1_49' title='bbox 494 688 660 751; x_wconf 67' lang='lat' dir='ltr'>Egypd,</span> <span class='ocrx_word' id='word_1_50' title='bbox 686 687 811 732; x_wconf 89' lang='lat' dir='ltr'>illitus</span> <span class='ocrx_word' id='word_1_51' title='bbox 838 688 882 731; x_wconf 92' lang='lat' dir='ltr'>in</span> <span class='ocrx_word' id='word_1_52' title='bbox 908 685 1112 749; x_wconf 74' lang='lat' dir='ltr'>postibus,</span> <span class='ocrx_word' id='word_1_53' title='bbox 1140 686 1318 749; x_wconf 88' lang='lat' dir='ltr'>fugavit.</span> 
     </span>
    </p>

    <p class='ocr_par' dir='ltr' id='par_1_3' title="bbox 206 756 1583 1465">
     <span class='ocr_line' id='line_1_8' title="bbox 274 756 1580 820; baseline -0.005 -14"><span class='ocrx_word' id='word_1_54' title='bbox 274 761 326 806; x_wconf 88' lang='lat' dir='ltr'>X.</span> <span class='ocrx_word' id='word_1_55' title='bbox 365 759 601 819; x_wconf 84' lang='lat' dir='ltr'>Statimque</span> <span class='ocrx_word' id='word_1_56' title='bbox 626 758 802 803; x_wconf 88' lang='lat' dir='ltr'>concito</span> <span class='ocrx_word' id='word_1_57' title='bbox 829 756 967 820; x_wconf 89' lang='lat' dir='ltr'>gradu</span> <span class='ocrx_word' id='word_1_58' title='bbox 994 758 1109 820; x_wconf 90' lang='lat' dir='ltr'>cepit</span> <span class='ocrx_word' id='word_1_59' title='bbox 1143 774 1219 818; x_wconf 87' lang='lat' dir='ltr'>per</span> <span class='ocrx_word' id='word_1_60' title='bbox 1242 757 1359 803; x_wconf 88' lang='lat' dir='ltr'>viam</span> <span class='ocrx_word' id='word_1_61' title='bbox 1389 772 1580 802; x_wconf 90' lang='lat' dir='ltr'>veterem</span> 
     </span>
     <span class='ocr_line' id='line_1_9' title="bbox 211 825 1580 895; baseline -0.004 -18"><span class='ocrx_word' id='word_1_62' title='bbox 211 849 403 895; x_wconf 79' lang='lat' dir='ltr'>pergere,</span> <span class='ocrx_word' id='word_1_63' title='bbox 436 846 520 891; x_wconf 90' lang='lat' dir='ltr'>que</span> <span class='ocrx_word' id='word_1_64' title='bbox 546 828 661 874; x_wconf 90' lang='lat' dir='ltr'>ducit</span> <span class='ocrx_word' id='word_1_65' title='bbox 686 830 859 874; x_wconf 82' lang='lat' dir='ltr'>Gazam</span> <span class='ocrx_word' id='word_1_66' title='bbox 883 827 938 873; x_wconf 90' lang='lat' dir='ltr'>ad</span> <span class='ocrx_word' id='word_1_67' title='bbox 962 829 1205 890; x_wconf 90' lang='lat' dir='ltr'>potentiam</span> <span class='ocrx_word' id='word_1_68' title='bbox 1230 827 1299 873; x_wconf 85' lang='lat' dir='ltr'>vel</span> <span class='ocrx_word' id='word_1_69' title='bbox 1325 825 1381 872; x_wconf 92' lang='lat' dir='ltr'>ad</span> <span class='ocrx_word' id='word_1_70' title='bbox 1411 825 1580 873; x_wconf 88' lang='lat' dir='ltr'>divitias</span> 
     </span>
     <span class='ocr_line' id='line_1_10' title="bbox 208 898 1579 962; baseline -0.004 -14"><span class='ocrx_word' id='word_1_71' title='bbox 208 904 303 962; x_wconf 81' lang='lat' dir='ltr'>Dei,</span> <span class='ocrx_word' id='word_1_72' title='bbox 328 905 372 948; x_wconf 68' lang='grc' dir='ltr'>ὅς</span> <span class='ocrx_word' id='word_1_73' title='bbox 391 904 519 948; x_wconf 87' lang='lat' dir='ltr'>tacita</span> <span class='ocrx_word' id='word_1_74' title='bbox 538 902 682 947; x_wconf 89' lang='lat' dir='ltr'>secum</span> <span class='ocrx_word' id='word_1_75' title='bbox 697 901 885 959; x_wconf 79' lang='lat' dir='ltr'>volvere,</span> <span class='ocrx_word' id='word_1_76' title='bbox 902 899 1133 961; x_wconf 91' lang='lat' dir='ltr'>quomodo</span> <span class='ocrx_word' id='word_1_77' title='bbox 1153 898 1373 960; x_wconf 85' lang='lat' dir='ltr'>eunuchus</span> <span class='ocrx_word' id='word_1_78' title='bbox 1392 899 1579 960; x_wconf 75' lang='lat' dir='ltr'>Ethiops‚</span> 
     </span>
     <span class='ocr_line' id='line_1_11' title="bbox 207 969 1580 1036; baseline -0.004 -17"><span class='ocrx_word' id='word_1_79' title='bbox 207 974 404 1036; x_wconf 87' lang='lat' dir='ltr'>gentium</span> <span class='ocrx_word' id='word_1_80' title='bbox 429 973 620 1036; x_wconf 88' lang='lat' dir='ltr'>populos</span> <span class='ocrx_word' id='word_1_81' title='bbox 642 971 922 1035; x_wconf 75' lang='lat' dir='ltr'>prefigurans‚</span> <span class='ocrx_word' id='word_1_82' title='bbox 948 971 1176 1016; x_wconf 89' lang='lat' dir='ltr'>mutaverit</span> <span class='ocrx_word' id='word_1_83' title='bbox 1191 969 1351 1032; x_wconf 88' lang='lat' dir='ltr'>pellem</span> <span class='ocrx_word' id='word_1_84' title='bbox 1376 970 1510 1028; x_wconf 77' lang='lat' dir='ltr'>suam,</span> <span class='ocrx_word' id='word_1_85' title='bbox 1537 971 1580 1014; x_wconf 76' lang='grc' dir='ltr'>ὅ(</span> 
     </span>
     <span class='ocr_line' id='line_1_12' title="bbox 209 1039 1578 1108; baseline -0.001 -20"><span class='ocrx_word' id='word_1_86' title='bbox 209 1043 315 1089; x_wconf 84' lang='lat' dir='ltr'>dum</span> <span class='ocrx_word' id='word_1_87' title='bbox 330 1061 449 1091; x_wconf 91' lang='lat' dir='ltr'>vetus</span> <span class='ocrx_word' id='word_1_88' title='bbox 468 1045 619 1108; x_wconf 87' lang='lat' dir='ltr'>relegit</span> <span class='ocrx_word' id='word_1_89' title='bbox 636 1045 980 1100; x_wconf 78' lang='lat' dir='ltr'>instrumentum,</span> <span class='ocrx_word' id='word_1_90' title='bbox 997 1042 1165 1087; x_wconf 90' lang='lat' dir='ltr'>fontem</span> <span class='ocrx_word' id='word_1_91' title='bbox 1184 1041 1340 1102; x_wconf 90' lang='lat' dir='ltr'>reperit</span> <span class='ocrx_word' id='word_1_92' title='bbox 1350 1039 1578 1105; x_wconf 78' lang='lat' dir='ltr'>Evangelii.</span> 
     </span>
     <span class='ocr_line' id='line_1_13' title="bbox 210 1110 1580 1177; baseline -0.002 -18"><span class='ocrx_word' id='word_1_93' title='bbox 210 1118 354 1177; x_wconf 79' lang='lat' dir='ltr'>Atque</span> <span class='ocrx_word' id='word_1_94' title='bbox 378 1116 480 1162; x_wconf 90' lang='lat' dir='ltr'>inde</span> <span class='ocrx_word' id='word_1_95' title='bbox 504 1116 560 1162; x_wconf 89' lang='lat' dir='ltr'>ad</span> <span class='ocrx_word' id='word_1_96' title='bbox 586 1115 781 1161; x_wconf 82' lang='lat' dir='ltr'>dextram</span> <span class='ocrx_word' id='word_1_97' title='bbox 806 1112 966 1159; x_wconf 82' lang='lat' dir='ltr'>transiit</span> <span class='ocrx_word' id='word_1_98' title='bbox 1004 1113 1190 1172; x_wconf 68' lang='lat' dir='ltr'>Bethsur,</span> <span class='ocrx_word' id='word_1_99' title='bbox 1222 1114 1266 1157; x_wconf 73' lang='grc' dir='ltr'>ἃ</span> <span class='ocrx_word' id='word_1_100' title='bbox 1300 1110 1427 1157; x_wconf 71' lang='lat' dir='ltr'>inde⁶¹</span> <span class='ocrx_word' id='word_1_101' title='bbox 1464 1112 1580 1157; x_wconf 88' lang='lat' dir='ltr'>venit</span> 
     </span>
     <span class='ocr_line' id='line_1_14' title="bbox 210 1182 1581 1249; baseline -0.001 -18"><span class='ocrx_word' id='word_1_102' title='bbox 210 1189 340 1248; x_wconf 74' lang='lat' dir='ltr'>Escol,</span> <span class='ocrx_word' id='word_1_103' title='bbox 361 1205 443 1249; x_wconf 90' lang='lat' dir='ltr'>que</span> <span class='ocrx_word' id='word_1_104' title='bbox 468 1190 511 1233; x_wconf 87' lang='lat' dir='ltr'>in</span> <span class='ocrx_word' id='word_1_105' title='bbox 530 1186 706 1233; x_wconf 89' lang='lat' dir='ltr'>botrum</span> <span class='ocrx_word' id='word_1_106' title='bbox 728 1186 916 1231; x_wconf 84' lang='lat' dir='ltr'>vertitur.</span> <span class='ocrx_word' id='word_1_107' title='bbox 938 1182 1066 1230; x_wconf 85' lang='lat' dir='ltr'>Unde</span> <span class='ocrx_word' id='word_1_108' title='bbox 1086 1185 1130 1228; x_wconf 91' lang='lat' dir='ltr'>in</span> <span class='ocrx_word' id='word_1_109' title='bbox 1155 1182 1450 1229; x_wconf 88' lang='lat' dir='ltr'>testimonium</span> <span class='ocrx_word' id='word_1_110' title='bbox 1475 1199 1581 1229; x_wconf 89' lang='lat' dir='ltr'>terre</span> 
     </span>
     <span class='ocr_line' id='line_1_15' title="bbox 211 1253 1582 1320; baseline -0.003 -18"><span class='ocrx_word' id='word_1_111' title='bbox 211 1257 458 1304; x_wconf 80' lang='lat' dir='ltr'>fertilissime</span> <span class='ocrx_word' id='word_1_112' title='bbox 488 1260 533 1304; x_wconf 69' lang='grc' dir='ltr'>ὃς</span> <span class='ocrx_word' id='word_1_113' title='bbox 566 1259 609 1303; x_wconf 92' lang='lat' dir='ltr'>in</span> <span class='ocrx_word' id='word_1_114' title='bbox 641 1274 795 1320; x_wconf 86' lang='lat' dir='ltr'>typum</span> <span class='ocrx_word' id='word_1_115' title='bbox 825 1257 926 1314; x_wconf 79' lang='lat' dir='ltr'>eius,</span> <span class='ocrx_word' id='word_1_116' title='bbox 954 1256 1027 1317; x_wconf 87' lang='lat' dir='ltr'>qui</span> <span class='ocrx_word' id='word_1_117' title='bbox 1053 1253 1183 1300; x_wconf 85' lang='lat' dir='ltr'>dicit:</span> <span class='ocrx_word' id='word_1_118' title='bbox 1215 1256 1410 1300; x_wconf 59' lang='lat' dir='ltr'>Toy-calar</span> <span class='ocrx_word' id='word_1_119' title='bbox 1429 1255 1582 1299; x_wconf 78' lang='lat' dir='ltr'>calcavi</span> 
     </span>
     <span class='ocr_line' id='line_1_16' title="bbox 206 1324 1583 1392; baseline -0.002 -19"><span class='ocrx_word' id='word_1_120' title='bbox 206 1330 330 1386; x_wconf 84' lang='lat' dir='ltr'>solus,</span> <span class='ocrx_word' id='word_1_121' title='bbox 350 1330 389 1374; x_wconf 60' lang='grc' dir='ltr'><em>ὃ</em></span> <span class='ocrx_word' id='word_1_122' title='bbox 407 1333 455 1375; x_wconf 81' lang='lat' dir='ltr'>de</span> <span class='ocrx_word' id='word_1_123' title='bbox 473 1332 656 1392; x_wconf 81' lang='lat' dir='ltr'>gentibus</span> <span class='ocrx_word' id='word_1_124' title='bbox 674 1347 748 1373; x_wconf 85' lang='lat' dir='ltr'>non</span> <span class='ocrx_word' id='word_1_125' title='bbox 769 1332 819 1388; x_wconf 68' lang='lat' dir='ltr'>cst</span> <span class='ocrx_word' id='word_1_126' title='bbox 836 1331 897 1372; x_wconf 79' lang='lat' dir='ltr'>vir</span> <span class='ocrx_word' id='word_1_127' title='bbox 912 1346 1073 1383; x_wconf 77' lang='lat' dir='ltr'>mecum,</span> <span class='ocrx_word' id='word_1_128' title='bbox 1097 1326 1389 1389; x_wconf 84' lang='lat' dir='ltr'>exploratores</span> <span class='ocrx_word' id='word_1_129' title='bbox 1406 1324 1583 1371; x_wconf 90' lang='lat' dir='ltr'>botrum</span> 
     </span>
     <span class='ocr_line' id='line_1_17' title="bbox 208 1399 971 1465; baseline -0.001 -21"><span class='ocrx_word' id='word_1_130' title='bbox 208 1400 315 1445; x_wconf 87' lang='lat' dir='ltr'>mire</span> <span class='ocrx_word' id='word_1_131' title='bbox 339 1399 651 1465; x_wconf 83' lang='lat' dir='ltr'>magnitudinis</span> <span class='ocrx_word' id='word_1_132' title='bbox 676 1414 971 1463; x_wconf 88' lang='lat' dir='ltr'>portaverunt.</span> 
     </span>
    </p>

    <p class='ocr_par' dir='ltr' id='par_1_4' title="bbox 208 1468 1583 2601">
     <span class='ocr_line' id='line_1_18' title="bbox 272 1468 1583 1535; baseline -0.002 -19"><span class='ocrx_word' id='word_1_133' title='bbox 272 1471 340 1517; x_wconf 79' lang='lat' dir='ltr'>XI.</span> <span class='ocrx_word' id='word_1_134' title='bbox 377 1472 470 1518; x_wconf 89' lang='lat' dir='ltr'>Nec</span> <span class='ocrx_word' id='word_1_135' title='bbox 500 1472 597 1535; x_wconf 89' lang='lat' dir='ltr'>post</span> <span class='ocrx_word' id='word_1_136' title='bbox 625 1472 811 1535; x_wconf 87' lang='lat' dir='ltr'>longum</span> <span class='ocrx_word' id='word_1_137' title='bbox 843 1470 1028 1532; x_wconf 90' lang='lat' dir='ltr'>spatium</span> <span class='ocrx_word' id='word_1_138' title='bbox 1063 1469 1237 1516; x_wconf 86' lang='lat' dir='ltr'>intravit</span> <span class='ocrx_word' id='word_1_139' title='bbox 1267 1470 1365 1515; x_wconf 72' lang='lat' dir='ltr'>Save</span> <span class='ocrx_word' id='word_1_140' title='bbox 1396 1468 1583 1527; x_wconf 79' lang='lat' dir='ltr'>cellulas,</span> 
     </span>
     <span class='ocr_line' id='line_1_19' title="bbox 210 1538 1582 1604; baseline -0.001 -17"><span class='ocrx_word' id='word_1_141' title='bbox 210 1541 361 1588; x_wconf 89' lang='lat' dir='ltr'>videns</span> <span class='ocrx_word' id='word_1_142' title='bbox 382 1542 644 1590; x_wconf 89' lang='lat' dir='ltr'>incunabula</span> <span class='ocrx_word' id='word_1_143' title='bbox 664 1543 773 1588; x_wconf 84' lang='lat' dir='ltr'>Isaac</span> <span class='ocrx_word' id='word_1_144' title='bbox 793 1544 837 1587; x_wconf 68' lang='grc' dir='ltr'>ὃς</span> <span class='ocrx_word' id='word_1_145' title='bbox 856 1541 1034 1604; x_wconf 85' lang='lat' dir='ltr'>vestigia</span> <span class='ocrx_word' id='word_1_146' title='bbox 1053 1558 1235 1603; x_wconf 86' lang='lat' dir='ltr'>quercus</span> <span class='ocrx_word' id='word_1_147' title='bbox 1251 1539 1487 1599; x_wconf 78' lang='lat' dir='ltr'>Abraham,</span> <span class='ocrx_word' id='word_1_148' title='bbox 1509 1538 1582 1585; x_wconf 86' lang='lat' dir='ltr'>sub</span> 
     </span>
     <span class='ocr_line' id='line_1_20' title="bbox 212 1609 1582 1676; baseline -0.001 -17"><span class='ocrx_word' id='word_1_149' title='bbox 212 1631 298 1676; x_wconf 90' lang='lat' dir='ltr'>qua</span> <span class='ocrx_word' id='word_1_150' title='bbox 325 1613 434 1661; x_wconf 89' lang='lat' dir='ltr'>vidit</span> <span class='ocrx_word' id='word_1_151' title='bbox 464 1614 581 1661; x_wconf 89' lang='lat' dir='ltr'>diem</span> <span class='ocrx_word' id='word_1_152' title='bbox 608 1613 767 1660; x_wconf 86' lang='lat' dir='ltr'>Christi</span> <span class='ocrx_word' id='word_1_153' title='bbox 800 1614 845 1658; x_wconf 69' lang='grc' dir='ltr'>ὃς</span> <span class='ocrx_word' id='word_1_154' title='bbox 873 1612 1026 1658; x_wconf 85' lang='lat' dir='ltr'>letatus</span> <span class='ocrx_word' id='word_1_155' title='bbox 1057 1612 1127 1657; x_wconf 85' lang='lat' dir='ltr'>est.</span> <span class='ocrx_word' id='word_1_156' title='bbox 1181 1613 1326 1673; x_wconf 80' lang='lat' dir='ltr'>Atque</span> <span class='ocrx_word' id='word_1_157' title='bbox 1350 1609 1451 1656; x_wconf 89' lang='lat' dir='ltr'>inde</span> <span class='ocrx_word' id='word_1_158' title='bbox 1477 1628 1582 1657; x_wconf 88' lang='lat' dir='ltr'>con-</span> 
     </span>
     <span class='ocr_line' id='line_1_21' title="bbox 212 1682 1582 1750; baseline -0.001 -19"><span class='ocrx_word' id='word_1_159' title='bbox 212 1687 385 1750; x_wconf 84' lang='lat' dir='ltr'>surgens</span> <span class='ocrx_word' id='word_1_160' title='bbox 410 1687 602 1733; x_wconf 88' lang='lat' dir='ltr'>ascendit</span> <span class='ocrx_word' id='word_1_161' title='bbox 618 1690 793 1733; x_wconf 80' lang='lat' dir='ltr'>Hebron.</span> <span class='ocrx_word' id='word_1_162' title='bbox 816 1687 913 1731; x_wconf 86' lang='lat' dir='ltr'>Hec</span> <span class='ocrx_word' id='word_1_163' title='bbox 938 1685 996 1731; x_wconf 89' lang='lat' dir='ltr'>est</span> <span class='ocrx_word' id='word_1_164' title='bbox 1014 1682 1311 1743; x_wconf 73' lang='lat' dir='ltr'>Cariatharbe‚</span> <span class='ocrx_word' id='word_1_165' title='bbox 1335 1682 1380 1728; x_wconf 91' lang='lat' dir='ltr'>id</span> <span class='ocrx_word' id='word_1_166' title='bbox 1406 1683 1477 1741; x_wconf 79' lang='lat' dir='ltr'>est,</span> <span class='ocrx_word' id='word_1_167' title='bbox 1505 1701 1582 1746; x_wconf 90' lang='lat' dir='ltr'>op-</span> 
     </span>
     <span class='ocr_line' id='line_1_22' title="bbox 212 1753 1583 1819; baseline -0.002 -17"><span class='ocrx_word' id='word_1_168' title='bbox 212 1757 365 1819; x_wconf 89' lang='lat' dir='ltr'>pidum</span> <span class='ocrx_word' id='word_1_169' title='bbox 385 1759 579 1804; x_wconf 87' lang='lat' dir='ltr'>virorum</span> <span class='ocrx_word' id='word_1_170' title='bbox 598 1774 795 1819; x_wconf 77' lang='lat' dir='ltr'>quatuor,</span> <span class='ocrx_word' id='word_1_171' title='bbox 816 1755 1053 1814; x_wconf 80' lang='lat' dir='ltr'>Abraham,</span> <span class='ocrx_word' id='word_1_172' title='bbox 1080 1756 1203 1815; x_wconf 81' lang='lat' dir='ltr'>Isaac,</span> <span class='ocrx_word' id='word_1_173' title='bbox 1224 1753 1351 1800; x_wconf 82' lang='lat' dir='ltr'>Iacob</span> <span class='ocrx_word' id='word_1_174' title='bbox 1374 1755 1419 1799; x_wconf 87' lang='lat'>&amp;</span> <span class='ocrx_word' id='word_1_175' title='bbox 1438 1754 1583 1800; x_wconf 80' lang='lat' dir='ltr'>Adam</span> 
     </span>
     <span class='ocr_line' id='line_1_23' title="bbox 213 1825 1581 1892; baseline -0.001 -18"><span class='ocrx_word' id='word_1_176' title='bbox 213 1829 375 1892; x_wconf 79' lang='lat' dir='ltr'>magni,</span> <span class='ocrx_word' id='word_1_177' title='bbox 397 1845 527 1890; x_wconf 89' lang='lat' dir='ltr'>quem</span> <span class='ocrx_word' id='word_1_178' title='bbox 548 1827 605 1874; x_wconf 90' lang='lat' dir='ltr'>ibi</span> <span class='ocrx_word' id='word_1_179' title='bbox 623 1828 865 1887; x_wconf 77' lang='lat' dir='ltr'>conditum,</span> <span class='ocrx_word' id='word_1_180' title='bbox 887 1829 1004 1873; x_wconf 86' lang='lat' dir='ltr'>iuxta</span> <span class='ocrx_word' id='word_1_181' title='bbox 1022 1825 1179 1872; x_wconf 90' lang='lat' dir='ltr'>librum</span> <span class='ocrx_word' id='word_1_182' title='bbox 1209 1826 1293 1872; x_wconf 89' lang='lat' dir='ltr'>Iesu</span> <span class='ocrx_word' id='word_1_183' title='bbox 1322 1826 1458 1885; x_wconf 74' lang='lat' dir='ltr'>Nave,</span> <span class='ocrx_word' id='word_1_184' title='bbox 1493 1826 1581 1872; x_wconf 85' lang='lat' dir='ltr'>He-</span> 
     </span>
     <span class='ocr_line' id='line_1_24' title="bbox 213 1895 1582 1961; baseline 0 -17"><span class='ocrx_word' id='word_1_185' title='bbox 213 1897 303 1944; x_wconf 89' lang='lat' dir='ltr'>brei</span> <span class='ocrx_word' id='word_1_186' title='bbox 323 1914 564 1957; x_wconf 73' lang='lat' dir='ltr'>autumant,</span> <span class='ocrx_word' id='word_1_187' title='bbox 578 1899 677 1944; x_wconf 86' lang='lat' dir='ltr'>licet</span> <span class='ocrx_word' id='word_1_188' title='bbox 695 1899 892 1961; x_wconf 87' lang='lat' dir='ltr'>plerique</span> <span class='ocrx_word' id='word_1_189' title='bbox 906 1895 1043 1943; x_wconf 89' lang='lat' dir='ltr'>Caleb</span> <span class='ocrx_word' id='word_1_190' title='bbox 1066 1914 1266 1959; x_wconf 86' lang='lat' dir='ltr'>quartum</span> <span class='ocrx_word' id='word_1_191' title='bbox 1280 1913 1450 1960; x_wconf 78' lang='lat' dir='ltr'>putant,</span> <span class='ocrx_word' id='word_1_192' title='bbox 1465 1900 1582 1944; x_wconf 89' lang='lat' dir='ltr'>cuius</span> 
     </span>
     <span class='ocr_line' id='line_1_25' title="bbox 212 1969 1581 2033; baseline 0 -18"><span class='ocrx_word' id='word_1_193' title='bbox 212 1988 262 2015; x_wconf 83' lang='lat' dir='ltr'>ex</span> <span class='ocrx_word' id='word_1_194' title='bbox 286 1969 417 2014; x_wconf 88' lang='lat' dir='ltr'>latere</span> <span class='ocrx_word' id='word_1_195' title='bbox 440 1970 652 2015; x_wconf 88' lang='lat' dir='ltr'>memoria</span> <span class='ocrx_word' id='word_1_196' title='bbox 672 1971 941 2016; x_wconf 88' lang='lat' dir='ltr'>monstratur.</span> <span class='ocrx_word' id='word_1_197' title='bbox 980 1971 1059 2015; x_wconf 86' lang='lat' dir='ltr'>His</span> <span class='ocrx_word' id='word_1_198' title='bbox 1082 1969 1296 2031; x_wconf 70' lang='lat' dir='ltr'>inspecffis,</span> <span class='ocrx_word' id='word_1_199' title='bbox 1323 1969 1462 2015; x_wconf 90' lang='lat' dir='ltr'>noluit</span> <span class='ocrx_word' id='word_1_200' title='bbox 1486 1987 1581 2033; x_wconf 86' lang='lat' dir='ltr'>per-</span> 
     </span>
     <span class='ocr_line' id='line_1_26' title="bbox 210 2039 1582 2102; baseline 0.001 -17"><span class='ocrx_word' id='word_1_201' title='bbox 210 2057 311 2102; x_wconf 84' lang='lat' dir='ltr'>gere</span> <span class='ocrx_word' id='word_1_202' title='bbox 337 2039 392 2085; x_wconf 89' lang='lat' dir='ltr'>ad</span> <span class='ocrx_word' id='word_1_203' title='bbox 422 2043 743 2102; x_wconf 56' lang='lat' dir='ltr'>Cat‘iatlzseplzer,</span> <span class='ocrx_word' id='word_1_204' title='bbox 781 2039 825 2085; x_wconf 90' lang='lat' dir='ltr'>id</span> <span class='ocrx_word' id='word_1_205' title='bbox 850 2041 921 2099; x_wconf 73' lang='lat' dir='ltr'>est,</span> <span class='ocrx_word' id='word_1_206' title='bbox 963 2039 1149 2086; x_wconf 86' lang='lat' dir='ltr'>viculum</span> <span class='ocrx_word' id='word_1_207' title='bbox 1178 2039 1428 2097; x_wconf 83' lang='lat' dir='ltr'>litterarum,</span> <span class='ocrx_word' id='word_1_208' title='bbox 1467 2041 1582 2102; x_wconf 69' lang='lat' dir='ltr'>quia,</span> 
     </span>
     <span class='ocr_line' id='line_1_27' title="bbox 210 2110 1580 2174; baseline 0.001 -19"><span class='ocrx_word' id='word_1_209' title='bbox 210 2127 496 2156; x_wconf 86' lang='lat' dir='ltr'>contemnens</span> <span class='ocrx_word' id='word_1_210' title='bbox 529 2110 806 2157; x_wconf 87' lang='lat' dir='ltr'>occidentem</span> <span class='ocrx_word' id='word_1_211' title='bbox 833 2112 1034 2169; x_wconf 78' lang='lat' dir='ltr'>litteram,</span> <span class='ocrx_word' id='word_1_212' title='bbox 1061 2128 1228 2173; x_wconf 88' lang='lat' dir='ltr'>reperat</span> <span class='ocrx_word' id='word_1_213' title='bbox 1252 2112 1448 2174; x_wconf 90' lang='lat' dir='ltr'>spiritum</span> <span class='ocrx_word' id='word_1_214' title='bbox 1476 2112 1580 2157; x_wconf 90' lang='lat' dir='ltr'>vivi—</span> 
     </span>
     <span class='ocr_line' id='line_1_28' title="bbox 212 2182 1582 2246; baseline 0 -19"><span class='ocrx_word' id='word_1_215' title='bbox 212 2182 426 2228; x_wconf 83' lang='lat' dir='ltr'>ficantem.</span> <span class='ocrx_word' id='word_1_216' title='bbox 483 2183 709 2246; x_wconf 83' lang='lat' dir='ltr'>Magisque</span> <span class='ocrx_word' id='word_1_217' title='bbox 742 2182 977 2229; x_wconf 89' lang='lat' dir='ltr'>mirabatur</span> <span class='ocrx_word' id='word_1_218' title='bbox 1007 2184 1243 2245; x_wconf 85' lang='lat' dir='ltr'>superiores</span> <span class='ocrx_word' id='word_1_219' title='bbox 1272 2185 1317 2228; x_wconf 88' lang='lat'>&amp;</span> <span class='ocrx_word' id='word_1_220' title='bbox 1358 2183 1582 2228; x_wconf 87' lang='lat' dir='ltr'>inferiores</span> 
     </span>
     <span class='ocr_line' id='line_1_29' title="bbox 212 2253 1581 2317; baseline 0 -18"><span class='ocrx_word' id='word_1_221' title='bbox 212 2271 359 2315; x_wconf 77' lang='lat' dir='ltr'>aquas,</span> <span class='ocrx_word' id='word_1_222' title='bbox 388 2271 493 2315; x_wconf 86' lang='lat' dir='ltr'>quas</span> <span class='ocrx_word' id='word_1_223' title='bbox 518 2253 747 2313; x_wconf 80' lang='lat' dir='ltr'>Othoniel‚</span> <span class='ocrx_word' id='word_1_224' title='bbox 769 2253 878 2299; x_wconf 85' lang='lat' dir='ltr'>filius</span> <span class='ocrx_word' id='word_1_225' title='bbox 904 2253 1094 2316; x_wconf 88' lang='lat' dir='ltr'>Iephone</span> <span class='ocrx_word' id='word_1_226' title='bbox 1120 2254 1282 2312; x_wconf 79' lang='lat' dir='ltr'>KeneZ,</span> <span class='ocrx_word' id='word_1_227' title='bbox 1310 2271 1390 2317; x_wconf 89' lang='lat' dir='ltr'>pro</span> <span class='ocrx_word' id='word_1_228' title='bbox 1415 2254 1581 2300; x_wconf 89' lang='lat' dir='ltr'>australi</span> 
     </span>
     <span class='ocr_line' id='line_1_30' title="bbox 211 2323 1580 2387; baseline 0.001 -17"><span class='ocrx_word' id='word_1_229' title='bbox 211 2342 320 2371; x_wconf 85' lang='lat' dir='ltr'>terra</span> <span class='ocrx_word' id='word_1_230' title='bbox 356 2327 401 2371; x_wconf 91' lang='lat'>&amp;</span> <span class='ocrx_word' id='word_1_231' title='bbox 438 2323 557 2370; x_wconf 89' lang='lat' dir='ltr'>arida</span> <span class='ocrx_word' id='word_1_232' title='bbox 593 2323 851 2386; x_wconf 84' lang='lat' dir='ltr'>posseffione</span> <span class='ocrx_word' id='word_1_233' title='bbox 889 2326 1128 2387; x_wconf 82' lang='lat' dir='ltr'>susceperat</span> <span class='ocrx_word' id='word_1_234' title='bbox 1153 2327 1197 2370; x_wconf 67' lang='grc' dir='ltr'>ὃς</span> <span class='ocrx_word' id='word_1_235' title='bbox 1234 2342 1417 2387; x_wconf 87' lang='lat' dir='ltr'>quarum</span> <span class='ocrx_word' id='word_1_236' title='bbox 1449 2324 1580 2371; x_wconf 51' lang='lat' dir='ltr'>duclu</span> 
     </span>
     <span class='ocr_line' id='line_1_31' title="bbox 210 2394 1582 2460; baseline 0.001 -20"><span class='ocrx_word' id='word_1_237' title='bbox 210 2394 342 2440; x_wconf 78' lang='lat' dir='ltr'>siccos</span> <span class='ocrx_word' id='word_1_238' title='bbox 383 2396 535 2458; x_wconf 88' lang='lat' dir='ltr'>prioris</span> <span class='ocrx_word' id='word_1_239' title='bbox 583 2396 853 2441; x_wconf 89' lang='lat' dir='ltr'>instrumenti</span> <span class='ocrx_word' id='word_1_240' title='bbox 898 2413 1025 2460; x_wconf 88' lang='lat' dir='ltr'>agros</span> <span class='ocrx_word' id='word_1_241' title='bbox 1071 2394 1256 2441; x_wconf 87' lang='lat' dir='ltr'>faciebat</span> <span class='ocrx_word' id='word_1_242' title='bbox 1294 2396 1493 2460; x_wconf 77' lang='lat' dir='ltr'>irriguos,</span> <span class='ocrx_word' id='word_1_243' title='bbox 1538 2414 1582 2443; x_wconf 88' lang='lat' dir='ltr'>ut</span> 
     </span>
     <span class='ocr_line' id='line_1_32' title="bbox 208 2466 1581 2531; baseline 0.001 -19"><span class='ocrx_word' id='word_1_244' title='bbox 208 2466 525 2512; x_wconf 87' lang='lat' dir='ltr'>redemtionem</span> <span class='ocrx_word' id='word_1_245' title='bbox 572 2482 767 2513; x_wconf 87' lang='lat' dir='ltr'>veterum</span> <span class='ocrx_word' id='word_1_246' title='bbox 809 2483 1089 2530; x_wconf 89' lang='lat' dir='ltr'>peccatorum</span> <span class='ocrx_word' id='word_1_247' title='bbox 1133 2468 1178 2511; x_wconf 89' lang='lat' dir='ltr'>in</span> <span class='ocrx_word' id='word_1_248' title='bbox 1223 2468 1344 2529; x_wconf 89' lang='lat' dir='ltr'>aquis</span> <span class='ocrx_word' id='word_1_249' title='bbox 1381 2466 1581 2531; x_wconf 89' lang='lat' dir='ltr'>baptismi</span> 
     </span>
     <span class='ocr_line' id='line_1_33' title="bbox 209 2554 419 2601; baseline 0.005 -18"><span class='ocrx_word' id='word_1_250' title='bbox 209 2554 419 2601; x_wconf 84' lang='lat' dir='ltr'>reperiret.</span> 
     </span>
    </p>

    <p class='ocr_par' dir='ltr' id='par_1_5' title="bbox 204 2608 1579 2743">
     <span class='ocr_line' id='line_1_34' title="bbox 274 2608 1579 2673; baseline 0.002 -19"><span class='ocrx_word' id='word_1_251' title='bbox 274 2609 358 2654; x_wconf 85' lang='lat' dir='ltr'>X11.</span> <span class='ocrx_word' id='word_1_252' title='bbox 395 2608 544 2654; x_wconf 82' lang='lat' dir='ltr'>Altero</span> <span class='ocrx_word' id='word_1_253' title='bbox 571 2608 654 2668; x_wconf 84' lang='lat' dir='ltr'>die,</span> <span class='ocrx_word' id='word_1_254' title='bbox 681 2625 779 2655; x_wconf 91' lang='lat' dir='ltr'>orto</span> <span class='ocrx_word' id='word_1_255' title='bbox 804 2611 892 2655; x_wconf 89' lang='lat' dir='ltr'>iam</span> <span class='ocrx_word' id='word_1_256' title='bbox 916 2610 1018 2669; x_wconf 81' lang='lat' dir='ltr'>sole,</span> <span class='ocrx_word' id='word_1_257' title='bbox 1043 2611 1152 2655; x_wconf 84' lang='lat' dir='ltr'>stetit</span> <span class='ocrx_word' id='word_1_258' title='bbox 1177 2610 1219 2655; x_wconf 86' lang='lat' dir='ltr'>in</span> <span class='ocrx_word' id='word_1_259' title='bbox 1248 2609 1472 2673; x_wconf 87' lang='lat' dir='ltr'>supercilio</span> <span class='ocrx_word' id='word_1_260' title='bbox 1501 2614 1579 2657; x_wconf 75' lang='lat' dir='ltr'>Ca-</span> 
     </span>
     <span class='ocr_line' id='line_1_35' title="bbox 204 2680 1578 2743; baseline 0.003 -19"><span class='ocrx_word' id='word_1_261' title='bbox 204 2685 308 2742; x_wconf 77' lang='lat' dir='ltr'>phar</span> <span class='ocrx_word' id='word_1_262' title='bbox 332 2683 533 2738; x_wconf 73' lang='grc' dir='ltr'>Ἐανιιεήα,</span> <span class='ocrx_word' id='word_1_263' title='bbox 558 2680 602 2725; x_wconf 90' lang='lat' dir='ltr'>id</span> <span class='ocrx_word' id='word_1_264' title='bbox 627 2681 699 2740; x_wconf 69' lang='lat' dir='ltr'>est,</span> <span class='ocrx_word' id='word_1_265' title='bbox 718 2681 815 2727; x_wconf 84' lang='lat' dir='ltr'>ville</span> <span class='ocrx_word' id='word_1_266' title='bbox 839 2680 1172 2741; x_wconf 54' lang='lat' dir='ltr'>bencdicffionis&gt;</span> <span class='ocrx_word' id='word_1_267' title='bbox 1195 2698 1325 2743; x_wconf 85' lang='lat' dir='ltr'>quem</span> <span class='ocrx_word' id='word_1_268' title='bbox 1350 2681 1406 2728; x_wconf 88' lang='lat' dir='ltr'>ad</span> <span class='ocrx_word' id='word_1_269' title='bbox 1430 2683 1578 2729; x_wconf 90' lang='lat' dir='ltr'>locum</span> 
     </span>
    </p>
   </div>
   <div class='ocr_carea' id='block_1_3' title="bbox 258 2774 388 2807">
    <p class='ocr_par' dir='ltr' id='par_1_6' title="bbox 258 2774 388 2807">
     <span class='ocr_line' id='line_1_36' title="bbox 258 2774 388 2807; baseline -0.008 0"><span class='ocrx_word' id='word_1_270' title='bbox 258 2787 290 2807; x_wconf 83' lang='grc' dir='ltr'>ιι.</span> <span class='ocrx_word' id='word_1_271' title='bbox 321 2774 388 2807; x_wconf 86' lang='lat' dir='ltr'>Ms.</span> 
     </span>
    </p>
   </div>
   <div class='ocr_carea' id='block_1_4' title="bbox 1615 1118 1856 1149">
    <p class='ocr_par' dir='ltr' id='par_1_7' title="bbox 1615 1118 1856 1149">
     <span class='ocr_line' id='line_1_37' title="bbox 1615 1118 1856 1149; baseline 0.004 -1"><span class='ocrx_word' id='word_1_272' title='bbox 1615 1118 1747 1148; x_wconf 84' lang='lat' dir='ltr'>Bethsur.</span> <span class='ocrx_word' id='word_1_273' title='bbox 1764 1119 1856 1149; x_wconf 87' lang='lat' dir='ltr'>Escol.</span> 
     </span>
    </p>
   </div>
   <div class='ocr_carea' id='block_1_5' title="bbox 1624 1700 1757 1730">
    <p class='ocr_par' dir='ltr' id='par_1_8' title="bbox 1624 1700 1757 1730">
     <span class='ocr_line' id='line_1_38' title="bbox 1624 1700 1757 1730; baseline 0.008 -2"><span class='ocrx_word' id='word_1_274' title='bbox 1624 1700 1757 1730; x_wconf 85' lang='lat' dir='ltr'>Hebron.</span> 
     </span>
    </p>
   </div>
   <div class='ocr_carea' id='block_1_6' title="bbox 1623 2051 1853 2092">
    <p class='ocr_par' dir='ltr' id='par_1_9' title="bbox 1623 2051 1853 2092">
     <span class='ocr_line' id='line_1_39' title="bbox 1623 2051 1853 2092; baseline 0.004 -11"><span class='ocrx_word' id='word_1_275' title='bbox 1623 2051 1853 2092; x_wconf 79' lang='lat' dir='ltr'>Cariathsepher.</span> 
     </span>
    </p>
   </div>
   <div class='ocr_carea' id='block_1_7' title="bbox 1615 2625 1858 2697">
    <p class='ocr_par' dir='ltr' id='par_1_10' title="bbox 1615 2625 1858 2697">
     <span class='ocr_line' id='line_1_40' title="bbox 1615 2625 1858 2666; baseline -0.012 -10"><span class='ocrx_word' id='word_1_276' title='bbox 1615 2625 1730 2666; x_wconf 82' lang='lat' dir='ltr'>Caphar</span> <span class='ocrx_word' id='word_1_277' title='bbox 1768 2626 1858 2654; x_wconf 78' lang='lat' dir='ltr'>Batu-</span> 
     </span>
     <span class='ocr_line' id='line_1_41' title="bbox 1697 2667 1761 2697; baseline -0.016 0"><span class='ocrx_word' id='word_1_278' title='bbox 1697 2667 1761 2697; x_wconf 69' lang='lat' dir='ltr'>cha.</span> 
     </span>
    </p>
   </div>
  </div>
 </body>
</html>
