2216 3435
429 197 494 230 DE
530 196 665 229 LOCIS
702 193 1089 228 TRANSMARINIS
1123 194 1303 226 SACRIS.
1469 193 1548 244 123

229 324 283 364 Et
312 323 365 363 ibi
399 321 501 361 fiunt
531 321 728 360 mirabilia
749 320 815 359 ubi
843 319 1071 372 baptizatus
1102 317 1157 357 est
1175 318 1381 359 Dominus
1410 321 1448 373 in
1473 321 1553 374 ipsa

175 384 307 424 no6'oe.
342 380 412 421 Est
427 380 481 419 ibi
505 379 683 419 tumulus
715 379 904 419 cancellis
926 379 1211 429 circumdatus,
1248 378 1286 418 &
1308 380 1347 418 in
1370 380 1462 419 loco
1484 380 1551 419 ubi

174 441 370 481 redundat
390 454 492 493 aqua
514 440 553 478 in
576 438 736 477 alveum
758 438 870 477 suum
888 436 1013 490 poslta
1034 437 1089 477 est
1109 451 1206 476 crux
1228 438 1359 491 lignea
1382 439 1488 476 intus
1511 439 1549 477 in

173 514 319 553 aquam
354 515 401 539 ex
436 510 603 553 utraque
646 509 754 551 parte
797 498 1019 537 marmoris.
1058 494 1105 536 In
1146 496 1293 548 vigiliis
1337 497 1552 549 teophanie

174 560 341 612 grandes
363 558 466 598 fiunt
486 558 635 611 vigilie,
671 557 845 610 populus
872 555 1066 606 infinitus,
1091 555 1129 595 &
1150 566 1289 608 quarta
1317 566 1385 594 aut
1411 557 1552 609 quinta

172 619 260 658 vice
280 618 387 671 gallo
408 627 578 657 canente
598 616 700 655 fiunt
719 615 867 669 vigilie.

226 676 457 729 Completis
484 676 691 715 matutinis
724 676 854 728 primo
885 674 1065 714 diluculo
1090 673 1292 728 surgentes
1323 675 1550 727 procedunt

172 734 388 774 ministeria
403 734 470 775 sub
489 736 595 775 divo.
617 734 671 774 Et
689 735 848 774 diaconi
868 744 1051 773 tenentes
1070 733 1330 783 sacerdotem,
1347 733 1551 774 descendit

170 794 350 834 sacerdos
381 795 421 834 in
450 794 632 845 fluvium,
662 794 700 833 δε
720 789 817 834 hora
853 807 931 847 qua
951 795 1103 847 ceperit
1134 794 1372 833 benedicere
1394 807 1554 848 aquam,

172 869 268 894 mox
301 852 483 894 Iordanis
518 868 612 893 cum
643 868 790 907 magno
823 854 956 907 rugitu
990 853 1076 907 post
1110 854 1146 893 se
1167 855 1390 904 revertitur,
1421 853 1459 892 &
1480 850 1553 891 stat

172 928 276 967 aqua
307 913 483 966 superior
508 913 548 952 in
571 912 606 953 se
628 912 750 966 usque
776 913 873 951 dum
895 912 1114 966 baptismus
1138 912 1357 965 perficitur,
1388 911 1552 951 inferior

171 986 266 1012 vero
294 974 397 1027 fugit
428 974 468 1013 in
504 987 625 1024 mare,
656 973 814 1012 dicente
843 971 1061 1024 psalmista:
1097 971 1216 1012 Mare
1246 973 1348 1012 vidit
1378 971 1416 1011 &
1439 971 1552 1024 fugit,

171 1030 354 1072 Iordanis
389 1033 601 1073 conversus
632 1031 688 1071 est
721 1031 943 1070 retrorsum.
982 1030 1110 1070 Tunc
1145 1045 1287 1071 omnes
1324 1031 1547 1071 Alexandri

171 1091 323 1131 habent
359 1092 413 1131 ibi
445 1091 529 1131 suas
560 1105 680 1131 naves
711 1104 805 1130 cum
832 1090 1066 1130 hominibus
1097 1090 1292 1130 habentes
1322 1091 1552 1144 colaphosa

172 1151 314 1204 plenos
325 1151 542 1192 armatibus
552 1151 590 1191 &
602 1151 788 1191 balsamo.
799 1149 852 1190 Et
864 1150 962 1189 hora
984 1164 1063 1203 qua
1076 1150 1369 1191 benedixerunt
1382 1152 1551 1206 fontem,

171 1220 388 1264 antequam
428 1210 624 1263 incipiant
659 1209 886 1262 baptizare,
926 1208 1102 1248 fundunt
1137 1208 1228 1248 illos
1268 1209 1465 1262 colaphos
1506 1213 1546 1251 in

170 1268 339 1308 fluvium
361 1267 399 1307 &
420 1268 569 1308 tollunt
591 1268 683 1307 inde
704 1281 849 1320 aquam
881 1266 1138 1306 benedhstam
1171 1267 1209 1306 &
1230 1268 1376 1307 exinde
1399 1269 1551 1310 faciunt

170 1342 316 1381 aquam
346 1325 577 1381 aspersionis
608 1327 647 1366 in
670 1326 744 1366 suis
765 1327 935 1366 navibus
957 1338 1174 1380 antequam
1197 1338 1342 1367 exeant
1363 1328 1411 1366 ad
1434 1330 1548 1368 navi—

169 1387 359 1440 gandum.
391 1386 597 1439 Baptismo
628 1386 850 1439 completo,
881 1385 1128 1425 descendunt
1149 1400 1290 1426 omnes
1314 1387 1352 1425 in
1375 1387 1546 1427 fluvium

171 1460 242 1499 pro
260 1446 544 1485 benediffione
566 1446 695 1485 induti
718 1444 904 1485 sindones
926 1445 964 1485 δε
981 1445 1077 1485 alias
1099 1445 1244 1485 multas
1261 1445 1424 1498 species,
1447 1462 1545 1501 quas

170 1502 239 1544 fibi
261 1506 308 1544 ad
331 1504 572 1557 sepulturam
595 1504 759 1544 servant.
782 1505 858 1544 His
880 1504 1065 1557 perfeetis
1087 1505 1276 1545 omnibus
1295 1505 1426 1545 statim
1444 1520 1547 1558 aqua

170 1566 209 1604 in
232 1565 394 1618 proprio
415 1564 626 1603 revertitur
646 1563 775 1603 alveo.
796 1563 907 1602 Nam
929 1564 1036 1602 unde
1054 1562 1174 1616 surgit
1190 1561 1374 1603 Iordanis
1396 1579 1417 1603 a
1438 1579 1545 1604 mare

169 1623 428 1677 Tyberiadis,
449 1622 570 1676 usque
600 1623 647 1662 ad
679 1637 786 1662 mare
808 1623 1046 1673 Salinarum,
1068 1623 1135 1662 ubi
1159 1622 1307 1673 deficit,
1329 1623 1415 1662 sunt
1437 1622 1548 1661 milia

170 1697 287 1722 cxxx.

223 1740 270 1780 [n
293 1741 360 1780 illa
380 1755 475 1781 vero
496 1741 610 1794 rippa
630 1740 812 1781 Iordanis
833 1740 888 1780 est
909 1740 1096 1794 spelunca
1129 1741 1167 1780 in
1191 1756 1269 1794 qua
1295 1741 1382 1782 sunt
1403 1743 1549 1784 cellule

170 1799 321 1853 septem
351 1815 444 1839 cum
474 1800 624 1854 septem
655 1800 799 1853 puellis
831 1815 908 1853 que
933 1800 986 1839 ibi
1016 1800 1210 1839 infantule
1231 1801 1458 1842 mittuntur.
1493 1802 1547 1844 Et

170 1874 264 1898 cum
285 1859 418 1913 aliqua
438 1874 486 1898 ex
508 1860 563 1900 eis
586 1870 744 1899 mortua
771 1860 902 1909 fuerit,
932 1860 972 1898 in
994 1859 1075 1912 ipsa
1095 1859 1243 1899 cellula
1264 1859 1461 1913 sepelitur.
1494 1862 1548 1903 Et

171 1919 246 1958 alia
274 1919 421 1958 cellula
452 1920 654 1970 inciditur,
684 1919 722 1959 δε
748 1921 921 1959 mittitur
944 1919 997 1958 ibi
1020 1919 1096 1959 alia
1114 1919 1261 1972 puella,
1291 1931 1333 1959 ut
1354 1935 1545 1961 numerus

170 1977 254 2018 stet.
284 1977 339 2017 Et
367 1978 517 2018 habent
545 1979 639 2019 foris
670 1981 738 2033 qui
770 1980 826 2019 eis
855 1979 1004 2018 cibaria
1035 1991 1229 2032 preparet.
1267 1979 1313 2019 ln
1340 1994 1421 2033 quo
1452 1979 1545 2019 loco

169 2051 317 2090 magno
342 2052 436 2078 cum
459 2039 603 2078 timore
625 2038 777 2091 ingressi
801 2038 932 2079 sumus
954 2039 1001 2077 ad
1035 2039 1272 2078 orationem.
1304 2038 1470 2078 Nullius
1493 2037 1546 2076 ibi

169 2097 313 2136 faciem
342 2097 529 2137 vidimus.
559 2095 606 2135 In
627 2097 710 2150 ipso
732 2098 825 2137 loco
857 2097 1003 2137 dicitur
1023 2096 1099 2136 effe
1121 2097 1320 2136 sudarium
1342 2101 1451 2151 quod
1475 2096 1549 2135 fuit

170 2156 284 2211 super
309 2166 431 2209 caput
459 2154 585 2195 Ihesu.
616 2156 717 2196 Non
749 2157 922 2196 multum
953 2157 1072 2210 longe
1094 2171 1115 2195 a
1136 2155 1306 2196 Iordane
1329 2157 1395 2196 ubi
1418 2154 1549 2208 bapti—

169 2227 283 2256 zatus
317 2214 372 2255 est
393 2214 614 2265 Dominus,
648 2215 704 2254 est
734 2215 1019 2255 monasterium
1051 2215 1183 2255 saneti
1216 2214 1407 2255 Iohannis
1430 2217 1545 2256 valde

169 2288 375 2328 magnum,
396 2274 435 2313 in
457 2289 539 2327 quo
560 2274 646 2314 sunt
669 2273 902 2314 smodochia
924 2276 1017 2314 duo.

222 2331 268 2373 In
291 2332 360 2373 ista
381 2347 474 2374 vero
496 2334 588 2373 vel
582 2349 619 2373 m
643 2334 710 2373 illa
730 2334 844 2387 rippa
865 2332 1047 2374 Iordanis
1081 2347 1150 2386 per
1172 2334 1260 2373 loca
1283 2333 1546 2375 submontana

170 2393 429 2432 inveniuntur
467 2393 665 2447 serpentes
705 2393 754 2433 de
794 2393 939 2446 quibus
984 2392 1201 2433 conficitur
1240 2394 1399 2476 tyriaca.
1447 2392 1546 2434 Inde

170 2452 356 2492 venimus
377 2453 424 2491 ad
446 2450 674 2492 Iordanem.

225 2511 292 2552 De
313 2510 485 2551 Iordane
507 2511 628 2566 usque
651 2512 817 2551 Hierico
840 2511 927 2551 sunt
949 2512 1118 2552 miliaria
1138 2513 1189 2566 xj.

224 2570 390 2611 Hierico
412 2581 546 2610 autem
568 2573 622 2610 ita
643 2571 800 2611 videtur
828 2572 866 2611 in
885 2572 1013 2612 oculis
1031 2572 1244 2611 hominum
1262 2583 1305 2611 ut
1323 2571 1544 2625 paradysus.

172 2630 210 2669 A
229 2640 329 2670 terre
346 2640 460 2670 motu
478 2631 579 2670 muri
598 2631 730 2670 diruti.
748 2630 910 2671 Domus
924 2631 1038 2671 Raab
1052 2629 1123 2671 stat
1136 2630 1172 2671 δε
1186 2630 1240 2671 est
1253 2629 1544 2671 sinodochium.

228 2755 255 2776 a.
281 2742 337 2777 Vel
358 2743 515 2777 calathos.
