2216 3435
605 231 648 278 xl
1151 243 1448 276 PRAEFATIO.

595 387 752 445 summa
771 402 852 427 cum
874 387 1064 441 diligentia
1092 396 1284 441 exponunt,
1304 386 1424 427 multa
1456 387 1549 438 alia,
1570 402 1652 441 quae
1673 388 1720 427 ab
1751 387 1833 427 aliis
1861 402 1988 427 cruce-

593 452 754 508 signatis
773 453 914 506 egregie
929 454 1032 508 gesta
1041 452 1150 510 sunt,
1171 461 1212 491 ut
1230 453 1528 506 expugnationem
1550 453 1649 493 arcis
1667 453 1883 504 maritimae,
1904 454 1989 493 bre-

605 519 707 558 viter
740 528 1055 558 commemorantes
1085 516 1228 565 (Gesta
1262 515 1304 557 P.
1330 519 1374 558 {5⁹
1408 517 1485 568 M.,
1520 517 1596 557 Ioh.
1628 518 1672 557 de
1707 516 1858 569 Tulbia,
1895 518 1987 558 Lib.

607 581 794 637 Duellij).
816 583 891 633 Alij
910 599 1000 623 vero
1016 583 1151 633 clerici,
1167 597 1322 635 quorum
1337 584 1525 637 principes
1537 580 1711 623 Iacobus
1729 583 1777 623 de
1800 583 1988 624 Vitriaco

604 649 648 688 Εἴ
671 647 885 689 Oliverius
915 648 1076 688 vocandi
1094 648 1201 705 sunt,
1228 657 1297 687 aut
1319 663 1402 700 quae
1432 647 1500 701 ipfi
1532 648 1713 688 viderunt
1737 649 1990 702 &fi’cerunt,

607 723 674 753 aut
706 729 788 767 quae
817 713 1032 767 populares
1062 714 1265 769 gesserunt,
1299 728 1410 766 neque
1440 722 1560 753 tamen
1591 714 1780 764 orationes,
1806 714 1874 754 vel
1900 730 1990 756 vere

607 778 765 829 habitas,
783 779 850 818 vel
848 778 974 832 fic‘tas,
989 778 1197 836 inserentes,
1215 787 1283 818 aut
1297 777 1492 831 theologica
1508 779 1672 830 quadam
1689 778 1903 831 eloquentia,
1925 790 1993 820 aut

606 844 705 883 nudo
725 859 768 883 ac
776 843 940 898 simplici
956 844 1036 893 stilo
1057 843 1122 899 ust,
1142 844 1326 897 referunt.

661 909 833 949 Alterius
853 925 944 949 vero
965 910 1102 949 ordinis
1111 908 1210 966 sunt
1214 909 1353 962 fontes,
1375 908 1502 962 quibus
1522 924 1604 962 quae
1625 909 1647 948 ]
1649 908 1805 950 ohannes
1837 925 1904 950 rex
1929 912 1996 952 vel

608 975 714 1016 duces
741 975 843 1015 electi
860 975 1025 1014 dixerint
1046 977 1089 1015 ξεῖ
1113 974 1306 1029 geffi’rint,
1334 976 1493 1015 maxime
1521 985 1790 1027 memorantur,
1810 974 1993 1016 nonnullis

609 1040 752 1094 omiffls,
773 1040 841 1080 vel
851 1040 965 1098 falso
994 1041 1119 1080 ordine
1149 1040 1391 1093 chronologico
1415 1040 1602 1098 disposttis,
1623 1057 1705 1094 quae
1726 1042 1876 1082 aliunde
1895 1040 1993 1080 nobis

611 1106 851 1157 nuntiantur,
871 1106 1000 1158 quibus
1020 1115 1142 1146 autem
1158 1107 1329 1157 maxime,
1351 1122 1432 1160 quae
1447 1107 1500 1146 ad
1510 1123 1587 1146 rem
1602 1107 1800 1147 militarem
1807 1107 1994 1165 spec‘tant,

610 1172 654 1212 {3⁵
674 1172 712 1211 in
733 1172 864 1224 castris
883 1170 1034 1227 bestium
1060 1172 1268 1212 deliberata
1297 1172 1365 1212 vel
1366 1172 1486 1226 fac‘ta
1495 1172 1603 1230 sunt,
1623 1182 1854 1228 exponuntur
1875 1170 1993 1219 (Era-

612 1235 708 1287 cles,
724 1236 883 1286 Ernoul,
900 1235 1040 1277 Recits
1054 1237 1107 1276 du
1122 1236 1334 1277 monestrel
1353 1237 1401 1277 de
1419 1237 1586 1289 ReimsJ.
1606 1237 1759 1278 Horum
1779 1238 1992 1292 insontium

614 1317 768 1341 numero
791 1303 979 1356 ponendus
1012 1303 1060 1358 ist
1092 1312 1220 1353 textus,
1250 1318 1352 1355 quem
1386 1302 1598 1356 Anonymus
1612 1303 1860 1358 provincialis
1889 1304 1992 1343 rede-

606 1366 705 1420 giffiz
725 1366 890 1406 videtur.
911 1367 974 1407 De
993 1367 1036 1406 iis
1055 1382 1159 1418 vero,
1181 1383 1263 1420 quae
1281 1368 1318 1406 in
1340 1368 1500 1407 omnibus
1521 1367 1604 1408 aliis
1623 1367 1799 1408 chronicis
1816 1367 1993 1422 &fonti-

612 1433 678 1472 bus
698 1432 741 1471 de
762 1432 870 1471 rebus
890 1447 914 1472 a
935 1432 1143 1487 christianis
1161 1432 1198 1472 in
1218 1432 1362 1486 Quinto
1383 1433 1474 1472 bello
1481 1432 1601 1490 sacro
1614 1434 1733 1486 gestis,
1755 1434 1992 1487 refiruntur,

611 1500 650 1538 in
661 1499 900 1557 sequentibus
920 1499 1026 1540 huius
1045 1500 1255 1541 collectionis
1284 1500 1542 1552 voluminibus,
1571 1511 1714 1554 quanta
1740 1501 1932 1554 diligentia
1950 1503 1994 1541 {9⁷

610 1564 798 1620 industria
816 1564 996 1620 poffimus,
1016 1566 1114 1606 nobis
1134 1567 1316 1619 agendum
1336 1566 1417 1606 erit.

671 1693 844 1746 CODEX,
861 1711 902 1734 ex
919 1709 985 1748 quo
1000 1694 1043 1734 P.
1060 1694 1246 1748 Meyerus
1261 1694 1356 1734 hunc
1372 1704 1507 1734 textum
1517 1697 1729 1749 fragmenti
1735 1695 1994 1749 provincialis,

610 1759 742 1815 insigni
759 1760 928 1800 doctrina
946 1761 990 1799 δ’
1004 1760 1131 1811 studio
1158 1761 1332 1800 edendum
1359 1762 1524 1813 curavit,
1550 1762 1588 1801 in
1615 1762 1827 1802 bibliotheca
1846 1761 1996 1801 Arma-

612 1825 724 1864 menti
733 1822 907 1879 Parisien
902 1822 970 1879 fis,
969 1823 1048 1880 sub
1060 1832 1104 1862 n0
1112 1837 1189 1877 599
1198 1836 1211 1863 1
1226 1825 1456 1880 affirvatus,
1472 1836 1483 1856 1
1501 1825 1633 1879 primis
1630 1826 1770 1884 saeculi
1779 1825 1827 1865 X
1824 1826 1848 1865 I
1854 1824 1894 1867 V
1891 1825 1997 1865 annis

599 1890 784 1948 scriptus,
798 1884 876 1941 sed
896 1889 1059 1928 murium
1086 1890 1251 1929 dentibus
1269 1891 1449 1930 nonnullis
1474 1891 1555 1931 locis
1575 1891 1743 1948 corrosus
1763 1892 1821 1946 ss.
1849 1889 2000 1946 Constat

612 1970 709 1995 nunc
724 1964 885 2008 quatuor
895 1954 1063 2008 plagulis
1077 1955 1114 1994 in
1136 1955 1239 1995 binas
1256 1955 1443 1996 columnas
1458 1956 1595 2011 divffls,
1616 1971 1778 2009 quarum
1793 1957 1830 1995 in
1838 1955 1997 2011 singulis

613 2019 671 2072 liij
696 2019 806 2059 lineae
835 2018 991 2074 scriptae
1012 2019 1133 2077 sunt,·
1166 2020 1273 2059 codex
1306 2035 1396 2059 vero
1424 2020 1555 2074 plenus
1575 2021 1650 2077 sex
1671 2020 1849 2074 plagulas
1856 2020 1996 2078 saltem

613 2084 787 2141 habuiffi’
810 2085 975 2135 videtur,
997 2086 1034 2124 in
1056 2086 1185 2138 quibus
1202 2085 1346 2125 initium
1354 2086 1583 2138 fragmenti,
1603 2086 1646 2125 id
1660 2087 1709 2141 est
1734 2085 1922 2141 inscriptio
1939 2086 1997 2135 Εἴ,

614 2163 699 2201 quae
732 2149 977 2204 crucesignati
1005 2150 1118 2208 usque
1154 2151 1208 2190 ad
1237 2149 1483 2203 februarium
1518 2149 1693 2190 MCCX
1690 2150 1763 2189 IX
1794 2150 1997 2206 gefflrunt,

616 2214 910 2255 continebantur.
948 2215 1100 2255 Praeter
1118 2215 1388 2269 fragmentum
1425 2231 1528 2267 vero,
1571 2214 1754 2269 Epistola
1779 2215 1881 2271 satis
1913 2223 1997 2254 nota

615 2277 812 2320 Iohannis
848 2279 1072 2334 Presbyteri
1096 2281 1174 2337 sed
1216 2279 1406 2330 mutilata,
1447 2279 1603 2320 Fabula
1639 2279 1740 2320 Peiri
1779 2279 1996 2319 cardinalis

616 2345 871 2385 Unaciutatz
902 2347 946 2386 Εἴ
982 2344 1207 2399 Catalogus
1236 2345 1522 2399 episcoporum
1565 2345 1674 2385 orbis
1710 2356 1921 2396 terrarum,
1959 2345 1996 2384 in

615 2409 735 2450 codice
754 2411 873 2465 nostro
891 2409 1080 2463 leguntur.

667 2612 680 2632 1
707 2600 796 2634 Cod.
817 2600 922 2642 latim,
940 2610 977 2633 n0
993 2613 1094 2644 5991,
1110 2600 1202 2633 cuius
1223 2599 1268 2633 νῐ-
1349 2599 1494 2633 Biblioth.
1507 2601 1547 2633 de
1557 2599 1882 2641 l'Ecoledeschartes‚
1897 2602 1996 2639 ¹877,

616 2653 695 2687 deas
727 2664 918 2687 accuratam
949 2654 1202 2699 descriptionem
1237 2654 1268 2686 in
1350 2666 1382 2698 p.
1399 2658 1564 2697 498-500,
1589 2666 1664 2697 505.
