2216 3435
818 745 848 787 Ι.

794 921 847 963 II.

771 1039 846 1081 III.

766 1098 841 1141 IV.

791 1280 843 1320 V.

772 1337 845 1380 VI.

746 1397 842 1440 VII.

726 1635 845 1678 VIII.

767 1694 843 1736 IX.

788 1934 842 1974 X.

769 1992 844 2034 XI.

745 2052 841 2094 XII.

726 2171 845 2214 XIII.

725 2348 844 2391 XIV.

745 2471 842 2511 XV.

725 2527 844 2570 XVI.

1230 140 1490 173 ARCULFUS

1091 457 1285 515 LIBER
1331 455 1615 516 PRIMUS.

1265 648 1463 672 CAPITULA.

884 746 947 786 De
974 744 1054 800 situ
1084 742 1359 800 Hierusalem:
1388 753 1492 797 porte
1525 743 1699 796 civitatis,
1734 742 2048 800 anniversarium

949 813 1146 855 mercatus,
1184 803 1280 843 locus
1319 803 1454 858 templi,
1494 803 1697 843 oratorium
1737 803 2049 854 Sarracenorum,

952 864 1076 904 domus
1095 878 1239 917 magne.

882 923 946 963 De
972 922 1121 978 ecclesia
1147 923 1300 962 rotunde
1314 921 1488 977 formule
1505 920 1630 977 super
1641 919 1864 977 sepulcrum
1891 922 2050 964 Domini

951 981 1134 1036 edificata.

881 1041 945 1081 De
963 1041 1035 1097 ips
1035 1056 1075 1081 us
1086 1039 1261 1097 sepulcri
1268 1040 1405 1106 figura
1424 1041 1468 1080 {3⁹
1489 1039 1562 1079 eius
1581 1039 1770 1093 tugurioli.

876 1101 940 1141 De
972 1099 1051 1157 ipso
1085 1101 1222 1156 lapide,
1257 1101 1319 1153 qui
1352 1101 1406 1140 ad
1436 1099 1562 1153 ostium
1596 1099 1816 1139 monumenti
1849 1099 2050 1140 advolutus

952 1169 1046 1211 erat,
1068 1176 1170 1225 quem
1197 1159 1347 1212 angelus
1368 1158 1536 1209 Domini,
1561 1159 1604 1198 de
1623 1157 1694 1197 celo
1719 1156 1947 1223 descendens,
1968 1159 2050 1214 post

950 1218 1253 1276 resurrectionem
1275 1218 1348 1258 eius
1368 1218 1545 1269 revolvit,
1572 1218 1614 1257 de
1634 1219 1781 1270 tugurio
1800 1219 1845 1258 {5³
1856 1216 2048 1274 sepulcro.

878 1280 942 1319 De
969 1278 1116 1334 ecclesia
1138 1278 1264 1318 Sanae
1285 1277 1438 1329 Marie,
1466 1293 1532 1331 que
1553 1277 1709 1318 rotunde
1729 1276 1871 1317 coheret
1895 1278 2047 1334 ecclefie.

880 1340 944 1379 De
970 1339 1041 1378 illa
1062 1337 1209 1393 ecclefia
1230 1354 1296 1392 que
1313 1338 1350 1377 in
1374 1337 1560 1377 Cal-varie
1579 1337 1651 1376 loco
1671 1336 1877 1390 construefft‘a
1896 1337 1959 1389 est.

876 1399 940 1439 De
975 1397 1154 1454 bastlica,
1193 1413 1305 1450 quam
1340 1397 1600 1451 Constantinus
1633 1396 1797 1435 vicinam
1825 1394 2050 1451 supradille

948 1456 1089 1512 ecclefie
1126 1457 1162 1496 in
1201 1473 1238 1497 eo
1262 1456 1493 1510 fabricavit
1527 1456 1613 1507 loco,
1652 1456 1715 1495 ubi
1752 1455 1860 1496 Crux
1889 1456 2048 1496 Domini

947 1517 1068 1558 ruinis
1083 1515 1290 1572 superata,
1312 1520 1393 1571 post
1417 1516 1537 1556 multa
1554 1513 1593 1571 s
1588 1515 1704 1567 ecula,
1725 1515 1870 1569 refoffa
1890 1516 2045 1556 inventa

950 1577 1002 1631 cst
1020 1586 1140 1616 terra.

879 1636 945 1676 De
965 1636 1037 1676 loco
1058 1635 1196 1676 altaris
1216 1634 1434 1675 Abraham.

878 1695 965 1734 Dea
998 1695 1135 1734 exedra
1168 1694 1272 1733 intra
1307 1693 1491 1750 ecclestam
1522 1693 1708 1734 Calvarie
1741 1695 1785 1734 {3⁵
1815 1693 2047 1748 Constantini

948 1753 1140 1810 basilicam
1166 1753 1259 1810 fita,
1296 1754 1333 1793 in
1368 1770 1442 1807 qua
1480 1753 1580 1793 calix
1612 1752 1771 1793 Domini
1806 1754 1850 1793 {3⁹
1879 1750 2044 1809 spongia

945 1814 1131 1854 recondita
1161 1814 1333 1865 habetur,
1359 1814 1402 1853 de
1430 1828 1505 1866 qua
1533 1814 1570 1852 in
1597 1812 1695 1866 ligno
1717 1813 1878 1867 pendens
1905 1821 2046 1853 acetum

938 1872 1108 1930 suxerat
1123 1875 1167 1914 &⁹
1188 1873 1331 1913 vinum.

877 1934 942 1973 De
960 1934 1092 1974 lancea
1112 1933 1247 1984 militis,
1268 1949 1342 1986 qua
1362 1933 1460 1973 latus
1480 1932 1638 1972 Domini
1649 1930 1729 1988 ipse
1744 1931 1913 1986 pupugit.

879 1994 943 2033 De
949 1992 1115 2050 sudario
1128 1993 1204 2044 illo,
1225 2009 1291 2047 quo
1307 1993 1465 2033 Domini
1482 2002 1598 2048 caput
1605 1991 1750 2049 sepulti
1767 2000 1964 2033 contettum
1985 1992 2046 2045 est.

877 2054 940 2093 De
974 2053 1093 2104 linteo,
1128 2054 1233 2106 quod,
1267 2062 1309 2092 ut
1327 2053 1482 2107 fertur,
1506 2051 1646 2109 saneta
1682 2053 1862 2092 contexuit
1895 2051 2046 2092 Maria

949 2129 1070 2166 virgo.

879 2173 943 2217 De
973 2173 1053 2212 alia
1078 2171 1236 2228 summa
1269 2172 1439 2212 columna
1466 2172 1504 2211 in
1532 2171 1595 2210 illo
1606 2170 1686 2226 sita
1717 2171 1802 2222 loco,
1823 2171 1897 2222 ubi,
1928 2170 2047 2210 Cruce

948 2231 1105 2271 Domini
1130 2230 1376 2287 superposita,
1402 2241 1567 2272 mortuus
1594 2231 1737 2271 revixit
1752 2231 1912 2282 iuvenis,
1939 2232 1984 2271 ἔθ’
2005 2231 2047 2271 de

949 2291 1062 2331 medio
1080 2291 1220 2331 mundi.

878 2351 942 2390 De
967 2350 1091 2406 eccles
1092 2367 1116 2391 a
1136 2350 1263 2391 Santte
1282 2350 1425 2391 Mario
1450 2350 1487 2390 in
1508 2350 1613 2390 valle
1634 2348 1705 2406 Ios
1700 2349 1820 2404 aphat
1833 2349 2046 2403 fabricata,

943 2410 981 2450 in
1002 2426 1077 2463 qua
1097 2426 1257 2450 monum
1253 2420 1366 2450 ntum
1387 2410 1459 2450 eius
1479 2410 1649 2450 habetur.

877 2471 941 2510 De
961 2479 1067 2510 turre
1089 2468 1302 2535 Iosaphat
1288 2485 1325 2508 m
1347 2470 1470 2508 eadem
1490 2469 1694 2522 construaa
1714 2468 1831 2509 valle.

878 2529 942 2569 De
961 2530 1197 2569 monumentis
1216 2528 1354 2568 Simeon
1373 2530 1417 2568 Εἴ
1439 2525 1510 2583 Ios
1503 2527 1581 2582 eph.

714 2674 744 2694 a.
769 2661 839 2705 Mffl
865 2662 914 2693 ed.
936 2660 1008 2694 alia.
