2216 3435
639 197 704 229 DE
740 197 878 229 Loms
914 195 1133 228 sANcTis.
1487 193 1570 244 150

201 342 292 387 fimi
326 341 537 388 habentur
572 345 705 406 putei,
742 360 929 405 quorum
968 359 1076 387 unus
1115 340 1190 386 sub
1226 356 1377 385 monte
1412 356 1575 402 magna

200 412 497 477 profunditate
542 413 809 473 descendit,‘²
843 415 948 459 alter
988 430 1092 459 vero
1132 414 1175 458 in
1214 412 1415 473 spelunce
1456 412 1576 472 pavi-

201 502 366 543 mentO,
394 488 511 532 cuius
536 486 775 543 vastiffima,
804 503 850 531 ut
875 486 1019 544 fertur,
1039 486 1213 541 cavitas,
1238 484 1281 527 in
1307 480 1578 544 profundum

201 554 481 617 descendens,
502 561 619 604 recffo
645 561 782 603 traclu
805 556 1022 619 dirigitur:
1052 556 1127 617 qui
1151 554 1239 600 duo
1262 554 1383 616 putei
1408 553 1575 613 semper

201 618 473 674 clauduntur.
529 634 570 675 In
614 629 768 674 eadem
811 646 917 691 ergo
961 628 1163 690 spelunca
1207 642 1393 687 quatuor
1433 624 1577 669 insunt

197 698 370 760 lapidee
397 701 557 758 mense,
584 718 769 762 quarum
794 717 878 744 una
901 700 972 756 est,
1000 700 1115 743 iuxta
1134 697 1358 742 introitum
1375 695 1576 757 spelunce

199 768 253 814 ab
277 770 390 815 intus
416 770 503 829 fita,
530 772 713 817 Domini
735 772 865 815 nostri
887 771 971 815 Iesu
989 769 1160 825 Christi,
1181 769 1249 813 cui
1266 766 1422 829 procul
1439 764 1575 811 dubio

199 843 372 902 mensule
394 844 517 902 sedes
551 841 676 905 ipsius
718 841 917 887 adheret:
954 839 1026 886 ubi
1062 858 1163 885 cum
1199 837 1435 884 duodecim
1466 854 1573 899 apo-

200 911 328 970 stolis,
360 911 481 958 fimul
505 912 560 958 ad
593 913 695 958 alias
728 913 893 958 mensas
926 911 1090 957 ibidem
1121 909 1289 955 habitas
1320 906 1579 967 sedentibus,

199 984 243 1027 ὃς
267 983 355 1044 ipse
381 985 568 1030 conviva
593 982 832 1045 aliquando
858 981 1139 1028 recumbereb
1162 981 1308 1026 solitus
1333 996 1433 1026 erat.
1468 979 1576 1024 Illius

198 1055 318 1116 putei
343 1072 390 1099 os
423 1055 657 1111 clausuin‚⁶
688 1072 820 1116 quem
853 1055 897 1099 in
922 1055 1179 1115 pavimento
1204 1051 1407 1115 spelunce
1444 1049 1577 1096 inesse

198 1124 323 1187 supra
359 1125 611 1188 scripsimus,
653 1125 954 1189 apostolorum
1002 1122 1155 1169 menfis
1188 1123 1387 1185 proprius
1429 1120 1576 1167 haberi

199 1197 469 1242 monstratur.
513 1198 651 1242 Huius
694 1197 896 1259 spelunce
938 1195 1111 1258 portula
1149 1195 1319 1257 ligneo,
1367 1209 1412 1238 ut
1453 1193 1580 1239 refert

201 1267 368 1313 samstus
394 1269 608 1327 Arculfus,
635 1266 910 1313 concluditur
934 1267 1058 1323 ostio,
1086 1266 1160 1327 qui
1185 1264 1371 1310 eandem
1394 1265 1577 1309 Domini

200 1338 451 1401 speluncam
476 1340 615 1402 sepius
642 1338 943 1400 frequentavit.

266 1516 414 1562 XViil.
449 1519 515 1560 ‘De
535 1533 656 1576 porta
683 1517 827 1560 ‘David
850 1515 889 1559 ὃ]
914 1517 962 1559 de
988 1516 1064 1560 illo
1095 1516 1197 1571 loco,
1226 1519 1265 1559 in
1290 1532 1365 1574 quo
1389 1516 1512 1559 Iudas

546 1589 744 1647 Iscuriorlz
771 1587 911 1645 laqueo
925 1589 976 1647 se
988 1587 1218 1646 suspendit.

268 1702 395 1743 Porta
430 1700 572 1743 ‘David
604 1698 766 1742 montis
791 1698 895 1743 Sion
930 1697 1055 1742 molli
1087 1698 1201 1744 clivo
1230 1696 1284 1743 ab
1316 1697 1578 1744 occidentali

202 1768 383 1814 adheret
430 1786 562 1831 parte.
601 1769 673 1813 Per
713 1768 899 1814 eandem
946 1768 1001 1814 de
1039 1770 1211 1815 civitate
1243 1768 1577 1832 egredientibus,

199 1855 375 1902 portam
397 1841 442 1884 δε
461 1856 661 1885 montem
681 1841 784 1885 Sion
804 1841 1054 1901 proximum
1074 1839 1130 1885 ad
1151 1838 1357 1885 sinistram
1376 1839 1572 1886 habenti-

199 1909 292 1969 bus,
316 1908 462 1973 pousd
480 1909 675 1972 lapideus
701 1911 902 1968 occurrit,
938 1911 1105 1955 eminus
1129 1928 1206 1973 per
1231 1910 1390 1956 vallem
1409 1912 1452 1956 in
1481 1911 1572 1956 aus-

199 1998 313 2027 trum
346 1984 463 2026 re6't0
501 1981 670 2026 tramite
708 1980 907 2038 dirce-ius,
940 1980 1122 2027 arcubus
1148 1980 1349 2038 suffaltus,
1375 1980 1432 2026 ad
1458 1983 1575 2027 cuius

199 2051 480 2097 medietatem
514 2049 566 2096 ab
606 2052 761 2096 occasu
796 2052 866 2097 ille
891 2053 1081 2097 vicinusff
1118 2051 1298 2097 habetur
1334 2053 1471 2111 locus,
1505 2051 1577 2097 ubi

198 2126 322 2169 Iudas
356 2126 608 2184 Isca7¹i0tl1is,
647 2121 948 2185 desperatione
986 2126 1177 2180 coaczus,
1221 2123 1381 2185 laqueo
1405 2126 1456 2185 se
1480 2126 1576 2184 sus-

194 2192 384 2256 pendits
404 2191 567 2238 Ibidem
591 2195 636 2238 ὃς
655 2192 832 2256 grandis
855 2193 986 2239 hodie
1006 2193 1149 2239 adhuc
1170 2195 1430 2240 monstratur
1454 2193 1575 2251 ficus,

199 2262 253 2308 de
284 2264 415 2322 cuius,
450 2280 495 2309 ut
529 2264 673 2323 fertur,
710 2265 869 2310 vertice
898 2264 1167 2326 inlaqueatus
1203 2263 1413 2327 pependit
1438 2263 1575 2321 Iudas,

200 2344 276 2378 urg
302 2337 522 2394 Iuvencus,
550 2334 771 2397 presbyter
797 2335 1025 2395 verfificus‚
1049 2337 1224 2382 cecinit:

443 2427 646 2480 Informem
667 2428 798 2482 rapuit
804 2427 902 2482 ficus
921 2429 963 2467 de
984 2429 1119 2468 vertice
1139 2439 1300 2469 mortem.

247 2558 274 2579 a.
301 2548 353 2587 G„
371 2546 416 2579 al.
446 2546 476 2578 in
505 2546 608 2578 altum
629 2546 753 2579 infinita
769 2559 845 2591 pro·
928 2559 953 2580 e.
975 2550 1012 2580 G.
1031 2559 1087 2580 om.
1109 2547 1244 2581 vicinus.
1262 2567 1302 2572 ——
1318 2547 1339 2580 f.
1361 2548 1573 2589 L.‚B.,V.‚R.

200 2598 364 2631 funditate
383 2599 563 2643 produfi'tus
582 2599 781 2632 extenditur.
802 2618 843 2623 —
928 2600 1125 2645 suspendens
1150 2600 1348 2645 disperierat.
1373 2621 1415 2625 -
1436 2613 1467 2645 g.
1486 2602 1572 2634 Add.

201 2653 231 2684 b.
259 2654 296 2684 G.
319 2664 375 2685 om.
390 2652 529 2696 sequens
556 2652 639 2696 sepe.
666 2672 705 2676 —
733 2664 761 2685 c.
790 2652 841 2684 Al.
925 2653 1030 2697 aliqui
1047 2656 1137 2687 codd.
1154 2654 1195 2686 de
1215 2653 1283 2698 ipso
1303 2654 1394 2686 luda.

202 2705 402 2738 conclusum.
441 2725 482 2729 —
526 2706 556 2737 d.
593 2705 643 2738 Al.
683 2705 764 2738 fons.
802 2725 842 2729 --
