2216 3435
387 200 454 232 DE
489 201 626 234 LOCIS
661 200 1052 233 TRANSMARINIS
1087 201 1269 234 SACRIS.
1444 202 1527 252 133

161 349 228 388 ubi
255 347 506 400 tranfierunt,
534 350 667 403 gulfus
697 351 779 389 exit
809 351 859 389 de
890 350 1032 404 pelago
1064 351 1217 390 maiore
1247 350 1285 390 &
1307 352 1535 391 extenditur

160 410 267 449 intus
293 409 332 447 in
357 408 494 448 multis
520 408 681 449 milibus
707 409 864 449 acceffis
886 410 1040 449 recessis
1057 424 1135 462 que
1151 409 1282 449 habet.
1300 410 1535 450 Recedente

160 482 269 507 mare
294 478 458 520 apparet
482 468 614 507 omnis
640 467 854 507 submersio
882 468 1112 519 Pharaonis,
1140 468 1178 508 &
1203 469 1340 508 omnia
1361 483 1471 508 arma
1496 471 1535 509 in

160 538 358 566 marmore
371 537 524 565 mutata
539 526 739 565 videntur.
761 526 821 567 Ibi
840 528 1070 580 accepimus
1087 542 1211 568 nuces
1228 528 1373 567 virides
1392 543 1470 580 que
1488 529 1537 568 de

159 584 274 624 India
302 595 514 635 venerunt,
541 599 640 638 quas
670 587 719 624 de
742 584 932 638 paradyso
962 586 1133 624 credunt
1162 586 1349 626 homines
1380 584 1469 636 effe,
1499 587 1536 626 &

159 644 227 697 qui
263 658 312 683 ex
345 644 403 683 eis
437 643 651 696 gustaverit
684 644 856 684 satiatur.
886 643 1000 685 Intus
1031 657 1166 685 autem
1196 647 1235 686 in
1271 645 1355 699 ipso
1392 647 1535 698 pelago

159 703 321 742 modica
349 702 405 742 est
434 702 570 753 insula,
600 704 639 743 in
672 718 751 757 qua
771 704 827 743 est
848 716 961 757 petra
981 705 1072 744 viva
1092 705 1159 744 ubi
1182 706 1361 758 pendent
1382 704 1534 757 lapides

158 761 302 802 molles
338 773 381 801 ut
414 776 553 802 carnes
588 763 627 801 in
664 763 833 801 modum
868 763 1120 814 dacffhlorum,
1160 765 1227 817 qui
1260 764 1434 803 fundunt
1464 779 1539 802 1111-

157 832 352 875 guentum
384 822 493 874 quod
526 821 663 860 oleum
696 823 897 873 petrinum
928 822 1145 875 appellant,
1168 823 1234 876 qui
1259 837 1330 876 pro
1362 823 1538 862 maxima

158 880 442 921 benefflffione
465 881 632 921 tollitur.
655 882 738 922 Vas
761 882 799 920 in
822 897 903 935 quo
926 893 1120 935 portatur,
1142 881 1168 920 fi
1187 881 1402 934 impletum
1419 882 1538 922 fuerit

159 938 197 978 δι
218 938 396 980 volueris
418 941 622 991 reiterare,
644 942 690 979 ad
715 941 941 980 tollendum
964 941 1042 980 iam
1063 956 1145 980 non
1167 955 1262 980 eum
1283 942 1403 993 capit.

209 994 256 1036 In
277 1012 358 1051 quo
381 999 474 1038 1060
497 1001 817 1053 quanticumque
839 1000 967 1053 egroti
988 1001 1163 1039 maxime
1185 1015 1263 1053 que
1281 1001 1534 1052 energumini

156 1057 383 1110 pertingere
414 1057 575 1111 poffunt
603 1059 664 1098 131
653 1070 738 1098 iant
744 1075 788 1098 ur
793 1059 920 1100 ‚Oue
942 1059 1130 1100 tollentes
1154 1074 1224 1112 pro
1246 1059 1532 1099 benedictione

155 1130 238 1154 non
269 1131 361 1156 eum
384 1119 624 1170 permittunt
654 1119 799 1158 iterum
833 1120 999 1158 introire
1022 1133 1091 1172 per
1112 1119 1286 1174 Clysma,
1316 1129 1532 1172 antequam

155 1175 462 1216 commisceatur
491 1193 584 1217 cum
615 1178 719 1217 oleo.
752 1178 862 1217 Nam
893 1176 919 1216 fi
953 1192 1035 1217 non
1071 1178 1371 1228 adulteraretur,
1405 1177 1526 1216 credo

155 1234 250 1286 quia
278 1234 316 1274 &
346 1237 469 1289 ipsam
499 1238 687 1277 virtutem
717 1237 812 1290 [61111
812 1251 871 1276 61·
905 1238 1064 1276 taceret.
1101 1238 1211 1277 Nam
1247 1237 1381 1290 liquor
1411 1234 1542 1289 ipfius

154 1302 314 1332 tenetur
343 1297 538 1335 continuo
575 1309 644 1348 per
674 1296 695 1349 ij
735 1295 856 1334 milia.
899 1294 1007 1334 Infra
1041 1296 1248 1335 civitatem
1288 1295 1410 1348 ipsam
1449 1309 1527 1348 que

154 1352 302 1392 dicitur
337 1353 511 1406 Clysma,
549 1355 654 1394 intus
694 1356 733 1393 in
774 1353 933 1394 basilica
965 1355 1140 1419 1’1(11111113
1179 1354 1337 1394 loculos
1372 1353 1527 1407 ligneos

154 1410 382 1451 sanctorum
415 1413 706 1452 heremitarum
742 1424 899 1466 patrum
934 1413 972 1451 xi
978 1413 1001 1466 ij
1039 1412 1077 1452 &
1111 1413 1205 1452 inde
1238 1413 1424 1452 venimus
1462 1427 1532 1465 per

152 1471 364 1510 heremum
395 1473 442 1511 ad
474 1472 564 1525 spel
560 1487 704 1512 ineam
734 1473 837 1512 beati
870 1472 981 1512 Pauli
1013 1473 1229 1523 heremite,
1260 1488 1338 1526 que
1367 1483 1537 1512 vocatur

154 1531 409 1585 Syracumba
433 1531 593 1571 Exinde
616 1542 827 1585 pergentes
849 1532 995 1570 venim
992 1545 1033 1571 is
1048 1533 1095 1570 ad
1115 1532 1331 1571 cataractas
1349 1531 1451 1582 Nili,
1468 1532 1534 1572 ubi

155 1590 330 1630 ascendit
369 1605 471 1644 aqua
510 1593 555 1629 ad
598 1589 751 1643 {ignum
786 1605 907 1629 manu
942 1590 1118 1630 hominis
1154 1591 1306 1630 factum
1342 1591 1380 1631 &
1414 1591 1535 1630 habet

152 1650 299 1703 gradus
335 1651 401 1704 xij.
438 1650 501 1690 Ex
537 1662 703 1704 utraque
742 1660 851 1702 parte
888 1649 1057 1702 ipsarum
1093 1650 1412 1690 camai-adimam
1448 1650 1535 1689 sunt

154 1711 231 1748 due
253 1710 450 1760 civitates,
473 1724 570 1764 quas
591 1707 788 1749 edificaffe
810 1710 950 1748 dicunt
971 1708 1071 1749 filias
1094 1709 1219 1760 Loth,
1240 1710 1278 1750 &
1299 1724 1378 1749 una
1394 1724 1533 1749 earum

157 1768 304 1807 dicitur
328 1769 565 1822 Babylonia.

207 1827 333 1867 Tunc
353 1829 535 1868 venimus
558 1843 628 1881 per
645 1842 812 1880 campos
828 1827 1039 1877 Thaneos,
1057 1827 1094 1866 &
1112 1828 1150 1866 in
1168 1828 1353 1880 Nemphi
1375 1828 1541 1867 civitate

155 1888 193 1928 δέ
215 1889 385 1940 Antino,
409 1890 445 1928 in
465 1905 542 1944 qua
559 1888 753 1929 refidebat
770 1888 938 1939 Pharao,
955 1903 1002 1927 ex
1025 1903 1104 1942 qua
1118 1888 1187 1942 filij
1207 1887 1324 1928 Israel
1341 1891 1537 1929 exierunt.

154 1944 200 1985 In
232 1945 322 2000 ipfis
355 1947 453 1988 locis
485 1948 572 1988 sunt
598 1949 744 1987 horrea
773 1947 825 2001 xij
850 1945 992 1999 Ioseph
1016 1947 1145 1999 plena.
1175 1946 1221 1986 In
1250 1947 1433 2000 Nemphi
1467 1949 1541 1988 fuit

156 2005 354 2058 templum
385 2022 463 2060 que
495 2007 550 2046 est
579 2007 703 2045 modo
735 2004 913 2055 ecclesia,
942 2007 1056 2044 cuius
1088 2019 1166 2044 una
1197 2017 1312 2058 porta
1343 2005 1379 2045 se
1400 2005 1540 2046 clausit

155 2076 248 2104 ante
271 2065 502 2105 Dominum
524 2066 703 2105 nostrum
727 2067 890 2119 quando
921 2065 1036 2103 beata
1058 2064 1107 2104 M
1114 2065 1193 2104 aria
1214 2079 1306 2104 cum
1330 2066 1412 2118 ipso
1436 2066 1536 2119 fugit

156 2126 194 2164 in
216 2124 438 2179 Egyptum,
459 2125 497 2165 &
514 2126 645 2164 31111116
667 2140 748 2164 11011
768 2125 923 2177 potest
913 2124 1066 2176 aperiri.
1089 2122 1149 2162 lbi
1172 2124 1347 2164 vidimus
1370 2124 1537 2177 pallium

156 2184 338 2224 1111611111
332 2199 370 2223 111
393 2199 474 2238 quo
493 2185 633 2224 dicunt
664 2184 776 2223 illum
796 2196 980 2236 tempore
1003 2183 1071 2222 illo
1096 2183 1130 2222 se
1153 2181 1308 2233 teriiffe,
1326 2183 1364 2223 ἃ*
1387 2184 1540 2224 idcirco

159 2243 211 2283 ibi
243 2243 327 2283 eius
355 2242 576 2283 1·611131111116
609 2243 783 2291 vest-iaia.
817 2244 915 2284 One
937 2258 1054 2293 11113
1043 2258 1083 2282 ro
1105 2241 1266 2295 singulis
1289 2245 1540 2297 temporibus

159 2303 361 2352 adoratui,
382 2302 436 2342 set
457 2302 494 2342 δε
516 2318 590 2343 1103
611 2304 773 2342 adorav
767 2317 883 2352 imus,
914 2293 967 2341 set
990 2314 1157 2354 propter
1179 2301 1435 2354 splendorem
1457 2319 1539 2344 non

159 2362 366 2414 potuimus
398 2363 436 2400 in
464 2376 557 2401 611111
580 2363 800 2412 intende1,e
822 2362 916 2416 qui-1
937 2372 1134 2414 quantum
1158 2361 1195 2399 in
1219 2361 1340 2414 ipsam
1363 2364 1539 2417 effi‹riem

158 2421 346 2470 intendis,
365 2421 598 2461 immutatur
615 2422 652 2461 in
671 2421 799 2461 oculis
819 2423 907 2461 tuis.
927 2421 1233 2461 Descendentes
1252 2421 1540 2475 perEgyptum

161 2479 342 2519 venimus
383 2480 422 2519 in
462 2481 623 2520 civitate
662 2481 831 2533 Athlepi
872 2481 918 2518 ad
960 2479 1137 2518 sanctum
1176 2479 1424 2519 Mennatum
1471 2482 1538 2534 qui

160 2537 305 2578 multas
336 2539 502 2579 vii-tutes
534 2540 585 2579 ibi
619 2551 823 2592 operatur.
860 2537 960 2578 Inde
991 2551 1060 2591 per
1089 2537 1270 2591 stagnum
1306 2539 1540 2592 navigantes

160 2597 450 2637 Alexandriam
472 2599 668 2639 venimus.

212 2655 258 2696 In
305 2657 386 2710 ipso
430 2657 567 2711 stagno
612 2659 786 2698 vidimus
835 2658 1138 2698 multitudinem
1188 2657 1540 2697 corcodrilloruin.

160 2714 408 2755 Alexandria
438 2717 579 2756 civitas
612 2717 793 2770 pulchra,
824 2717 999 2772 populus
1030 2717 1142 2769 levis,
1173 2717 1227 2757 set
1247 2728 1403 2756 amator
1427 2730 1541 2770 pere-

161 2775 385 2830 grinorum,
406 2775 560 2815 hereses
584 2777 720 2818 inulte.
