2216 3435
616 230 701 276 102
1188 227 1446 261 ARCULFus

885 462 925 505 ll.
965 463 1031 504 ‘De
1055 461 1284 504 conditione
1309 459 1482 519 eiusdem
1508 461 1699 503 civitatis.

674 574 741 618 De
757 574 874 618 cuius
894 571 1152 618 conditione
1167 571 1279 616 banc
1297 570 1576 616 traditionem
1590 571 1739 616 civesa
1755 569 1990 616 maioribus

607 645 933 708 promulgatam
949 659 1164 701 enarrant,
1180 641 1390 689 dicentes:
1413 646 1648 705 Imperator
1662 643 1991 699 Constantinus,

603 716 772 762 infinita
817 717 1048 761 hominum
1091 713 1368 760 multitudine
1407 732 1678 779 congregata
1720 717 1764 762 ὃ(
1798 713 1990 777 undique

603 788 780 833 infinitis
818 785 1023 832 sumtibus
1060 804 1171 849 pene
1197 785 1391 832 nuditate
1417 788 1617 832 omnium
1651 788 1875 833 civitatum
1902 785 1991 830 col-

604 860 738 919 leclss,
770 858 920 905 urbem
947 859 1005 903 sui
1033 859 1292 921 participem
1330 859 1522 903 nominis
1549 860 1592 904 in
1618 857 1714 904 Alie
1739 875 1875 921 parte,
1906 857 1992 901 hoc

605 932 677 990 est,
704 933 746 977 in
767 931 938 989 Cilicia,
969 930 1196 975 interiecffo
1223 930 1345 987 mari,
1379 929 1500 991 quod
1529 931 1571 975 in
1596 930 1675 975 illis
1703 928 1857 976 finibus
1881 929 1992 974 inter

604 1001 750 1048 Asiam
774 1005 819 1048 ἃ
844 1002 1059 1065 Europam
1087 1000 1366 1059 disterminat,
1392 1001 1594 1048 edificare
1619 1003 1746 1065 cepit.
1780 998 1992 1064 Qadam

603 1092 706 1120 vero
744 1077 895 1133 notste,
941 1090 1041 1119 cum
1079 1071 1412 1118 innumerabiles
1449 1074 1750 1136 operariorum
1785 1071 1991 1118 exercitus

602 1162 678 1207 per
702 1145 960 1190 immensam
987 1145 1224 1190 castrorum
1249 1143 1603 1207 longitudinem⁰
1626 1146 1669 1190 in
1696 1142 1991 1207 papilionibus

603 1217 858 1275 dormirent,
891 1218 1043 1262 omnia
1075 1216 1438 1261 ferramentorum
1462 1234 1638 1279 genera,
1672 1214 1827 1278 quibus
1851 1213 1990 1261 diver-

606 1291 752 1335 sorum
772 1306 958 1351 operum
975 1287 1155 1333 artifices
1172 1289 1231 1333 uti
1248 1288 1576 1345 consueverant,
1599 1286 1737 1333 subito
1757 1285 1991 1349 quomodo

602 1361 680 1407 sint
716 1360 892 1417 sublata,
925 1360 1120 1405 nescitur.
1157 1361 1224 1405 De
1257 1376 1446 1421 quorum
1473 1357 1694 1405 subitanea
1719 1361 1764 1404 ὅ(
1790 1356 1988 1403 occultab

601 1433 858 1491 sublatione,
876 1449 977 1477 cum
992 1432 1136 1494 primo
1153 1449 1282 1476 mane
1297 1430 1352 1476 ad
1367 1432 1508 1494 ipsum
1525 1432 1834 1493 imperatorem
1848 1430 1991 1475 Cons-

602 1507 817 1552 tantinum
849 1504 1023 1567 plurimi
1055 1520 1322 1565 operatores,
1357 1503 1535 1547 mestitia
1573 1502 1811 1560 molestati,
1849 1502 1990 1563 queri-

602 1578 801 1623 moniam
842 1572 1113 1631 detulilsent,
1149 1591 1219 1619 rex
1255 1574 1571 1635 consequenter
1607 1574 1786 1635 inquirit
1822 1571 1876 1618 ab
1917 1573 1990 1629 eis,

603 1648 769 1695 dicens:
797 1648 838 1693 Si
864 1646 965 1692 alias
991 1663 1054 1690 res
1081 1644 1134 1690 de
1161 1646 1302 1690 castris
1329 1643 1564 1690 subtraclas
1596 1644 1791 1690 audistis?
1824 1644 1993 1703 Nullas,

602 1722 816 1783 inquiunt,
854 1718 1043 1779 exceptis
1082 1715 1286 1762 omnibus
1327 1734 1513 1779 operum
1549 1717 1828 1762 ferramentis.
1865 1716 1991 1760 Tunc

602 1790 760 1838 deinde
791 1807 863 1835 rex
898 1789 1095 1852 precipit,
1133 1789 1331 1849 inquiens
1369 1786 1424 1833 ad
1457 1805 1550 1833 eos:
1585 1791 1640 1832 lte
1671 1789 1809 1846 citius,
1842 1789 1886 1832 ὃ(
1914 1788 1992 1832 cir-

603 1878 858 1909 cumeuntes
891 1860 999 1906 ultra
1034 1861 1227 1921 citraque
1259 1877 1335 1922 per
1371 1860 1606 1904 maritimas
1636 1860 1869 1923 regionum
1895 1876 1991 1903 oras

603 1934 993 1989 conterminarum,
1030 1931 1216 1988 lustrate,
1255 1933 1314 1989 &‚
1351 1929 1376 1975 fi
1414 1932 1457 1975 in
1482 1930 1630 1992 aliquo
1657 1947 1864 1994 agrorum
1888 1930 1990 1975 loco

602 2006 714 2052 forte
738 2005 873 2051 vestra
900 2004 1116 2065 reperietis
1143 2003 1421 2061 ferramenta,
1448 2001 1614 2047 ibidem
1633 2003 1806 2048 interim
1827 2019 1876 2047 ea
1901 2002 1991 2046 cus-

603 2076 757 2134 todite,
795 2078 839 2121 ὅς
875 2075 946 2120 illa
971 2074 1055 2119 huc
1080 2092 1170 2119 non
1199 2075 1440 2137 reporteti8‚
1473 2073 1544 2118 sed
1570 2072 1625 2118 acl
1651 2091 1722 2118 me
1747 2073 1915 2135 aliquos
1941 2090 1991 2118 ex

607 2148 731 2195 vobis
771 2148 923 2193 reverti
951 2146 1094 2204 facite,
1125 2162 1169 2190 ut
1193 2162 1274 2208 pro
1304 2162 1424 2190 certo
1454 2145 1557 2190 scire
1588 2144 1746 2208 possim
1780 2143 1834 2189 de
1861 2144 1990 2189 ferra—

602 2237 854 2266 mentorum
880 2234 1136 2281 repertione.

667 2290 842 2355 Quibus
884 2289 1065 2347 auditis,
1103 2289 1288 2351 operarij
1330 2286 1623 2349 absequuntur
1662 2285 1929 2332 sermonibus
1967 2304 1992 2332 a

599 2381 702 2427 rege
738 2362 876 2420 diesis,
914 2365 957 2407 ὅ(
993 2378 1194 2407 exeuntes
1231 2360 1362 2405 secuti
1379 2370 1391 2386 ²*
1416 2359 1585 2404 fuerant
1610 2357 1783 2416 iussum,
1814 2359 1992 2404 lustratis

601 2435 701 2480 hinc
727 2437 771 2479 ὃς
796 2433 897 2480 inde
926 2450 1068 2496 ponto
1103 2432 1251 2478 vicinis
1277 2448 1485 2494 agrorum
1511 2431 1717 2475 terminis.
1752 2429 1797 2474 Et
1821 2447 1921 2475 ecce
1946 2430 1989 2474 in

600 2505 767 2568 Europe
811 2522 957 2567 parte,
997 2503 1105 2548 ultra
1142 2520 1289 2559 mare,
1334 2501 1699 2546 ferramentorum
1737 2501 1990 2563 congeriem

600 2593 851 2640 repererunt
883 2578 992 2621 inter
1033 2573 1122 2620 duo
1156 2573 1291 2619 maria
1326 2574 1369 2618 in
1402 2589 1491 2618 uno
1523 2588 1841 2635 congregatam
1871 2571 1988 2617 loco.

601 2650 709 2712 Qo
741 2664 930 2711 reperto,
963 2645 1019 2692 ad
1045 2663 1193 2709 regem
1219 2661 1269 2689 ex
1295 2645 1353 2689 eis
1380 2643 1513 2705 aliqui
1544 2644 1723 2689 veniunt
1747 2641 1920 2701 remim,
1945 2644 1989 2687 &

649 2774 678 2795 a.
701 2762 736 2794 L.
757 2759 977 2793 latitudinem.
1002 2779 1036 2783 ——
1058 2760 1089 2791 b.
1108 2757 1160 2790 Al.
1180 2756 1365 2802 improvisa.
1388 2777 1430 2781 —
1451 2768 1479 2789 c.
1498 2755 1589 2799 ιῑζβζς
1609 2755 1654 2788 al.
1675 2754 1775 2788 sicuti.
