2216 3435
621 220 712 268 226
1053 233 1193 266 BEDA
1230 232 1562 266 VENERABILIS

617 383 825 445 tringinta
858 380 1109 439 stadiorum,
1142 379 1328 426 latitudo
1360 396 1537 427 centum
1566 381 1736 444 viginti,
1772 379 2001 426 exordium

616 472 639 499 a
682 455 780 500 vico
817 452 1098 511 Gennabara,
1136 452 1231 498 finis
1270 452 1403 514 usque
1445 451 1500 498 ad
1537 452 1810 515 Asphaltium
1843 451 2000 498 lacum.

618 525 809 571 Iordanis
840 543 939 570 eum
978 522 1174 569 medium
1208 525 1448 583 intersecat,
1486 522 1769 571 viridantibus
1795 524 1895 585 ripis
1924 522 2001 568 flu·

615 598 741 642 minis
786 598 1019 653 alluvione,
1056 595 1266 659 siquidem
1301 597 1426 659 super
1463 597 1576 659 ripas
1607 594 1798 641 eiusdem
1839 595 1999 641 fruetus

614 667 820 714 arborum
846 667 1019 715 uberior
1038 669 1113 722 est,
1137 669 1240 714 alias
1264 668 1399 732 longe
1425 668 1596 726 exilior,
1623 666 1743 712 arida
1767 667 1885 711 enim
1906 666 2001 712 sunt

613 742 763 786 omnia
789 757 928 803 preter
952 756 1076 785 oram
1104 738 1306 785 fluminis.

915 919 985 965 XI.
1024 922 1092 964 ‘De
1118 921 1289 964 Iordane
1313 918 1353 963 ὃ·
1379 923 1484 964 mari
1510 920 1687 965 Galilee.

676 1030 802 1094 {psius
825 1048 971 1078 autem
998 1034 1184 1078 Iordanis
1209 1030 1439 1078 exordium
1463 1031 1599 1094 vulgo
1628 1046 1802 1094 putatur
1826 1032 1869 1077 in
1894 1048 1997 1094 pro-

608 1104 750 1149 vincia
782 1102 975 1162 Phenice,
1012 1102 1068 1149 ad
1101 1102 1267 1149 radices
1303 1103 1466 1147 montis
1496 1100 1660 1160 Libani,
1697 1100 1771 1148 ubi
1803 1107 1995 1162 Paneum,

608 1173 652 1219 id
689 1175 760 1233 est,
786 1175 971 1220 Cesarea
998 1174 1181 1238 Philippi
1216 1174 1289 1220 fita
1316 1175 1387 1220 est.
1415 1173 1546 1222 Unde
1570 1176 1614 1220 ὃς
1648 1174 1767 1221 idem
1793 1176 1996 1234 Paneum,

608 1245 694 1290 hoc
718 1246 789 1305 est,
816 1246 1023 1309 speleum,
1049 1264 1124 1309 per
1149 1246 1272 1309 quod
1298 1247 1384 1293 sese
1410 1246 1568 1293 attollit
1603 1245 1809 1307 Iordanis,
1842 1264 1867 1293 a
1897 1264 1998 1312 rege

608 1318 808 1381 Agrippa
844 1318 1004 1365 decore
1044 1318 1287 1365 admirabili
1334 1319 1590 1365 exstrufium
1636 1319 1997 1382 venustatumque

604 1390 859 1452 accipimus.
897 1390 958 1435 Est
984 1407 1130 1436 autem
1164 1392 1207 1436 in
1231 1389 1572 1437 Trachonitide‘²
1604 1407 1713 1437 terra
1748 1390 1848 1436 fons
1873 1390 1997 1438 roteb

605 1461 860 1523 qualitatem
898 1463 1157 1526 exprimens,
1193 1461 1310 1508 unde
1345 1464 1390 1508 ὃς
1429 1461 1569 1508 Phiale
1601 1479 1767 1508 nomen
1808 1463 1994 1526 accepit,

603 1532 858 1594 quindecim
894 1552 919 1579 a
960 1534 1147 1580 Cesarea
1191 1532 1380 1580 millibus
1422 1532 1624 1596 passuum
1666 1531 1886 1592 discretus,
1932 1535 1991 1579 ita

602 1605 758 1668 iugiter
793 1605 946 1668 plenus
970 1614 1224 1668 aquarum,⁶
1267 1622 1312 1651 ut
1350 1623 1492 1667 neque
1530 1602 1808 1668 superfluant,
1850 1623 1995 1668 neque

603 1693 798 1738 unquam
832 1677 1093 1723 minuantur.
1134 1680 1178 1723 ln
1215 1677 1332 1722 hunc
1364 1677 1594 1740 Philippus,
1625 1676 1855 1722 tetrarches
1886 1678 1992 1723 eius-

603 1746 705 1793 dem
734 1749 941 1811 regionis,
974 1749 1120 1812 paleas
1158 1748 1281 1809 misit,
1314 1765 1421 1811 quas
1445 1749 1489 1793 in
1520 1748 1660 1793 Paneo
1690 1745 1846 1795 fluvius
1876 1748 1993 1796 ebul·

599 1818 706 1865 livit.
755 1818 884 1866 Unde
925 1820 1062 1882 liquet
1096 1821 1141 1865 in
1180 1820 1321 1866 Phiala
1358 1820 1623 1883 principium
1663 1817 1749 1865 effe
1786 1819 1992 1881 Iordanis,

602 1890 676 1936 sed
700 1891 798 1954 post
822 1889 1121 1938 subterraneos
1147 1909 1313 1938 meatus
1337 1894 1382 1939 in
1410 1893 1550 1939 Paneo
1578 1890 1739 1956 cepisse
1763 1890 1992 1951 fluentum,

601 1963 690 2024 qui,
727 1979 832 2008 mox
856 1962 1002 2008 lacum
1025 1962 1251 2027 ingressus,
1283 1963 1464 2027 paludes
1497 1965 1586 2010 eius
1615 1964 1855 2023 intersecat,
1890 1962 1993 2009 inde

601 2051 780 2096 quoque
805 2035 948 2080 cursus
973 2035 1071 2081 suos
1095 2034 1300 2100 dirigens,
1326 2029 1610 2098 quindecimd
1632 2035 1767 2081 millia
1790 2033 1992 2099 paffuum

599 2104 685 2151 sine
724 2105 810 2151 ulla
838 2105 1118 2153 interfusione
1152 2108 1432 2172 progreditur
1461 2110 1594 2171 usque
1633 2108 1690 2155 ad
1721 2107 1888 2164 urbem,
1922 2108 1991 2153 cui

601 2176 721 2222 Iulias
756 2195 923 2224 nomen
964 2179 1041 2238 est,
1083 2179 1233 2241 postea
1256 2180 1403 2226 lacum
1440 2183 1617 2243 Gene‘gar
1653 2178 1802 2226 medio
1847 2177 1992 2225 transit

598 2246 782 2308 fluento,
809 2249 940 2309 unde,
966 2250 1152 2313 plurima
1173 2252 1523 2315 circumvagatus
1542 2252 1676 2311 locas·
1700 2250 1988 2314 Asphaltium,

598 2319 684 2365 hoc
725 2321 783 2366 est
828 2321 1053 2368 Mortuum
1092 2339 1211 2368 mare
1251 2321 1487 2387 ingressus,
1530 2322 1768 2369 laudabiles
1808 2320 1991 2386 perditss

598 2408 745 2453 aquaS.
772 2391 832 2437 Est
861 2393 1020 2438 coloris
1057 2392 1207 2452 albidi,
1246 2393 1348 2440 sicut
1377 2395 1460 2454 lac,
1497 2396 1543 2440 ὃς
1581 2393 1640 2440 ob
1681 2394 1768 2439 hoc
1800 2395 1845 2440 in
1882 2393 1989 2438 mari

599 2463 777 2508 Mortuo
811 2463 952 2528 longo
990 2465 1162 2510 tramite
1201 2464 1466 2512 discernitur.
1492 2466 1554 2511 Est
1589 2481 1737 2512 autem
1772 2467 1989 2523 Genezar,

597 2533 642 2579 id
666 2534 724 2580 est
743 2554 851 2581 mare
884 2538 1063 2594 Galilee,
1094 2538 1267 2601 magnis
1287 2535 1396 2585 filvis
1421 2536 1756 2597 circumdatum,
1781 2538 1825 2583 in
1843 2536 1988 2601 longi-

656 2656 685 2677 a.
730 2645 785 2678 Pb.
817 2645 860 2678 est
901 2645 987 2679 intra
1029 2654 1163 2681 terram.
1204 2667 1251 2672 ———
1402 2648 1435 2681 d.
1458 2649 1509 2682 Pc.
1530 2648 1585 2691 xij.
1604 2667 1650 2672 --
1668 2659 1696 2680 e.
1724 2647 1818 2680 Addo
1839 2646 1922 2680 loca.
1942 2665 1988 2670 —

597 2698 627 2729 b.
657 2699 762 2739 Med„
795 2699 851 2731 Pa.
882 2700 919 2731 83³
933 2700 1000 2741 Pb„
1034 2701 1071 2732 Ο.
1099 2712 1181 2733 rore.
1204 2720 1250 2724 -
1333 2701 1460 2745 issMff3
1478 2702 1588 2746 prodit
1603 2703 1651 2734 ed.
1668 2699 1983 2743 Col.,Smith,Giles.

593 2761 620 2783 c.
648 2752 786 2784 ‘Tantum
806 2753 862 2785 Pa.
888 2752 987 2785 addit
1006 2753 1249 2787 habundantia.
