2216 3435
530 205 589 254 24
1072 202 1359 236 ORDINAcio

525 348 656 394 timor
690 349 887 407 Domini,
926 347 1095 394 habitus
1129 365 1211 411 pro
1242 348 1461 411 peccatis3
1503 346 1590 394 lob.
1615 348 1779 407 (XXXI,
1809 350 1904 413 23),

528 421 726 481 «Semper
749 425 869 466 timui
894 425 1128 477 Dominum,
1154 425 1261 483 quasi
1277 423 1426 480 fluc‘ius
1450 424 1774 483 tumentessuper
1797 439 1902 465 me.»

523 490 653 535 Terre
678 506 824 536 autem
849 508 973 536 motu
999 491 1215 549 veniente,
1256 488 1282 535 si
1319 506 1430 536 terra
1453 492 1700 553 aperiretur,
1738 492 1908 537 timeret
1925 505 1954 532 A
1971 502 1990 533 f.
2008 502 2047 540 64
2058 513 2085 541 a,
2101 511 2126 532 c·
2142 512 2171 533 2·

526 560 708 624 quilibet
734 561 953 609 absorberi
971 581 996 608 a
1015 580 1138 621 terra,
1160 562 1298 608 multo
1326 563 1486 609 forcius
1506 565 1688 628 clangor
1707 562 1907 609 tubarum

525 634 711 678 Domini
730 636 775 679 δε
798 636 974 696 apercio
995 635 1152 680 inferni
1173 635 1311 679 timeri
1331 633 1506 681 debent.
1527 636 1704 682 Tercius
1724 635 1908 699 angulus

527 705 584 751 est
608 703 870 751 abstinencia
895 722 1049 751 contra
1073 706 1418 768 prosperitatem,
1460 725 1514 753 ne
1547 706 1592 753 sit
1623 708 1760 752 homo
1785 705 1908 752 habi-

527 793 620 822 tans
644 777 688 821 in
714 794 824 822 terra
851 776 954 822 ficut
979 777 1107 839 talpa.
1134 778 1326 839 Qartus
1355 778 1413 823 est
1433 779 1657 841 paciencia
1676 788 1687 808 ¹
1707 780 1750 823 in
1776 776 1908 823 tribu-

525 848 696 894 lacione
718 851 965 911 «secundum
987 850 1279 894 multitudinem
1293 851 1477 895 dolorum
1493 869 1699 896 meorum»
1724 849 1909 913 (Psalm.,

527 933 671 978 XCIII,
707 923 798 983 19),
819 923 863 966 ὃς
883 943 891 966 ;
921 942 942 961 (f
960 924 1006 965 Si
1035 923 1228 979 dicebam,
1252 938 1382 966 morus
1401 926 1538 983 estpes
1557 940 1664 966 meus
1676 943 1697 962 »
1719 921 1907 985 (Psalm.,

527 1005 669 1051 XCIII,
699 993 789 1052 18),
804 1009 849 1038 ut
871 991 918 1037 sis
941 1009 1047 1055 ergo
1070 992 1237 1037 securus
1257 990 1310 1037 ab
1329 993 1516 1051 inferno,
1534 1014 1556 1034 (t
1571 995 1657 1039 leva
1676 995 1864 1054 clipeum,
1885 1013 1906 1033 2>

528 1064 614 1109 hoc
650 1064 722 1122 est,
759 1067 963 1111 crucem!
1004 1081 1089 1126 que
1123 1063 1200 1109 sint
1234 1065 1278 1109 in
1313 1082 1445 1110 manu
1484 1081 1555 1110 tua
1591 1083 1669 1128 per
1692 1063 1911 1123 effee³tum‚

528 1135 700 1191 scilicet,
743 1156 766 1176 <c
791 1141 830 1181 in
874 1155 990 1198 opere
1019 1154 1154 1181 contra
1189 1138 1320 1182 urbem
1356 1141 1444 1181 Hm·
1466 1158 1488 1177 n
1532 1137 1646 1196 (Ios,
1677 1149 1782 1193 VIII,
1817 1138 1909 1197 IS),

527 1206 733 1252 adhereas
752 1208 868 1253 cruci
889 1211 896 1254 !
923 1208 1140 1253 Dominus
1166 1209 1209 1252 in
1236 1207 1484 1271 Evangelio,
1508 1230 1530 1249 a
1555 1212 1678 1253 Beati
1696 1213 1800 1268 estis,
1823 1226 1909 1253 cum

527 1281 808 1324 maledixerint
830 1282 956 1336 vohis,
984 1281 1088 1337 &c.,
1108 1283 1282 1341 gaudete
1301 1280 1341 1324 ὃ»
1359 1281 1544 1340 exultate,
1563 1284 1747 1340 quoniam
1766 1297 1913 1325 merces

527 1355 649 1411 vestra
675 1354 840 1413 copiosa
866 1356 917 1411 cst
939 1355 978 1396 in
1007 1353 1107 1396 celis
1130 1372 1152 1391 υ
1181 1351 1371 1410 (Matth.‚
1397 1365 1442 1410 V,
1476 1369 1490 1398 1
1507 1369 1521 1398 Ι
1555 1351 1667 1415 seq.)
1689 1355 1696 1398 !

596 1426 700 1469 Item
721 1445 729 1469 :
755 1426 893 1468 Amos
918 1425 1008 1484 (IX,
1034 1425 1104 1486 (J),
1141 1445 1163 1464 <c
1186 1426 1404 1482 Edzficavit
1430 1427 1631 1469 Dominus
1655 1426 1911 1488 ascenfionem

517 1497 638 1557 suam
660 1500 699 1540 in
720 1497 804 1540 celo
817 1517 840 1536 n
861 1512 937 1557 per
954 1494 1148 1558 lapidem
1167 1496 1210 1539 in
1230 1495 1442 1557 sepulcro,
1456 1513 1533 1558 per
1552 1495 1712 1541 ferrum
1731 1498 1775 1541 ὃ(
1793 1495 1912 1560 ligna

528 1567 573 1612 in
599 1583 740 1626 cruce,
778 1583 854 1629 per
884 1567 1063 1612 vulnera
1095 1569 1140 1612 ὃς
1168 1567 1426 1630 sanguinem
1451 1567 1554 1625 eius,
1580 1567 1696 1613 unde
1722 1568 1765 1612 in
1790 1568 1910 1613 Can-

530 1638 603 1683 tici
638 1654 733 1701 cap.
771 1652 800 1682 V
832 1637 882 1701 (Q
911 1638 1035 1701 seq),
1074 1659 1097 1679 <t
1124 1640 1272 1699 Qalis
1305 1643 1356 1698 cst
1390 1641 1561 1683 dilecslus
1587 1640 1709 1696 Tuus,
1737 1641 1912 1685 dilec‘i'us

530 1728 638 1754 meus
662 1712 858 1755 candidus
895 1711 934 1755 ὃ»
970 1712 1243 1755 rubicundus!
1267 1731 1289 1751 n
1318 1711 1420 1772 quia
1453 1709 1665 1755 candidus
1692 1728 1768 1773 per
1786 1712 1913 1757 inno-

532 1782 731 1827 cenciam
756 1783 802 1826 δε
827 1779 1093 1826 rubicundus
1117 1799 1195 1844 per
1219 1782 1487 1845 languinem.

599 1855 731 1898 Item:
769 1852 971 1915 Exempla
1007 1853 1152 1915 aliqua
1186 1870 1366 1915 quoque
1399 1855 1716 1914 interserantur,
1751 1871 1843 1899 tum
1870 1869 1916 1898 ut

531 1925 672 1988 magis
697 1923 881 1969 reddant
907 1923 1125 1970 auditores
1163 1941 1352 1970 attentos
1379 1941 1471 1971 tum
1492 1943 1670 1989 propter
1699 1926 1916 1972 remocio-

533 2013 636 2041 nem
656 1994 779 2055 tedij>
801 2012 893 2040 tum
914 2013 960 2040 ut
979 2012 1055 2058 per
1074 1997 1275 2059 exempla
1293 1996 1478 2043 aliorum
1501 1999 1639 2061 magis
1658 2013 1918 2044 moveantur

532 2066 588 2113 ad
617 2068 953 2125 contricionem,
978 2084 1071 2112 turn
1096 2084 1143 2113 ut
1167 2069 1307 2131 magis
1344 2069 1544 2115 fallacem
1569 2068 1722 2115 mundi
1751 2070 1916 2116 vanita-

534 2155 624 2185 tem
652 2155 986 2202 contempnant,
1028 2156 1073 2184 ut
1106 2139 1286 2201 aliquod
1322 2140 1569 2186 huiusmodi
1604 2139 1723 2187 verbi
1757 2141 1915 2204 gracia.

534 2211 640 2256 Tres
666 2211 813 2256 fratres
833 2211 988 2256 milites
1010 2211 1181 2257 fuerunt
1198 2213 1242 2256 in
1266 2209 1382 2257 bello
1407 2229 1558 2258 contra
1577 2213 1853 2276 Albigensos,
1873 2214 1918 2257 &

535 2282 660 2327 multi
687 2281 835 2328 fideles
870 2281 1249 2342 interficiebantur,
1283 2283 1399 2329 unde
1430 2283 1518 2329 duo
1544 2284 1717 2329 illorum
1742 2284 1918 2329 fratrum

534 2353 687 2399 flentes
717 2352 922 2399 dicebant
946 2355 1104 2400 tercio:
1130 2354 1236 2400 Proh
1263 2354 1404 2413 dolor,
1429 2354 1561 2401 hodie
1586 2373 1740 2402 omnes
1759 2356 1917 2401 morie-

534 2443 632 2470 mur
652 2428 660 2472 !
695 2425 870 2470 Tercius
895 2442 1041 2471 autem
1073 2427 1328 2471 confortans
1353 2427 1502 2472 fratres
1525 2428 1619 2473 suos
1641 2450 1650 2474 :
1681 2428 1919 2473 Moriamur
1937 2444 1967 2472 A
1983 2442 2003 2472 f.
2020 2441 2059 2480 64
2072 2441 2100 2478 b,
2116 2452 2140 2470 c.
2162 2448 2187 2470 ι.

536 2514 618 2559 pro
640 2513 709 2555 eo,
736 2497 809 2558 qui
833 2514 915 2559 pro
943 2496 1070 2543 nobis
1088 2515 1284 2543 mortuus
1309 2498 1397 2557 est,
1431 2520 1453 2539 <r
1475 2503 1546 2545 kar
1565 2504 1604 2544 io
1623 2518 1670 2544 ne
1681 2502 1756 2561 sai
1779 2500 1920 2544 meilur

536 2571 718 2614 marchie'
737 2572 782 2612 ke
799 2586 880 2630 pur
899 2587 948 2613 un
975 2573 1038 2614 iur
1063 2572 1112 2614 de
1123 2588 1301 2631 penance
1326 2571 1411 2614 aler
1431 2574 1454 2614 ἁ
1481 2575 1586 2616 ‘Deu.
1607 2592 1630 2612 υ
1659 2572 1793 2633 Surge
1812 2586 1917 2632 ergo

587 2737 598 2756 1
624 2725 650 2757 B
666 2724 841 2771 sapiencia.
