2216 3435
660 279 934 313 oBsrmoNis
958 278 1224 311 DAMIATE.
1569 265 1627 324 85

258 446 416 474 norum
435 429 480 472 ὃς
498 427 833 472 sarracenorum
852 425 1003 470 Beatus
1025 423 1260 486 Georgius,
1286 423 1412 467 armis
1431 420 1537 467 albis
1565 422 1631 465 in-
1652 443 1728 474 1219

257 499 400 555 dutus,
428 500 473 544 δε
510 495 845 542 innumerabiles
875 495 1028 540 milites
1056 511 1158 540 cum
1191 510 1260 551 eo,
1284 492 1471 538 fimiliter
1504 492 1632 538 armis

256 569 362 615 albis
382 579 394 599 1
414 571 458 614 ὃς
480 566 660 614 vestibus
686 566 880 612 candidis
903 565 1054 611 induti.
1080 564 1290 611 Videntes
1315 580 1458 608 autem
1477 563 1636 626 Pagani

258 658 347 699 eOS,
367 641 488 685 cursu
509 638 773 685 velociffimo
792 647 809 666 2
827 655 876 683 ex
890 637 1078 700 predore
1098 653 1263 699 magno
1283 635 1518 690 venientes,
1539 652 1633 697 per-

258 712 389 757 territi
414 712 565 774 fugam
586 724 794 770 ceperunt
816 711 861 753 ὃ(
886 709 1099 771 fugientes
1125 723 1207 752 nec
1231 723 1353 768 pater
1376 705 1527 762 filium,
1554 721 1634 750 nec

256 783 367 828 filius
392 798 561 845 patrem
590 778 877 843 exspetffabat,
904 780 1036 824 castra
1057 781 1102 824 ὃς
1126 778 1288 833 omnia,
1317 794 1401 838 que
1425 777 1469 821 in
1494 776 1634 821 castris

258 851 493 910 habebant,
519 853 687 914 penitus
706 851 1010 912 relinquentes,
1035 852 1080 895 ὃ(
1098 859 1112 887 3
1131 849 1262 894 etiam
1282 847 1528 905 Christiani,
1549 847 1635 891 hoc

260 923 499 982 audientes,
536 940 748 986 magnum
773 921 1015 967 habuerunt
1040 923 1256 966 timorem.
1295 919 1441 963 Altera
1468 917 1536 962 die
1562 936 1635 963 ve-

260 997 420 1053 niente,
462 1011 571 1039 unus
606 1011 656 1039 ex
691 994 883 1056 Paganis,
922 994 995 1055 qui
1030 993 1073 1036 in
1113 1007 1273 1052 campo
1310 989 1585 1045 remanserat,
1617 997 1637 1025 4

261 1067 436 1113 vocavit
468 1065 735 1110 Christianos
770 1066 815 1109 ὃς
840 1063 946 1109 dixit
978 1065 1057 1108 eis:
1104 1066 1254 1120 Venire,
1290 1065 1383 1120 quia
1420 1063 1635 1105 sarraceni

250 1142 402 1199 fugam
428 1154 610 1199 ceperunt
636 1137 675 1180 <⁶3³
699 1140 821 1195 cqslra
846 1154 930 1179 cum
958 1138 1137 1180 omnibus
1160 1134 1419 1193 dimzjerum!

325 1209 436 1254 XVI.
465 1209 572 1270 Quo
594 1207 725 1264 saffo,
747 1206 991 1263 Christiani,
1011 1205 1066 1250 ad
1085 1205 1217 1249 castra
1229 1218 1474 1266 pergentes,
1495 1218 1637 1264 temp-

261 1280 372 1326 toria
388 1282 432 1325 &
452 1279 614 1334 omnia,
639 1295 721 1339 que
747 1279 789 1321 in
816 1277 956 1321 castris
982 1276 1173 1331 aderant,
1207 1272 1450 1319 habuerunt
1469 1276 1513 1318 ὃ(
1532 1274 1640 1318 inter

261 1349 302 1394 se
328 1348 571 1395 diviserunt.
604 1349 649 1394 Et
672 1365 775 1393 tunc
801 1348 1032 1393 Christiani
1063 1346 1364 1392 intellexerunt
1389 1346 1434 1389 ὃς
1464 1343 1641 1388 firmiter

263 1419 551 1477 crediderunt,
571 1429 585 1459 5
607 1419 727 1481 quod
742 1420 961 1464 Dominus
978 1418 1116 1463 noster
1131 1417 1267 1461 lhesus
1282 1416 1474 1461 Christus
1488 1415 1640 1460 Cruci-

262 1491 369 1537 fixus
401 1490 507 1536 mifit
532 1492 686 1536 milites
707 1492 801 1535 suos
821 1489 875 1535 ad
895 1488 1241 1552 expugnandum
1261 1488 1456 1550 Paganos
1481 1488 1525 1531 ὃς
1548 1487 1640 1531 Sar-

263 1581 457 1609 racenos.
485 1563 530 1607 Et
542 1565 584 1607 in
600 1563 660 1607 his
675 1561 824 1607 diebus
839 1562 1039 1624 apparuit
1057 1560 1296 1606 sarracenis
1321 1557 1511 1619 quedam
1525 1559 1641 1602 terri-

265 1635 358 1681 bilis
373 1652 459 1682 vox
479 1633 687 1679 dicendo:
714 1637 853 1694 Fugite
872 1633 911 1677 ὃ)
931 1638 984 1677 ite
1008 1637 1113 1677 viam
1134 1636 1294 1690 vestram
1315 1630 1399 1692 &fi
1418 1648 1509 1685 non,
1536 1648 1640 1674 mor-

264 1713 324 1752 tui
341 1707 357 1735 ⁶
375 1710 514 1752 eritis!
539 1705 584 1750 Et
602 1705 681 1750 hec
700 1722 787 1750 vox
807 1721 881 1766 per
902 1720 1043 1748 totum
1063 1703 1297 1748 exercitum
1316 1700 1405 1746 ibat
1425 1698 1615 1745 dicendo
1633 1723 1641 1745 :

267 1782 421 1838 Fugite,
441 1780 596 1837 fizgire,
621 1795 706 1820 ecce
727 1779 945 1834 Clzrzstiani
974 1793 1043 1819 vos
1074 1792 1203 1819 omnes
1236 1775 1442 1818 occident!
1461 1781 1477 1808 7
1506 1771 1551 1815 Et
1585 1772 1643 1816 ita

267 1849 486 1894 Sarraceni
522 1848 673 1909 fugam
707 1862 928 1908 ceperunt,
963 1848 1007 1889 ὃς
1032 1843 1084 1889 sic
1109 1860 1231 1906 pater
1255 1861 1345 1888 non
1372 1842 1644 1904 exspetstabat

268 1919 403 1964 filium
438 1919 675 1979 &semper
709 1917 788 1962 hec
822 1935 908 1962 vox
934 1915 1146 1961 dicendo:
1186 1919 1324 1976 Qare
1357 1933 1432 1959 non
1451 1918 1643 1974 fugitis?

268 1995 366 2035 Ecce
392 1993 610 2048 Christiani
619 1991 822 2050 sequendo
844 1991 1021 2033 occident
1041 1991 1133 2032 vos!
1159 1987 1202 2030 Et
1228 1986 1367 2031 nullus
1389 1983 1644 2046 sequebatur

270 2079 359 2117 eos,
394 2063 438 2105 ὃς
462 2060 542 2104 hec
568 2077 652 2104 vox
681 2062 725 2104 ὅ(
749 2058 969 2104 tribulatio
994 2076 1071 2120 per
1107 2074 1189 2102 tres
1215 2056 1304 2102 dies
1329 2055 1497 2101 duravit
1522 2056 1645 2118 super

64 2150 106 2178 M.
125 2149 144 2178 f.
162 2151 198 2188 63
218 2150 249 2178 Β.
268 2134 537 2178 Sarracenos.
565 2132 691 2176 Tunc
711 2129 942 2175 Christiani
969 2127 1094 2174 valde
1117 2130 1352 2173 timuerunt
1379 2126 1433 2172 de
1456 2144 1644 2185 rumore,

321 2321 331 2339 1
360 2310 393 2341 P.
416 2308 498 2340 albis
516 2307 632 2340 armi&
657 2328 700 2330 ἡ
727 2321 744 2339 2
767 2307 797 2338 l'.
818 2305 1016 2338 velocissimo
1035 2305 1138 2337 cursu.
1161 2324 1201 2328 ο-
1226 2316 1240 2344 3
1262 2305 1293 2336 P.
1315 2305 1396 2335 add.
1421 2324 1463 2326 —e
1483 2317 1505 2344 4
1526 2304 1574 2335 M.
1597 2315 1644 2334 re-

271 2362 467 2394 manserunt.
489 2381 530 2384 —
553 2373 567 2402 5
589 2362 640 2394 M.
672 2359 855 2392 credentes.
879 2379 924 2383 ›-—
942 2362 960 2391 6
985 2361 1035 2392 M.
1057 2358 1165 2390 morti.
1199 2355 1292 2390 ‘Totus
1318 2357 1427 2400 pqffits
1443 2356 1581 2399 sequens
1603 2357 1645 2388 ub

270 2415 422 2460 apparuit
436 2415 533 2458 usque
549 2413 593 2445 ibi
609 2413 661 2445 nisi
679 2412 826 2445 sabulum
846 2413 929 2454 dccst
941 2413 973 2444 itt
989 2414 1035 2451 P„
1056 2412 1178 2455 qaijhl.
1208 2425 1215 2443 ι
1230 2424 1269 2444 10
1286 2413 1317 2444 l)
1334 2412 1367 2443 in
1385 2410 1451 2443 eius
1472 2409 1532 2442 loco
1550 2408 1645 2452 legit:

274 2470 323 2501 Ea
342 2480 420 2500 vero
442 2468 494 2501 die
513 2480 628 2500 omnes
647 2467 820 2500 Christiani
839 2466 1034 2499 tranlierunt
1057 2466 1180 2498 flumen
1202 2465 1327 2508 ingenti
1347 2464 1472 2508 gaudio
1491 2464 1520 2496 Sc
1542 2462 1646 2495 letitia

270 2521 443 2554 laudantes
462 2522 492 2553 δι
512 2521 745 2553 benedicentes
765 2519 969 2560 Dominum5
990 2519 1145 2551 omnibus
1160 2518 1219 2550 fuit
1239 2526 1356 2550 notum
1374 2519 1403 2549 δε
1427 2516 1645 2549 manifestum.

273 2576 323 2607 Ea
342 2583 453 2607 autem
472 2575 526 2607 die
547 2574 719 2607 Christiani
744 2585 819 2607 curn
841 2572 986 2617 Paganis
1006 2574 1034 2605 ἃ
1058 2573 1243 2605 Sarracenis
1263 2571 1452 2615 nequissime
1470 2571 1647 2614 preliatum

273 2628 303 2660 Sc
322 2626 435 2671 fugam
455 2635 603 2671 petentes
623 2639 678 2660 eos
700 2626 799 2670 usque
819 2625 863 2658 ad
877 2625 1019 2658 civitatis
1036 2633 1143 2669 partes·
1160 2625 1318 2669 persecuti
1338 2624 1480 2656 fuerunt.
1506 2626 1548 2656 Et
1568 2632 1646 2656 tunc

272 2680 446 2714 Christiani
466 2680 624 2713 Damiate
648 2679 815 2713 civitatem
846 2679 990 2723 undique
1022 2678 1226 2718 obsiderunt,
1256 2678 1300 2710 ita
1319 2678 1408 2722 quod
1433 2677 1538 2710 nullus
1557 2677 1587 2709 in
1609 2689 1646 2709 ea

273 2733 405 2766 civitate
428 2742 557 2777 poterat
578 2735 697 2766 intrare
716 2744 776 2766 nec
795 2732 883 2765 exire
902 2732 955 2764 nifi
976 2744 1032 2777 per
1053 2732 1314 2765 Christianorum
1336 2743 1463 2763 manus.
1489 2750 1528 2754 —
1551 2743 1567 2771 7
1593 2731 1642 2762 M.

274 2787 471 2821 occidendo.
