2216 3435
608 220 658 250 21
672 221 701 251 O
1163 220 1433 254 ARCULFUS.

607 364 737 398 montis
772 376 944 399 cacumen
977 377 1047 399 non
1076 366 1110 399 in
1141 366 1325 411 angustum
1354 367 1580 410 cohartatur,
1612 368 1667 402 sed
1700 368 1734 402 in
1765 368 1989 403 latitudinem

605 418 772 452 dilatatur
803 418 990 453 stadiorum
1011 420 1136 464 viginti
1162 420 1278 454 trium.
1297 420 1468 454 Altitudo
1489 421 1563 455 eius
1580 422 1725 467 triginta
1750 422 1862 456 stadiis
1888 423 1993 456 subli-

608 480 734 506 matur.
752 473 793 505 In
815 473 1014 507 summitate
1036 474 1189 507 eiusdem
1218 474 1348 508 montis
1367 482 1434 508 tres
1454 475 1531 508 sunt
1549 475 1702 510 celebres
1723 476 1876 519 ecclefie,
1890 476 1987 510 iuxta

606 524 747 559 illorum
777 527 1082 561 tabernaculorum
1102 539 1299 571 numerum,
1320 528 1362 562 de
1381 528 1511 574 qulbus
1530 529 1652 563 Petrus
1676 529 1786 564 dixit:
1809 531 1990 564 Faciamus

606 579 662 612 hic
692 580 762 613 tria
782 581 1020 622 tabernacula,
1046 581 1108 614 tibi
1127 594 1242 624 unum,
1264 582 1361 626 Moist
1388 595 1504 625 unum,
1534 585 1572 617 δέ
1591 583 1689 617 Helie
1710 596 1822 617 unum.
1842 585 1882 616 In
1902 585 1991 618 eius·

605 632 686 666 dem
720 634 848 667 montis
876 634 1076 668 celsitudine
1102 635 1236 669 sanetus
1268 635 1444 670 Arculfus
1477 648 1546 670 una
1578 636 1772 682 hospitatus
1799 637 1844 671 est
1875 638 1990 680 noae,

605 686 689 731 quia
712 687 836 721 Petrus
854 688 895 721 de
912 688 1123 732 Burgundia
1147 696 1256 731 ortuS,
1275 690 1471 723 sanftorum
1488 689 1648 724 locorum
1671 690 1745 724 eius
1764 690 1900 733 ἀυξὶοῑ,
1916 703 1989 725 non

606 739 715 785 ipsum
744 741 872 775 sinebat
904 741 940 774 in
960 754 1032 775 uno
1058 742 1215 787 hospicio
1233 743 1366 777 diutius
1383 743 1573 786 immorari,
1595 743 1822 777 festinatIOnis
1845 743 1989 778 intuitu.

604 794 696 827 Nam
716 794 809 828 idem
829 796 964 837 Petrus,
983 794 1184 840 relinquens
1203 804 1361 842 parentes
1380 798 1411 830 δε
1430 797 1588 842 patriam,
1607 797 1718 842 longo
1737 797 1806 831 iam
1826 805 1985 843 tempore

604 859 667 892 pro
687 848 847 881 Domino
865 848 948 882 illuc
963 848 1138 882 exulabat.
1156 850 1295 884 Retulit
1310 848 1417 884 etiam
1435 850 1529 884 idem
1550 851 1728 884 Arculfus
1744 851 1843 896 quod
1861 850 1986 885 viderit

604 902 829 944 Damascum,
858 902 1037 936 civitatem
1066 915 1247 948 magnam,
1279 904 1338 938 ubi
1361 917 1420 950 per
1452 904 1591 950 aliquot
1609 904 1801 950 hospitatus
1832 904 1878 938 est
1896 904 1987 938 dies:

605 967 674 1000 que
693 955 728 988 in
748 967 877 1001 campo
892 955 1011 1000 polita,
1032 957 1148 1001 amplo
1170 970 1353 992 murorum
1375 958 1512 992 ambitu
1532 957 1786 992 circumcintsta
1803 959 1835 992 δι
1855 958 1983 992 crebris

603 1009 756 1042 turribus
777 1010 1006 1052 communita,
1022 1010 1160 1056 insuper
1180 1020 1334 1056 quatuor
1352 1011 1555 1045 fluminibus
1573 1011 1857 1046 interfluentibus
1876 1012 1984 1046 deco-

603 1070 707 1095 ratur.
738 1062 796 1096 Est
825 1063 873 1096 ibi
902 1063 1043 1098 ecclefia
1070 1064 1105 1097 in
1134 1065 1267 1099 honore
1295 1066 1399 1099 sanffi
1431 1065 1598 1099 Iohannis
1616 1065 1778 1111 Baptiste.
1797 1066 1837 1100 A
1862 1073 1984 1100 monte

603 1128 758 1161 namque
777 1117 903 1151 Tabor
931 1117 1040 1162 usque
1069 1119 1112 1152 ad
1143 1119 1359 1153 Damascum
1388 1120 1517 1165 septem
1547 1118 1681 1153 dierum
1712 1119 1776 1152 iter
1807 1119 1985 1154 Arculfus

603 1170 736 1203 habuit.
