2216 3435
599 172 666 204 DE
695 171 832 204 LOCIS
857 170 1078 203 SANCTIS.
1452 166 1534 219 105

165 336 318 382 XXIV.
341 341 466 381 Porta
492 340 666 395 antiq11a‚
694 337 804 380 locus
824 337 1002 392 Ieremie‚
1020 334 1148 389 Siloe,
1172 334 1346 394 Imfilica³
1365 335 1540 394 piscina,

763 408 798 451 C
801 409 935 451 edron.

231 528 387 575 Exinde
429 529 627 575 venimus
667 527 724 573 ad
763 539 955 585 arcum,‘¹
996 526 1069 572 ubi
1110 531 1271 586 antiqua
1302 543 1424 587 porta
1466 525 1547 570 fuit

165 601 358 646 civitatis.
394 603 437 645 In
470 601 562 662 ipso
589 600 692 644 loco
725 600 821 644 sunt
852 619 949 659 aque
973 597 1157 661 putride,
1192 598 1235 641 in
1271 614 1375 659 quas
1400 594 1546 641 missus

165 672 224 716 est
263 675 454 717 Ieremias
493 671 720 733 propheta.
771 669 840 716 Ab
877 688 974 715 arcu
1014 670 1089 714 1110
1140 667 1450 733 descendentes
1491 666 1547 712 ad

156 746 317 802 fontem
337 745 493 787 Siloam
520 760 597 805 per
617 742 775 805 gradus
800 742 976 801 multos,
998 741 1186 787 vidimus
1212 742 1410 803 bafilicam
1435 740 1548 784 volu-

166 815 297 870 bilem,
325 812 469 858 subtus
495 813 550 858 de
569 831 655 875 qua
680 815 810 876 surgit
829 814 965 859 Siloe:
987 830 1070 874 que
1090 810 1222 856 habet
1250 811 1355 855 solia
1382 809 1470 855 duo
1498 827 1549 855 ex

169 902 387 930 marmore
424 903 556 929 manu
600 885 791 930 hominis
825 885 960 929 facia:
994 885 1104 928 inter
1135 882 1291 927 solium
1322 884 1368 926 ὃς
1393 882 1550 926 solium

170 956 361 1000 clausura
391 956 710 1002 cancellorum:
729 957 771 1001 in
794 954 910 1000 unol'
929 972 1009 1017 pro
1030 953 1336 999 benedieiione
1354 953 1552 998 lavantur

170 1027 248 1072 viri
277 1028 321 1071 ὃς
358 1028 401 1071 in
430 1027 514 1071 alio
543 1027 751 1072 mulieres.
786 1030 830 1072 In
869 1024 1022 1087 quibus
1053 1025 1175 1087 aquis
1212 1024 1346 1069 multe
1376 1025 1551 1070 virtutes

172 1097 468 1156 ostenduntur,
493 1099 585 1143 imo
612 1101 656 1143 ὅ(
680 1097 835 1160 leprosi
861 1096 1141 1142 mundantur.
1170 1098 1286 1141 Ante
1312 1096 1469 1141 atrium
1495 1095 1553 1140 est

165 1172 326 1231 piscina
350 1172 522 1229 grandis
558 1187 690 1214 manu
723 1169 912 1213 hominis
950 1169 1131 1226 munita,
1170 1169 1214 1212 in
1246 1185 1331 1229 qua
1363 1166 1552 1230 populus

172 1241 338 1286 lavatur
367 1239 548 1299 affidue3
588 1258 692 1285 nam
722 1240 820 1284 solis
851 1240 975 1284 certis
1006 1239 1121 1284 horis
1160 1239 1258 1283 fons
1287 1239 1377 1300 ipse
1406 1238 1554 1300 irrigat

171 1329 305 1373 aquas
331 1311 503 1368 multas,
540 1328 624 1372 que
656 1309 926 1356 descendunt
956 1327 1032 1372 per
1062 1309 1220 1355 vallem
1244 1309 1554 1367 Gethsemane,

173 1400 258 1444 que
282 1384 327 1427 ὃς
345 1382 544 1444 Iosaphat
567 1398 764 1441 vocatur,
785 1382 918 1444 usque
943 1380 998 1426 ad
1026 1380 1255 1426 Iordanem
1279 1382 1323 1425 in
1343 1380 1462 1438 loco,
1482 1378 1555 1425 ubi

175 1453 321 1500 deficit
354 1454 399 1498 in
432 1471 550 1498 mare
577 1453 818 1499 Salinarum
847 1452 993 1499 subtus
1017 1452 1263 1498 Sodomam
1287 1454 1332 1497 ὃς
1357 1454 1554 1498 Gomor-

174 1525 311 1571 tham.

174 1671 312 1729 XXV.
344 1688 444 1730 Fons
464 1686 596 1741 Siloa,
625 1686 783 1748 bafilica
807 1687 848 1730 S.
875 1687 1083 1747 Stephani,
1113 1686 1344 1746 Diospolis,
1370 1685 1554 1729 columna

707 1758 1021 1817 flagellationis.

242 1880 349 1923 Fons
387 1878 502 1924 Siloa
544 1878 682 1924 modo
723 1881 860 1924 intras
892 1880 1112 1925 civitatem
1144 1881 1307 1926 inclusa
1340 1880 1412 1939 est,
1455 1880 1557 1941 quia

177 1949 380 2008 Eudocia,
412 1951 662 2011 imperatrix
696 1950 802 2013 ipsa,
836 1950 1006 1996 addidit
1042 1970 1190 1997 muros
1223 1954 1268 1997 in
1302 1953 1487 2009 civitate,
1513 1953 1557 1996 &

176 2021 267 2082 ipsa
303 2021 487 2065 munivit
529 2023 728 2082 bczfilicam
773 2023 813 2066 ὃ»
839 2025 1069 2084 sepulcrum
1096 2026 1235 2084 sanc‘li
1267 2026 1476 2084 Stephani,
1513 2023 1558 2065 &

178 2092 268 2154 ipsa
298 2093 421 2137 suum
446 2091 576 2138 habet
611 2094 854 2156 sepulcrum
892 2095 1007 2139 iuxta
1037 2095 1280 2157 sepulcrum
1312 2095 1446 2139 san6’ti
1470 2094 1557 2139 Ste-

178 2163 326 2225 phani,
345 2166 390 2208 ὅς
414 2165 525 2209 inter
551 2164 745 2226 sepulcra
774 2166 871 2210 sunt
890 2164 1052 2228 gressus
1077 2165 1192 2211 [exst
1218 2165 1263 2210 Et
1282 2166 1370 2226 ipse
1389 2166 1558 2210 samstus

177 2234 420 2296 Stephanus
450 2236 675 2297 requiescit
700 2236 803 2281 foris
828 2252 1003 2298 portam
1029 2236 1179 2299 sagitte
1200 2237 1327 2294 13610,
1348 2234 1403 2281 ad
1428 2236 1558 2293 viam,

177 2308 222 2350 &
253 2306 325 2351 1113
349 2323 476 2369 porta
509 2324 559 2352 ex
583 2309 764 2353 nomine
800 2306 926 2371 ipfius
958 2324 1152 2353 vocatur.
1188 2307 1232 2353 Et
1267 2308 1324 2352 est
1348 2306 1404 2352 ad
1428 2307 1559 2365 viam,

180 2395 264 2440 que
288 2379 460 2440 respicit
482 2377 541 2423 ad
563 2377 856 2438 occidentem,
883 2396 967 2440 006
995 2378 1216 2424 descendit
1243 2378 1298 2424 ad
1324 2381 1491 2441 Ioppen
1515 2380 1560 2422 ὃς

180 2449 412 2494 Cesaream
429 2449 627 2494 Palestine
646 2450 710 2495 vel
727 2453 962 2512 ‘Diospolim
978 2451 1210 2508 civitatem,
1228 2468 1310 2511 006
1325 2451 1560 2511 antiquitus

178 2519 400 2565 dicebatur
437 2523 626 2566 Azotus:
672 2523 714 2566 in
760 2540 846 2585 003
888 2523 1113 2584 requiescit
1147 2523 1315 2567 sanstus
1352 2524 1559 2582 Georgius

179 2609 339 2651 martyr.

231 2707 259 2727 a.
284 2697 315 2728 P.
331 2695 477 2737 archam,
491 2698 526 2728 C.
543 2708 725 2730 are11111.—
742 2698 772 2730 b.
795 2699 829 2730 B.
963 2709 990 2730 c.
1014 2699 1065 2738 (7,,
1084 2696 1126 2729 al⁴
1152 2697 1244 2729 infra.
1273 2716 1313 2720 --
1342 2695 1373 2728 d.
1393 2695 1452 2729 EA.
1467 2694 1562 2739 prin-

185 2747 300 2781 imum.
916 2756 984 2794 ceps
1005 2763 1036 2795 p.
1057 2764 1110 2791 20,
1128 2750 1172 2783 al.
1193 2763 1241 2794 gr.
1267 2763 1321 2790 20,
1342 2749 1401 2781 imo
1421 2752 1473 2781 26.

1301 2825 1340 2853 ¹4
