2216 3435
111 2549 129 2578 fi
149 2559 186 2588 30
203 2550 229 2579 h

519 263 583 295 DE
610 262 843 296 IOHANNE
870 263 1003 295 REGE
1028 262 1333 295 IERUSALEM.
1543 264 1621 312 123

256 427 443 468 crucem,
483 425 528 454 ut
563 408 647 467 ille,
687 409 760 470 qui
795 409 840 454 in
875 425 924 453 ea
961 406 1185 470 pependit,
1222 407 1466 454 ostenderet
1502 408 1629 455 nobis

254 483 387 537 viam,
429 498 507 543 per
531 496 663 541 quam
688 480 1013 541 imponeremus
1048 496 1194 536 naves,
1235 480 1280 523 ὃς
1305 480 1347 523 in
1372 479 1451 524 illis
1477 479 1628 525 diebus

251 552 472 613 inspiravit
507 552 624 596 Deus
650 549 870 611 quendam
908 549 1147 606 hominem,
1182 550 1227 594 ὅ(
1259 550 1428 594 acceffit
1466 550 1522 595 ad
1549 550 1629 596 do-

253 623 423 667 minum
459 622 654 685 legatum
688 623 732 666 &
770 620 876 666 dixit
912 622 973 666 ei:
1011 625 1185 666 Domine
1220 624 1289 675 mi,
1329 623 1493 682 desuper
1529 627 1630 667 milti

253 696 490 754 inspiratum
515 697 579 752 est,
605 710 646 737 ut
658 696 802 752 facere
828 694 1003 747 debeam,
1045 709 1086 736 ut
1111 697 1361 753 imponantur
1394 710 1514 737 naves
1539 695 1630 738 ille-

247 767 301 822 se.
328 763 372 809 Et
397 762 662 826 respondens
688 762 893 807 dominus
919 762 1111 825 legatus:
1141 765 1353 823 Qll‘dquid
1375 766 1452 807 tibi
1477 766 1630 809 revela-

250 852 330 880 tum
357 839 421 894 est,
446 838 524 894 fac
558 838 638 879 cito
670 834 812 895 &fine
843 852 953 878 mora
967 837 982 878 ,Ι
1020 834 1111 895 Qi
1142 834 1281 878 statim
1313 850 1468 878 terram
1511 853 1630 880 men-

250 906 406 951 suravit
441 907 485 950 ἃ
518 921 593 966 per
633 903 830 949 medium
868 904 1073 949 exercitus
1111 905 1250 949 statuit
1288 904 1378 949 fieri
1418 922 1630 967 magnum

251 974 463 1021 foflatum.
507 974 576 1020 Ad
608 974 730 1037 quod
766 974 1016 1020 faciendum
1040 975 1209 1038 legatus
1233 977 1278 1020 ὃς
1309 992 1381 1020 rex
1405 992 1506 1021 cum
1532 993 1628 1021 om-

251 1045 374 1092 nibus
395 1045 675 1109 principibus,
700 1045 862 1090 clericis
894 1047 938 1091 &
962 1046 1080 1091 laicis
1108 1047 1152 1091 in
1178 1047 1406 1092 occursum
1433 1064 1628 1092 cucurre-

249 1135 362 1174 runt,
389 1120 434 1163 ὃς
456 1119 545 1163 cito
573 1117 738 1161 fadum
762 1117 832 1161 est.

313 1188 398 1233 ΧΗ.
424 1188 544 1233 Cum
567 1204 713 1233 autem
739 1187 1045 1250 cogitaremus,
1071 1188 1252 1249 qualiter
1276 1206 1353 1251 per
1377 1189 1518 1250 ipsum
1545 1189 1628 1233 fol'-

250 1259 387 1303 satum
425 1260 523 1305 val'a
559 1260 702 1305 nostra
741 1260 1084 1321 imponeremus,
1130 1260 1173 1304 in
1210 1259 1316 1304 festo
1374 1260 1489 1305 Beati
1537 1262 1628 1305 An-

249 1328 351 1374 dree
394 1346 488 1375 orta
529 1331 587 1375 est
631 1346 749 1375 tanta
789 1330 1016 1392 tempestas
1054 1331 1097 1374 in
1142 1333 1253 1388 aere,
1297 1329 1419 1392 quod
1460 1348 1550 1375 tam
1585 1332 1628 1376 in

249 1401 608 1462 experlecucione
626 1417 857 1447 ventorum
878 1418 1011 1462 quam
1030 1400 1463 1463 superhabundancia
1484 1402 1629 1464 pluvie

249 1487 339 1516 tam
381 1488 499 1516 mare
523 1473 738 1529 intumuit,
793 1473 838 1516 ὃς
867 1469 1020 1516 fluvius
1050 1469 1230 1533 paradifi
1267 1470 1453 1517 fimihter
1483 1474 1628 1530 crevit,

249 1541 372 1604 quod
390 1559 481 1588 non
501 1540 821 1588 discernebatur
842 1541 886 1604 [a
903 1541 1045 1604 mari],
1064 1544 1108 1587 ὅς
1127 1560 1242 1604 aqua
1264 1559 1355 1588 tota
1374 1542 1631 1588 amariffima

249 1614 306 1659 est
332 1614 462 1672 facia,
485 1614 531 1658 ὃς
555 1615 708 1658 omnia
731 1614 918 1659 tentoria
943 1613 1078 1659 fracia
1095 1614 1139 1659 in
1166 1630 1273 1659 terra
1298 1613 1560 1672 ceciderunt,
1585 1616 1630 1659 ὃς

249 1701 364 1731 totus
400 1685 607 1730 exercitus
646 1685 781 1730 faetus
827 1685 885 1730 est
921 1701 1011 1730 tam
1044 1685 1176 1743 lacus,
1218 1685 1341 1747 quod
1384 1687 1533 1731 omnia
1572 1685 1631 1731 ibi

248 1754 470 1813 natabant,
509 1757 554 1801 ἃ
577 1753 631 1800 fic
658 1757 794 1817 panis,
833 1757 998 1812 vinum,
1037 1756 1318 1814 frumentum,
1357 1756 1556 1816 ordeum,
1586 1759 1630 1802 ὃς

249 1831 405 1874 ευῃὲἲᾶ
423 1827 623 1873 νὶέῖυειῌᾶ
644 1827 852 1872 natabant
875 1828 918 1872 in
939 1844 1066 1889 aqua.
1100 1825 1158 1872 lbi
1178 1828 1301 1872 multi
1324 1827 1485 1873 infirmi
1512 1846 1629 1873 mor-

250 1902 309 1945 tui
336 1900 445 1956 sunt,
471 1901 515 1944 &
542 1899 680 1943 eciam
708 1898 848 1960 plures
875 1899 962 1944 lani
994 1897 1258 1945 defecerunt.
1305 1902 1393 1944 Aer
1420 1898 1630 1962 siquidem

249 1969 454 2016 obscurus
473 1970 647 2016 effecius
668 1971 739 2029 est,
764 1974 821 2016 ita
843 1969 963 2032 quod
987 1987 1096 2015 unus
1121 1971 1304 2016 alterum
1325 1988 1416 2016 non
1441 1970 1628 2017 videbat.

252 2044 294 2086 [n
320 2041 394 2086 illo
419 2041 488 2087 die
513 2043 581 2087 sex
603 2059 747 2098 nave5‚
775 2059 859 2103 que
883 2040 1002 2104 apud
1024 2043 1277 2087 Damiatam
1302 2059 1508 2088 venerant
1527 2043 1627 2102 hye—

250 2130 368 2158 mare
394 2112 636 2171 nobiscum,
671 2113 841 2175 inpulsu
868 2129 1100 2158 ventorum
1126 2112 1209 2158 {ine
1242 2113 1344 2158 velis
1369 2116 1414 2158 &
1440 2115 1628 2176 remigiis

250 2184 501 2245 sequestrate
521 2185 616 2229 sunt
641 2202 665 2229 a
691 2200 820 2246 portu
844 2186 888 2229 ὅ(
918 2185 962 2228 in
987 2183 1135 2230 medio
1164 2184 1307 2247 pelagi
1333 2185 1440 2244 sunt,
1469 2202 1513 2230 ut
1538 2203 1628 2231 cre-

250 2253 407 2314 dimus,
443 2254 739 2318 conquaffate.
782 2257 879 2303 Una
913 2274 965 2302 ex
988 2256 1066 2301 illis
1093 2257 1224 2302 fraCia
1253 2257 1331 2302 fuit
1356 2274 1456 2303 ante
1482 2258 1628 2302 Tami-

249 2324 369 2384 fium,
403 2328 448 2372 ὃ(
481 2328 636 2390 viginti
659 2328 874 2384 marinarij
900 2325 958 2372 ibi
994 2326 1227 2389 decapitati
1255 2329 1438 2374 fuerunt.
1479 2332 1518 2373 [n
1558 2328 1628 2373 illa

250 2396 319 2443 die
360 2399 620 2459 tempestatis
660 2397 851 2459 quedam
894 2398 1166 2444 munitiffime
1208 2417 1354 2455 naves,
1396 2417 1481 2461 que
1527 2417 1627 2446 cum

250 2485 414 2531 magno
441 2470 486 2513 ὅ(
510 2470 702 2514 maximo
738 2467 885 2514 labore
909 2471 954 2514 ὃς
978 2469 1154 2514 infinitis
1191 2469 1381 2533 expensis
1419 2488 1497 2533 pro
1524 2473 1626 2517 civi-

249 2555 334 2585 tate
369 2539 608 2585 construtste
650 2540 832 2597 fuerunt,
857 2538 1115 2601 impulfione
1142 2543 1257 2586 venti
1290 2543 1334 2586 in
1372 2559 1492 2604 parte
1517 2544 1622 2588 civi-

250 2611 344 2656 tatis
367 2611 559 2672 proieeie
579 2612 687 2668 sunt,
726 2628 831 2672 quas
863 2612 1002 2656 statim
1037 2628 1135 2657 ante
1166 2613 1317 2658 oculos
1343 2614 1509 2658 nostros
1535 2631 1623 2659 cre-

250 2697 488 2727 maverunt.
530 2681 658 2729 Unde
695 2681 849 2728 acerbe
887 2681 1200 2745 plangebamus
1240 2701 1392 2730 omnes
1435 2683 1625 2730 dicentes

250 2752 354 2797 alter
391 2752 446 2797 ad
481 2752 685 2799 alterum:
741 2756 854 2814 Qid
877 2758 1082 2813 faciemus
1119 2759 1216 2798 lzic?
1259 2759 1387 2800 Iratus
1427 2761 1476 2815 est
1512 2760 1625 2802 ‘Deus

1653 423 1728 451 1218

1650 1346 1792 1384 Nov.3o
