2216 3435
417 168 487 213 VI.
524 179 854 224 THEoDosms,
881 181 947 213 DE
971 181 1084 215 SITU
1109 182 1304 216 TERRAE
1328 185 1560 220 SANCTAE.
1632 180 1700 234 xxj

326 333 485 374 vantur,
516 323 744 380 Theodostus.
773 325 887 365 Illum
914 326 1107 366 diaconum
1139 337 1206 367 aut
1234 328 1563 371 archidiaconum1
1579 333 1707 388 suff

312 389 468 446 scimus,
489 389 650 443 amplius
671 399 792 429 autem
813 391 855 430 de
875 392 949 431 eius
966 392 1139 449 persona,
1169 394 1253 433 vita
1279 395 1323 433 ὅ
1339 396 1474 449 patria
1504 398 1706 451 quidquam

323 453 491 506 colligere
511 454 754 506 nequivimus.

376 516 422 555 In
448 518 628 576 praesenti
651 519 900 573 compilatione
928 521 1026 560 nobis
1053 522 1310 575 distinguenda
1335 525 1494 579 estpars
1520 528 1706 580 antiquior

321 582 368 621 ab
385 582 522 633 altera,
544 599 627 636 quae
642 585 821 639 posterius
841 585 942 639 operi
954 587 1113 638 genuino
1129 588 1260 627 addita
1268 589 1394 643 fuisse
1416 591 1580 631 videtur.
1600 592 1706 646 Quae

317 646 437 699 prior,
453 662 564 699 quum
576 648 632 703 stt
651 665 762 702 quam
781 650 818 689 in
840 651 1076 706 Sangallenst
1094 668 1137 692 ac
1163 652 1363 709 Parisienfi
1381 656 1559 696 codicibus
1571 658 1705 712 paffim

319 719 534 751 truncatam
571 714 787 768 reperimus,
819 716 926 756 unius
958 719 1118 757 (canoris
1147 728 1233 772 opus
1259 719 1442 773 principio
1455 721 1557 777 sane
1577 722 1705 776 fuiffe

314 777 443 830 potuit.
466 777 679 832 Praecipuae
703 781 826 833 partis
844 790 990 820 aetatem
1021 783 1075 821 ad
1093 783 1272 836 priorem,
1302 794 1344 823 ut
1368 785 1445 824 iam
1477 787 1614 826 dietum
1645 789 1704 843 est,

305 839 410 897 sexti
421 841 561 899 saeculi
576 853 724 897 partem
745 846 882 899 rifero.
914 847 984 886 Ad
1008 846 1103 886 hanc
1130 848 1326 901 opinionem
1356 866 1398 888 ex
1426 865 1461 889 eo
1489 852 1703 909 praesertim

317 905 446 945 duetus
466 907 572 964 sum,
601 910 702 960 quod
724 909 760 948 in
789 926 831 949 ea
861 911 902 950 de
933 911 1153 968 quibusdam
1174 913 1284 953 rebus
1311 914 1440 953 mentio
1468 915 1703 968 inveniatur,

317 985 400 1022 quae
413 981 484 1025 per
513 972 743 1028 invasionem
777 974 984 1032 Persarum
1013 978 1057 1016 {3³
1079 978 1258 1017 Arabum
1279 979 1556 1019 dominationem
1579 983 1703 1036 postea

315 1045 470 1075 mutatae
489 1038 610 1095 sunt‚·
638 1039 718 1078 dein
746 1041 843 1092 quod
873 1041 1012 1079 mirum
1040 1041 1077 1079 in
1112 1042 1256 1081 modum
1287 1058 1368 1082 cum
1402 1044 1703 1101 descriptionibus

316 1101 519 1141 Antonini
542 1105 727 1156 martyris
748 1105 830 1157 (qui
847 1106 938 1159 sane
959 1106 1136 1145 recentior
1157 1108 1222 1161 cst)
1244 1118 1435 1161 congruat.
1465 1110 1558 1149 Cum
1581 1121 1701 1152 autem

309 1165 454 1218 pluries
484 1165 697 1222 Theodofius
716 1157 964 1224 Anastasium
984 1171 1260 1224 imperatorem,
1286 1173 1350 1225 qui
1375 1175 1481 1214 annis
1508 1188 1701 1231 491-527,

313 1229 514 1271 Antoninus
533 1247 624 1271 vero
646 1232 906 1288 Iustinianum,
928 1237 990 1287 qui
1016 1237 1123 1277 annis
1151 1250 1327 1291 527-557
1363 1241 1553 1292 regnavit,
1586 1244 1701 1282 nomi-

312 1305 408 1345 nent,
427 1297 564 1350 neceffe
585 1299 634 1352 cst
652 1314 765 1338 unum
785 1302 829 1340 ὅ
851 1301 1010 1340 alterum
1018 1303 1118 1359 satis
1128 1302 1279 1357 fidelem
1308 1304 1500 1361 utriusque
1518 1306 1701 1362 principis

314 1362 529 1401 memoriam
550 1362 731 1417 hahuiffir.

366 1424 404 1463 Si
436 1435 557 1466 autem
595 1444 654 1469 eas
678 1439 821 1483 partes,
851 1446 934 1483 quae
960 1433 1140 1486 posterius
1174 1433 1325 1485 additae,
1353 1435 1398 1474 ὅ
1425 1435 1530 1477 intra
1554 1449 1700 1492 paren-

309 1489 420 1546 theses
443 1492 521 1544 (....)
546 1509 570 1532 a
589 1494 688 1533 nobis
712 1494 749 1532 in
772 1493 841 1533 hac
873 1496 1020 1535 editione
1038 1496 1161 1551 pofitae
1169 1498 1278 1555 sunt,
1301 1500 1592 1555 examinaveris,
1615 1507 1699 1546 ani-

309 1556 522 1598 madvertes
541 1558 579 1596 in
601 1557 653 1598 his
671 1559 768 1614 *st
786 1560 940 1612 regionis
960 1561 1062 1601 circa
1081 1562 1267 1603 Bethleem
1282 1566 1326 1605 δέ
1350 1565 1509 1606 Hebron
1530 1570 1696 1625 descrip-

309 1621 435 1660 tionem
457 1624 648 1675 exceperis,
670 1649 718 1653 —-
741 1625 909 1680 historias
930 1627 1115 1684 quasdam
1131 1629 1229 1683 pias,
1239 1631 1463 1687 sanetorum
1491 1636 1696 1689 epitaphia,

308 1695 416 1739 atque
435 1687 506 1726 iter
515 1688 687 1743 filiorum
716 1690 846 1747 lsrael
857 1701 929 1744 per
955 1693 1101 1750 dejerta
1118 1694 1349 1752 solummodo
1380 1699 1567 1751 contineri,
1596 1703 1698 1741 cuius

308 1751 449 1803 quidem
469 1753 609 1794 itineris
630 1757 943 1811 auetoremfuiffe
969 1756 1004 1797 T
1003 1757 1202 1813 heodofium
1224 1762 1394 1801 nonnulli
1408 1764 1513 1822 falso
1529 1776 1697 1819 putave-

307 1826 409 1856 runt.
432 1818 576 1857 Procul
587 1820 695 1858 dubio
712 1821 818 1871 enim,
840 1831 882 1860 ut
900 1823 1065 1876 exempla
1081 1826 1261 1879 affi’ram,
1282 1827 1320 1866 in
1336 1828 1522 1869 XXVII
1539 1831 1697 1885 capitulo

301 1891 399 1934 pars
419 1882 549 1935 aliqua
576 1884 706 1923 addita
728 1886 786 1936 est,
814 1901 925 1937 quum
946 1887 983 1925 in
1003 1903 1040 1926 eo
1059 1889 1102 1928 de
1125 1890 1257 1943 Pipino
1285 1891 1310 1931 I
1325 1893 1564 1934 Francorum
1580 1896 1694 1950 prin-

305 1947 392 1999 cipe,
413 1948 475 1999 qui
501 1963 596 1987 anno
626 1960 701 2002 752
732 1967 894 2003 regnare
926 1952 1069 2006 incepit,
1102 1965 1254 2008 agatur.
1286 1957 1346 1997 Ex
1376 1975 1411 1998 eo
1442 1970 1577 2012 autem,
1599 1963 1697 2014 quod

304 2011 431 2051 deinde
450 2013 487 2051 in
509 2024 590 2067 cap.
610 2015 775 2054 XXIX
789 2017 924 2056 (licium
941 2017 998 2071 fit,
1017 2017 1205 2059 Paeneam
1227 2037 1336 2062 nunc
1359 2023 1545 2064 Belinarn
1567 2042 1692 2066 nomen

304 2076 452 2128 habere,
481 2080 524 2118 {3⁵
550 2081 647 2131 quod
673 2080 770 2120 alias
801 2080 1043 2124 Theodoricus
1074 2086 1293 2127 declaret-2
1360 2089 1459 2129 Haec
1491 2090 1694 2144 (Caesarea

304 2140 495 2196 Philippi)
515 2160 538 2183 a
558 2145 738 2185 modernis
760 2145 922 2187 Belinas
944 2149 1175 2201 appellatur,
1192 2168 1206 2187 »
1222 2153 1479 2209 evidentifflme
1496 2165 1602 2210 patet
1617 2156 1694 2197 haec

302 2209 424 2247 verba
438 2209 516 2263 pest
521 2209 666 2266 sacras
686 2212 924 2264 expeditiones
945 2214 1076 2254 addita
1083 2215 1225 2270 fuiſje.

354 2272 473 2312 A‘Vunc
505 2289 595 2313 vero
613 2274 654 2329 st
679 2273 957 2331 descriptionem
989 2279 1079 2320 Viae
1111 2296 1333 2334 puerorum
1365 2282 1485 2325 Israel
1523 2288 1692 2329 attentius

351 2439 363 2459 1
394 2427 685 2462 Archidiaconum
711 2442 786 2463 eum
819 2440 943 2465 vocant
1036 2434 1057 2466 s.
1093 2435 1306 2470 Theodosius
1338 2439 1612 2481 archimandrita,
1650 2442 1691 2475 de

299 2480 447 2525 optimus
468 2481 575 2514 codex
593 2482 714 2527 operis,
735 2485 789 2517 cui
810 2485 942 2519 titulus:
1036 2500 1104 2532 quo
1121 2489 1195 2523 vide
1210 2492 1433 2534 AA..5S.‚ian.
1451 2495 1690 2538 mens.,1,686‚

301 2535 351 2567 De
371 2533 436 2576 filu
474 2533 584 2569 ‘Terra
620 2538 944 2580 Sanc‘taesecundum
1036 2542 1066 2573 Sc
1089 2542 1172 2575 infra
1199 2544 1340 2578 Indiccm
1368 2548 1513 2580 nostrum
1540 2545 1704 2592 peregriss

301 2585 361 2620 Th.
395 2587 467 2631 (Cf.
501 2600 531 2632 p.
562 2591 629 2633 81),
658 2602 787 2624 necnon
815 2594 945 2626 Gerva-
1036 2607 1150 2628 norum
1170 2597 1211 2630 ad
1231 2610 1307 2631 ann.
1335 2612 1498 2643 50¹·529·

298 2639 357 2672 ssus
377 2641 590 2675 Tilberienfis
612 2644 666 2685 (cf.
687 2644 769 2677 infra
788 2657 818 2689 p.
840 2647 942 2690 xxiij).
1085 2662 1103 2682 2
1126 2649 1179 2683 Cf.
1207 2651 1362 2686 Libellum
1388 2656 1429 2687 de
1450 2654 1688 2699 Locissanelis,

298 2693 482 2738 Theodofij
520 2695 618 2729 nostri
655 2708 788 2731 coaevus
823 2699 944 2734 exstitit
1038 2713 1072 2747 p.
1099 2714 1176 2737 100.
