2216 3435
568 217 657 278 230
1002 224 1139 257 BEDA
1176 222 1506 256 VENERAles

559 375 684 413 homo
718 387 839 412 manu
861 372 1099 424 contingere
1122 367 1263 423 potest,
1296 369 1346 408 ab
1368 369 1526 408 oriente
1548 368 1700 408 habens
1728 367 1942 407 introitum

557 434 621 473 cui
645 433 744 486 lapis
767 431 832 472 ille
855 445 1024 484 magnus
1045 428 1248 482 adpofitus
1269 428 1337 479 est,
1358 428 1425 481 qui
1459 426 1698 468 intrinsecus
1720 427 1942 467 ferramen-

558 504 694 532 torum
729 491 890 544 vestigia
925 489 1045 543 usque
1080 490 1117 528 in
1142 487 1312 541 praesens
1345 487 1536 527 ostendit:
1570 501 1663 526 nam
1697 485 1942 526 extrinsecus

559 552 679 606 usque
711 551 758 590 ad
792 550 982 590 culminis
1017 549 1287 588 summitatem
1310 558 1442 587 totum
1465 561 1669 586 marmore
1691 546 1845 586 tedium
1868 544 1944 595 est;

558 611 758 650 summum
780 625 876 650 vero
898 609 1061 649 culmen
1084 622 1183 647 auro
1205 618 1396 647 ornatum
1424 620 1588 646 auream
1620 606 1745 659 gestat
1777 619 1942 645 crucem

559 684 758 723 magnam.
792 668 839 708 In
872 669 989 708 huius
1022 682 1120 721 ergo
1156 666 1411 706 monumenti
1434 664 1655 719 aquilonali
1681 675 1792 718 parte
1815 663 1945 718 sepul-

560 744 675 769 crum
694 729 880 778 Domini,
904 729 941 767 in
959 727 1100 767 eadem
1116 737 1229 779 petra
1242 725 1419 765 excisum
1445 724 1710 778 longitudinis
1726 724 1777 778 vij
1796 724 1944 777 pedum

562 789 683 828 trium
706 788 889 828 mensura
906 786 1132 840 palmarum
1150 786 1385 838 pavimento
1406 784 1525 824 altius
1546 784 1712 834 eminet,
1733 783 1946 822 introitum

561 848 711 888 habens
745 862 766 886 a
800 846 922 886 latere
957 845 1183 884 meridiano
1219 845 1285 884 ubi
1320 839 1397 883 die'
1418 843 1624 896 noffiuque
1656 843 1708 897 xij
1741 842 1948 895 lampades

560 907 715 957 ardent,
748 908 785 946 iv
820 906 921 945 infra
955 903 1209 957 sepulcrum,
1242 904 1308 956 viij
1346 903 1472 956 supra.
1505 901 1551 942 In
1587 902 1767 956 margine
1802 901 1946 941 dextro

561 967 674 1019 lapis,
695 967 761 1019 qui
785 965 832 1005 ad
857 964 1031 1004 hostium
1053 963 1309 1002 monumenti
1333 962 1482 1015 politus
1502 972 1600 1012 erat,
1620 975 1730 1000 nunc
1750 958 1854 1000 fissus
1881 960 1950 1011 est,

558 1027 673 1066 cuius
692 1040 782 1079 pars
812 1025 945 1064 minor
967 1023 1209 1078 quadratum
1226 1023 1351 1062 altare
1380 1033 1472 1061 ante
1489 1021 1665 1060 hostium
1681 1019 1949 1061 nihilominus

559 1085 736 1125 eiusdem
781 1083 1036 1123 monumenti
1070 1081 1155 1133 stat,
1189 1083 1318 1121 maior
1351 1096 1448 1121 vero
1480 1081 1518 1120 in
1556 1079 1743 1120 orientali
1771 1078 1947 1119 eiusdem

560 1145 735 1185 ecclefiae
757 1144 862 1184 loco.
899 1142 1244 1199 Quadrangulum
1264 1141 1372 1181 aliud
1401 1140 1526 1180 altare
1555 1139 1624 1179 sub
1646 1138 1949 1179 linteaminibus

561 1215 680 1244 extat.
704 1203 836 1245 Color
856 1214 991 1242 autem
1013 1201 1190 1241 eiusdem
1208 1200 1464 1241 monumenti
1486 1199 1524 1240 ὅτ
1546 1199 1716 1253 sepulcri
1744 1197 1951 1238 alborubi-

564 1263 700 1304 cundo
719 1262 944 1316 permixtus
961 1260 1132 1301 videtur.

618 1322 684 1362 De
711 1321 802 1361 loco
826 1335 991 1376 quoque
1016 1319 1252 1359 ascensionis
1283 1317 1456 1358 Domini
1493 1319 1681 1372 praefatus
1703 1319 1847 1359 au&or
1868 1319 1947 1359 hoc

562 1382 686 1422 modo
710 1382 840 1421 refert.
866 1380 993 1420 Mons
1017 1378 1239 1421 Olivarum
1272 1377 1485 1417 altitudine
1510 1378 1639 1417 monti
1669 1377 1764 1418 Sion
1788 1393 1858 1432 par
1879 1378 1949 1430 est,

559 1440 621 1479 sed
651 1440 862 1480 latitudine
877 1438 1185 1491 &longitudine
1209 1437 1377 1490 praestat.
1394 1435 1590 1490 Exceptis
1608 1436 1757 1476 vitibus
1773 1436 1811 1477 &
1831 1436 1949 1479 olivis

559 1514 645 1539 rare
668 1500 777 1539 ferax
798 1500 967 1549 arboris,
988 1498 1178 1537 frumenti
1203 1511 1368 1550 quoque
1391 1496 1428 1536 &
1450 1496 1592 1536 hordei
1617 1496 1770 1536 fertilis.
1793 1496 1945 1551 Neque

559 1560 614 1599 est
634 1558 816 1610 brucosa,
850 1558 903 1598 set
936 1557 1080 1597 florida
1101 1556 1139 1597 &
1171 1556 1340 1596 herbosa
1372 1555 1440 1595 soli
1476 1555 1584 1596 illius
1606 1554 1662 1595 est
1682 1555 1868 1609 qualitas.
1901 1555 1948 1596 In

558 1620 672 1659 cuius
695 1618 850 1658 summo
873 1618 1023 1657 vertice
1046 1617 1112 1656 ubi
1137 1615 1346 1655 Dominus
1368 1615 1415 1655 ad
1438 1615 1560 1655 caelos
1582 1614 1761 1655 ascendit
1781 1616 1948 1656 ecclefia

561 1678 734 1718 rotunda
748 1677 924 1731 grandis,
941 1688 1073 1716 ternas
1099 1690 1170 1729 per
1191 1676 1409 1714 circuitum
1432 1685 1654 1715 cameratas
1678 1675 1799 1715 habet
1821 1677 1949 1729 porti-

560 1752 631 1778 cus
648 1737 815 1790 desuper
837 1737 974 1776 tess'ffls.
996 1734 1172 1775 Interior
1194 1748 1370 1788 namque
1393 1734 1539 1774 domus
1562 1744 1729 1787 propter
1751 1734 1947 1775 dominici

562 1798 747 1851 corporis
765 1808 943 1836 meatum
960 1795 1156 1835 camerari
1174 1794 1212 1834 &
1228 1794 1306 1847 tegi
1325 1808 1408 1833 non
1428 1794 1572 1847 potuit.
1587 1793 1729 1833 Altare
1746 1793 1794 1833 ad
1815 1794 1951 1835 orien-

564 1869 646 1897 tem
662 1856 812 1896 habens
829 1854 995 1909 angusto
1012 1854 1191 1894 culmine
1208 1853 1454 1907 prote&um‚
1471 1854 1510 1893 in
1528 1853 1642 1893 cuius
1658 1853 1793 1893 medio
1810 1853 1952 1894 ultima

566 1916 740 1956 Domini
768 1915 930 1968 vestigia
956 1914 1057 1955 caelo
1080 1914 1249 1967 desuper
1277 1924 1439 1966 patente
1460 1913 1527 1952 ubi
1550 1912 1740 1963 ascendit,
1760 1913 1953 1966 visuntur,

564 1992 654 2030 quae
680 1990 775 2015 cum
796 1974 976 2015 cottidiae
996 1989 1018 2014 a
1043 1974 1304 2014 credentibus
1333 1984 1438 2014 terra
1473 1973 1651 2024 tollatur,
1684 1973 1951 2013 nihilominus

564 2047 699 2075 manet
733 2034 987 2088 eandemque
1022 2033 1154 2073 adhuc
1189 2032 1364 2086 speciem
1398 2032 1523 2073 veluti
1569 2033 1764 2087 impreffis
1803 2033 1951 2087 fignata

563 2095 737 2148 vestigiis
761 2093 899 2134 servat.
922 2093 1023 2133 Haec
1045 2094 1154 2132 circa
1173 2107 1277 2132 aerea
1298 2103 1387 2132 rota
1408 2093 1511 2132 iacet
1532 2092 1654 2146 usque
1676 2092 1724 2132 ad
1747 2094 1950 2132 cervicem

565 2154 644 2194 alta
664 2154 712 2194 ab
730 2152 872 2193 occasu
895 2153 1046 2193 habens
1063 2152 1290 2203 introitum,
1312 2152 1514 2205 pendente
1535 2151 1703 2205 desuper
1725 2152 1764 2191 in
1788 2151 1952 2192 trocleis

564 2228 709 2267 magna
730 2212 915 2266 lampade
938 2223 1103 2266 totaque
1126 2212 1189 2251 die
1210 2226 1255 2251 ac
1277 2211 1410 2251 nogie.
1433 2210 1479 2251 In
1502 2211 1746 2251 occidentali
1770 2210 1948 2251 eiusdem

565 2272 741 2314 ecclesiae
775 2283 900 2325 parte,
922 2272 1102 2311 fenestrae
1122 2271 1188 2325 viij
1214 2271 1468 2324 totidemque
1502 2285 1523 2310 e
1555 2271 1720 2324 regione
1742 2270 1949 2324 lampades

567 2333 607 2371 in
624 2332 785 2372 funibus
804 2332 1025 2385 pendentes
1043 2331 1165 2385 usque
1183 2329 1500 2370 Hierosolimam
1522 2344 1592 2383 per
1613 2330 1762 2369 vitrum
1783 2330 1952 2384 fulgent,

568 2406 741 2445 quarum
759 2391 826 2431 lux
843 2391 968 2431 corda
983 2391 1231 2431 intuentium
1252 2404 1346 2429 cum
1363 2389 1539 2443 quadam
1555 2389 1760 2429 alacritate
1784 2389 1822 2430 δι
1838 2404 1953 2429 com-

570 2452 792 2505 pun&ione
827 2452 1061 2504 pavefacere
1094 2450 1254 2490 dicitur.
1287 2448 1332 2490 In
1368 2450 1431 2489 die
1465 2449 1701 2490 ascensionis
1734 2450 1952 2489 dominicae

571 2526 642 2564 per
663 2525 790 2551 annos
812 2510 998 2564 fingulos,
1020 2508 1131 2550 missa
1146 2509 1321 2563 perad'ta,
1342 2509 1463 2549 validi
1485 2509 1659 2550 flaminis
1681 2509 1861 2563 procella
1882 2509 1952 2549 de-

570 2570 720 2610 sursum
753 2571 891 2609 venire
924 2569 1133 2609 consuevit
1167 2569 1205 2609 δι
1226 2583 1367 2610 omnes
1396 2570 1464 2623 qui
1487 2570 1527 2609 in
1554 2569 1720 2609 ecclesia
1750 2569 1955 2609 adfuerint

572 2641 678 2670 terre
701 2630 967 2683 prosternere.

625 2689 692 2729 De
714 2687 786 2728 fitu
805 2689 972 2730 Cebron
989 2688 1028 2728 δι
1049 2689 1326 2728 monumentis
1343 2699 1504 2741 patrum
1520 2689 1573 2728 ita
1590 2688 1736 2728 scribit.
1756 2687 1952 2729 Chebron

570 2748 778 2804 quondam
813 2749 953 2788 civitas
988 2748 1026 2789 ὅτ,
1061 2748 1316 2802 metropolis,
1350 2748 1492 2788 civitas
1521 2749 1632 2802 regni
1658 2747 1810 2797 David,
1844 2761 1952 2787 nunc
