<?xml version="1.0" encoding="UTF-8"?>
<!DOCTYPE html PUBLIC "-//W3C//DTD XHTML 1.0 Transitional//EN"
    "http://www.w3.org/TR/xhtml1/DTD/xhtml1-transitional.dtd">
<html xmlns="http://www.w3.org/1999/xhtml" xml:lang="en" lang="en">
 <head>
  <title>
</title>
<meta http-equiv="Content-Type" content="text/html;charset=utf-8" />
  <meta name='ocr-system' content='tesseract 3.04.00' />
  <meta name='ocr-capabilities' content='ocr_page ocr_carea ocr_par ocr_line ocrx_word'/>
</head>
<body>
  <div class='ocr_page' id='page_1' title='image "./p1itinerahierosoly1tobl_0187.png"; bbox 0 0 2216 3435; ppageno 0'>
   <div class='ocr_carea' id='block_1_1' title="bbox 421 205 1551 257">
    <p class='ocr_par' dir='ltr' id='par_1_1' title="bbox 421 205 1551 257">
     <span class='ocr_line' id='line_1_1' title="bbox 421 205 1551 257; baseline 0.003 -20"><span class='ocrx_word' id='word_1_1' title='bbox 421 205 486 237; x_wconf 90' lang='lat' dir='ltr'><strong>DE</strong></span> <span class='ocrx_word' id='word_1_2' title='bbox 526 205 662 238; x_wconf 89' lang='lat' dir='ltr'>LOCIS</span> <span class='ocrx_word' id='word_1_3' title='bbox 698 205 1088 238; x_wconf 89' lang='lat' dir='ltr'><strong>TRANSMARINIS</strong></span> <span class='ocrx_word' id='word_1_4' title='bbox 1125 206 1305 239; x_wconf 87' lang='lat' dir='ltr'><strong>SACRIS.</strong></span> <span class='ocrx_word' id='word_1_5' title='bbox 1467 205 1551 257; x_wconf 65' lang='lat'><strong>125</strong></span> 
     </span>
    </p>
   </div>
   <div class='ocr_carea' id='block_1_2' title="bbox 173 347 1560 2826">
    <p class='ocr_par' dir='ltr' id='par_1_2' title="bbox 177 347 1553 461">
     <span class='ocr_line' id='line_1_2' title="bbox 178 347 1553 403; baseline 0 -14"><span class='ocrx_word' id='word_1_6' title='bbox 178 349 324 399; x_wconf 87' lang='lat' dir='ltr'><strong>Marie,</strong></span> <span class='ocrx_word' id='word_1_7' title='bbox 354 349 403 387; x_wconf 91' lang='lat' dir='ltr'><strong>de</strong></span> <span class='ocrx_word' id='word_1_8' title='bbox 433 363 512 402; x_wconf 91' lang='lat' dir='ltr'><strong>qua</strong></span> <span class='ocrx_word' id='word_1_9' title='bbox 541 363 629 388; x_wconf 91' lang='lat' dir='ltr'><strong>eam</strong></span> <span class='ocrx_word' id='word_1_10' title='bbox 661 349 802 388; x_wconf 86' lang='lat' dir='ltr'><strong>dicunt</strong></span> <span class='ocrx_word' id='word_1_11' title='bbox 832 349 879 388; x_wconf 88' lang='lat' dir='ltr'><strong>ad</strong></span> <span class='ocrx_word' id='word_1_12' title='bbox 902 349 1011 389; x_wconf 89' lang='lat' dir='ltr'><strong>celos</strong></span> <span class='ocrx_word' id='word_1_13' title='bbox 1037 347 1148 388; x_wconf 80' lang='lat' dir='ltr'><strong>fuisse</strong></span> <span class='ocrx_word' id='word_1_14' title='bbox 1178 349 1384 400; x_wconf 88' lang='lat' dir='ltr'>sublatam,</span> <span class='ocrx_word' id='word_1_15' title='bbox 1413 350 1553 403; x_wconf 78' lang='lat' dir='ltr'><strong>&amp;ipsa</strong></span> 
     </span>
     <span class='ocr_line' id='line_1_3' title="bbox 177 402 1161 461; baseline 0.001 -14"><span class='ocrx_word' id='word_1_16' title='bbox 177 408 291 447; x_wconf 90' lang='lat' dir='ltr'><strong>vallis</strong></span> <span class='ocrx_word' id='word_1_17' title='bbox 315 407 579 448; x_wconf 89' lang='lat' dir='ltr'><strong>Gethsemani</strong></span> <span class='ocrx_word' id='word_1_18' title='bbox 604 408 754 447; x_wconf 85' lang='lat' dir='ltr'>ibidem</span> <span class='ocrx_word' id='word_1_19' title='bbox 776 419 944 447; x_wconf 88' lang='lat' dir='ltr'><strong>vocatur</strong></span> <span class='ocrx_word' id='word_1_20' title='bbox 965 402 1161 461; x_wconf 85' lang='lat' dir='ltr'><strong>Iosaphat.</strong></span> 
     </span>
    </p>

    <p class='ocr_par' dir='ltr' id='par_1_3' title="bbox 176 466 1554 742">
     <span class='ocr_line' id='line_1_4' title="bbox 230 466 1551 520; baseline 0.002 -15"><span class='ocrx_word' id='word_1_21' title='bbox 230 467 276 506; x_wconf 83' lang='lat' dir='ltr'><strong>[n</strong></span> <span class='ocrx_word' id='word_1_22' title='bbox 313 467 517 506; x_wconf 83' lang='lat' dir='ltr'><strong>dexteram</strong></span> <span class='ocrx_word' id='word_1_23' title='bbox 548 478 701 520; x_wconf 88' lang='lat' dir='ltr'><strong>partem</strong></span> <span class='ocrx_word' id='word_1_24' title='bbox 733 477 846 519; x_wconf 91' lang='lat' dir='ltr'><strong>porte</strong></span> <span class='ocrx_word' id='word_1_25' title='bbox 876 466 931 506; x_wconf 91' lang='lat' dir='ltr'><strong>est</strong></span> <span class='ocrx_word' id='word_1_26' title='bbox 974 467 1170 506; x_wconf 90' lang='lat' dir='ltr'><strong>olivetum</strong></span> <span class='ocrx_word' id='word_1_27' title='bbox 1202 466 1240 506; x_wconf 70' lang='grc' dir='ltr'><strong>δε</strong></span> <span class='ocrx_word' id='word_1_28' title='bbox 1278 466 1474 518; x_wconf 85' lang='lat' dir='ltr'><strong>ficulnea,</strong></span> <span class='ocrx_word' id='word_1_29' title='bbox 1513 469 1551 507; x_wconf 89' lang='lat' dir='ltr'><strong>in</strong></span> 
     </span>
     <span class='ocr_line' id='line_1_5' title="bbox 178 524 1551 580; baseline 0.001 -16"><span class='ocrx_word' id='word_1_30' title='bbox 178 540 258 580; x_wconf 88' lang='lat' dir='ltr'><strong>qua</strong></span> <span class='ocrx_word' id='word_1_31' title='bbox 273 525 393 565; x_wconf 88' lang='lat' dir='ltr'><strong>Iudas</strong></span> <span class='ocrx_word' id='word_1_32' title='bbox 410 524 555 578; x_wconf 87' lang='lat' dir='ltr'><strong>laqueo</strong></span> <span class='ocrx_word' id='word_1_33' title='bbox 575 526 610 564; x_wconf 92' lang='lat' dir='ltr'><strong>se</strong></span> <span class='ocrx_word' id='word_1_34' title='bbox 628 525 838 578; x_wconf 82' lang='lat' dir='ltr'><strong>suspendit.</strong></span> <span class='ocrx_word' id='word_1_35' title='bbox 862 526 955 565; x_wconf 89' lang='lat' dir='ltr'><strong>Hoc</strong></span> <span class='ocrx_word' id='word_1_36' title='bbox 973 525 1028 565; x_wconf 84' lang='lat' dir='ltr'><strong>est</strong></span> <span class='ocrx_word' id='word_1_37' title='bbox 1044 528 1091 565; x_wconf 92' lang='lat' dir='ltr'><strong>ad</strong></span> <span class='ocrx_word' id='word_1_38' title='bbox 1112 537 1269 578; x_wconf 87' lang='lat' dir='ltr'><strong>portam</strong></span> <span class='ocrx_word' id='word_1_39' title='bbox 1287 526 1551 566; x_wconf 82' lang='lat' dir='ltr'><strong>Hierusalem.</strong></span> 
     </span>
     <span class='ocr_line' id='line_1_6' title="bbox 177 583 1554 639; baseline -0.001 -13"><span class='ocrx_word' id='word_1_40' title='bbox 177 586 306 627; x_wconf 88' lang='lat' dir='ltr'><strong>Cuius</strong></span> <span class='ocrx_word' id='word_1_41' title='bbox 336 584 440 624; x_wconf 87' lang='lat' dir='ltr'><strong>talea</strong></span> <span class='ocrx_word' id='word_1_42' title='bbox 468 583 541 623; x_wconf 89' lang='lat' dir='ltr'><strong>stat</strong></span> <span class='ocrx_word' id='word_1_43' title='bbox 572 585 728 624; x_wconf 89' lang='lat' dir='ltr'><strong>munita</strong></span> <span class='ocrx_word' id='word_1_44' title='bbox 759 586 879 637; x_wconf 84' lang='lat' dir='ltr'><strong>petris</strong></span> <span class='ocrx_word' id='word_1_45' title='bbox 915 596 1031 638; x_wconf 89' lang='lat' dir='ltr'><strong>porta</strong></span> <span class='ocrx_word' id='word_1_46' title='bbox 1064 586 1239 626; x_wconf 86' lang='lat' dir='ltr'><strong>civitatis</strong></span> <span class='ocrx_word' id='word_1_47' title='bbox 1275 601 1354 639; x_wconf 91' lang='lat' dir='ltr'><strong>que</strong></span> <span class='ocrx_word' id='word_1_48' title='bbox 1389 590 1554 626; x_wconf 86' lang='lat' dir='ltr'><strong>coheret</strong></span> 
     </span>
     <span class='ocr_line' id='line_1_7' title="bbox 177 642 1553 697; baseline 0.001 -14"><span class='ocrx_word' id='word_1_49' title='bbox 177 654 290 697; x_wconf 89' lang='lat' dir='ltr'><strong>porte</strong></span> <span class='ocrx_word' id='word_1_50' title='bbox 321 642 493 696; x_wconf 85' lang='lat' dir='ltr'><strong>speciose</strong></span> <span class='ocrx_word' id='word_1_51' title='bbox 523 658 602 697; x_wconf 91' lang='lat' dir='ltr'><strong>que</strong></span> <span class='ocrx_word' id='word_1_52' title='bbox 632 644 706 682; x_wconf 91' lang='lat' dir='ltr'><strong>fuit</strong></span> <span class='ocrx_word' id='word_1_53' title='bbox 737 643 891 697; x_wconf 85' lang='lat' dir='ltr'><strong>templi,</strong></span> <span class='ocrx_word' id='word_1_54' title='bbox 917 645 1031 684; x_wconf 84' lang='lat' dir='ltr'><strong>cuius</strong></span> <span class='ocrx_word' id='word_1_55' title='bbox 1065 644 1247 684; x_wconf 88' lang='lat' dir='ltr'><strong>liminare</strong></span> <span class='ocrx_word' id='word_1_56' title='bbox 1279 644 1317 684; x_wconf 86' lang='lat'>&amp;</span> <span class='ocrx_word' id='word_1_57' title='bbox 1347 645 1553 685; x_wconf 91' lang='lat' dir='ltr'><strong>tribulatio</strong></span> 
     </span>
     <span class='ocr_line' id='line_1_8' title="bbox 176 703 260 742; baseline 0 0"><span class='ocrx_word' id='word_1_58' title='bbox 176 703 260 742; x_wconf 88' lang='lat' dir='ltr'><strong>stat.</strong></span> 
     </span>
    </p>

    <p class='ocr_par' dir='ltr' id='par_1_4' title="bbox 173 761 1560 1819">
     <span class='ocr_line' id='line_1_9' title="bbox 230 761 1555 815; baseline 0.001 -14"><span class='ocrx_word' id='word_1_59' title='bbox 230 761 440 802; x_wconf 90' lang='lat' dir='ltr'><strong>Clinantes</strong></span> <span class='ocrx_word' id='word_1_60' title='bbox 471 762 585 814; x_wconf 87' lang='lat' dir='ltr'><strong>proni</strong></span> <span class='ocrx_word' id='word_1_61' title='bbox 617 761 655 799; x_wconf 91' lang='lat' dir='ltr'><strong>in</strong></span> <span class='ocrx_word' id='word_1_62' title='bbox 689 772 832 800; x_wconf 85' lang='lat' dir='ltr'><strong>terram</strong></span> <span class='ocrx_word' id='word_1_63' title='bbox 856 762 1008 815; x_wconf 86' lang='lat' dir='ltr'><strong>ingreffi</strong></span> <span class='ocrx_word' id='word_1_64' title='bbox 1040 761 1202 802; x_wconf 88' lang='lat' dir='ltr'><strong>sumus</strong></span> <span class='ocrx_word' id='word_1_65' title='bbox 1194 777 1232 801; x_wconf 86' lang='lat' dir='ltr'><strong>m</strong></span> <span class='ocrx_word' id='word_1_66' title='bbox 1256 761 1433 802; x_wconf 65' lang='lat' dir='ltr'><strong>san&amp;am</strong></span> <span class='ocrx_word' id='word_1_67' title='bbox 1455 763 1555 802; x_wconf 89' lang='lat' dir='ltr'><strong>civi-</strong></span> 
     </span>
     <span class='ocr_line' id='line_1_10' title="bbox 175 819 1554 875; baseline -0.001 -14"><span class='ocrx_word' id='word_1_68' title='bbox 175 832 311 871; x_wconf 87' lang='lat' dir='ltr'><strong>tatem,</strong></span> <span class='ocrx_word' id='word_1_69' title='bbox 343 821 381 860; x_wconf 83' lang='lat' dir='ltr'><strong>iu</strong></span> <span class='ocrx_word' id='word_1_70' title='bbox 418 834 498 873; x_wconf 90' lang='lat' dir='ltr'><strong>qua</strong></span> <span class='ocrx_word' id='word_1_71' title='bbox 518 821 730 859; x_wconf 89' lang='lat' dir='ltr'><strong>adorantes</strong></span> <span class='ocrx_word' id='word_1_72' title='bbox 753 819 924 860; x_wconf 80' lang='lat' dir='ltr'>Domini</span> <span class='ocrx_word' id='word_1_73' title='bbox 949 832 1262 860; x_wconf 87' lang='lat' dir='ltr'><strong>monumentum</strong></span> <span class='ocrx_word' id='word_1_74' title='bbox 1284 836 1406 874; x_wconf 91' lang='lat' dir='ltr'><strong>quem</strong></span> <span class='ocrx_word' id='word_1_75' title='bbox 1428 821 1554 875; x_wconf 83' lang='lat' dir='ltr'><strong>ipsum</strong></span> 
     </span>
     <span class='ocr_line' id='line_1_11' title="bbox 176 879 1556 933; baseline 0 -14"><span class='ocrx_word' id='word_1_76' title='bbox 176 890 488 919; x_wconf 77' lang='lat' dir='ltr'><strong>monumentum</strong></span> <span class='ocrx_word' id='word_1_77' title='bbox 521 879 558 918; x_wconf 87' lang='lat' dir='ltr'><strong>in</strong></span> <span class='ocrx_word' id='word_1_78' title='bbox 594 894 675 932; x_wconf 90' lang='lat' dir='ltr'><strong>quo</strong></span> <span class='ocrx_word' id='word_1_79' title='bbox 697 893 843 932; x_wconf 88' lang='lat' dir='ltr'><strong>corpus</strong></span> <span class='ocrx_word' id='word_1_80' title='bbox 868 879 1039 919; x_wconf 86' lang='lat' dir='ltr'><strong>Domini</strong></span> <span class='ocrx_word' id='word_1_81' title='bbox 1065 879 1237 933; x_wconf 83' lang='lat' dir='ltr'><strong>positum</strong></span> <span class='ocrx_word' id='word_1_82' title='bbox 1260 881 1347 931; x_wconf 90' lang='lat' dir='ltr'><strong>fuit,</strong></span> <span class='ocrx_word' id='word_1_83' title='bbox 1369 882 1407 920; x_wconf 92' lang='lat' dir='ltr'><strong>in</strong></span> <span class='ocrx_word' id='word_1_84' title='bbox 1439 891 1556 920; x_wconf 93' lang='lat' dir='ltr'><strong>natu-</strong></span> 
     </span>
     <span class='ocr_line' id='line_1_12' title="bbox 176 937 1556 993; baseline -0.001 -14"><span class='ocrx_word' id='word_1_85' title='bbox 176 939 301 979; x_wconf 90' lang='lat' dir='ltr'><strong>ralem</strong></span> <span class='ocrx_word' id='word_1_86' title='bbox 324 937 499 977; x_wconf 85' lang='lat' dir='ltr'><strong>excisum</strong></span> <span class='ocrx_word' id='word_1_87' title='bbox 521 937 577 976; x_wconf 89' lang='lat' dir='ltr'><strong>est</strong></span> <span class='ocrx_word' id='word_1_88' title='bbox 599 949 765 990; x_wconf 86' lang='lat' dir='ltr'><strong>petram.</strong></span> <span class='ocrx_word' id='word_1_89' title='bbox 789 938 1006 978; x_wconf 82' lang='lat' dir='ltr'><strong>Lucerna</strong></span> <span class='ocrx_word' id='word_1_90' title='bbox 999 954 1037 978; x_wconf 92' lang='lat' dir='ltr'><strong>1n</strong></span> <span class='ocrx_word' id='word_1_91' title='bbox 1059 940 1172 992; x_wconf 76' lang='lat' dir='ltr'><strong>ydria</strong></span> <span class='ocrx_word' id='word_1_92' title='bbox 1188 954 1266 993; x_wconf 87' lang='lat' dir='ltr'><strong>que</strong></span> <span class='ocrx_word' id='word_1_93' title='bbox 1284 939 1354 978; x_wconf 92' lang='lat' dir='ltr'><strong>illo</strong></span> <span class='ocrx_word' id='word_1_94' title='bbox 1373 950 1556 993; x_wconf 91' lang='lat' dir='ltr'><strong>tempore</strong></span> 
     </span>
     <span class='ocr_line' id='line_1_13' title="bbox 176 995 1556 1051; baseline 0 -13"><span class='ocrx_word' id='word_1_95' title='bbox 176 1000 223 1038; x_wconf 88' lang='lat' dir='ltr'><strong>ad</strong></span> <span class='ocrx_word' id='word_1_96' title='bbox 257 998 389 1051; x_wconf 87' lang='lat' dir='ltr'><strong>capite</strong></span> <span class='ocrx_word' id='word_1_97' title='bbox 419 997 503 1036; x_wconf 88' lang='lat' dir='ltr'><strong>eius</strong></span> <span class='ocrx_word' id='word_1_98' title='bbox 526 995 651 1049; x_wconf 78' lang='lat' dir='ltr'><strong>posita</strong></span> <span class='ocrx_word' id='word_1_99' title='bbox 672 998 811 1047; x_wconf 88' lang='lat' dir='ltr'><strong>suerat,</strong></span> <span class='ocrx_word' id='word_1_100' title='bbox 842 998 992 1037; x_wconf 85' lang='lat' dir='ltr'><strong>ibidem</strong></span> <span class='ocrx_word' id='word_1_101' title='bbox 1015 999 1125 1038; x_wconf 87' lang='lat' dir='ltr'><strong>ardet</strong></span> <span class='ocrx_word' id='word_1_102' title='bbox 1156 999 1220 1038; x_wconf 89' lang='lat' dir='ltr'><strong>die</strong></span> <span class='ocrx_word' id='word_1_103' title='bbox 1242 999 1460 1051; x_wconf 53' lang='lat' dir='ltr'><strong>nostuque.</strong></span> <span class='ocrx_word' id='word_1_104' title='bbox 1492 998 1556 1038; x_wconf 88' lang='lat' dir='ltr'><strong>Ex</strong></span> 
     </span>
     <span class='ocr_line' id='line_1_14' title="bbox 179 1056 1556 1113; baseline -0.001 -16"><span class='ocrx_word' id='word_1_105' title='bbox 179 1073 260 1113; x_wconf 90' lang='lat' dir='ltr'><strong>qua</strong></span> <span class='ocrx_word' id='word_1_106' title='bbox 294 1056 624 1096; x_wconf 67' lang='lat' dir='ltr'><strong>benedi5fionem</strong></span> <span class='ocrx_word' id='word_1_107' title='bbox 655 1056 820 1096; x_wconf 88' lang='lat' dir='ltr'><strong>tulimus</strong></span> <span class='ocrx_word' id='word_1_108' title='bbox 851 1057 888 1096; x_wconf 85' lang='lat'>&amp;</span> <span class='ocrx_word' id='word_1_109' title='bbox 917 1057 1266 1110; x_wconf 79' lang='lat' dir='ltr'><strong>recomposuimus</strong></span> <span class='ocrx_word' id='word_1_110' title='bbox 1303 1072 1359 1097; x_wconf 92' lang='lat' dir='ltr'><strong>ea.</strong></span> <span class='ocrx_word' id='word_1_111' title='bbox 1397 1056 1443 1096; x_wconf 86' lang='lat' dir='ltr'><strong>In</strong></span> <span class='ocrx_word' id='word_1_112' title='bbox 1475 1073 1556 1111; x_wconf 92' lang='lat' dir='ltr'><strong>quo</strong></span> 
     </span>
     <span class='ocr_line' id='line_1_15' title="bbox 176 1116 1558 1170; baseline -0.001 -12"><span class='ocrx_word' id='word_1_113' title='bbox 176 1126 447 1158; x_wconf 90' lang='lat' dir='ltr'><strong>monumento</strong></span> <span class='ocrx_word' id='word_1_114' title='bbox 471 1116 519 1153; x_wconf 89' lang='lat' dir='ltr'><strong>de</strong></span> <span class='ocrx_word' id='word_1_115' title='bbox 542 1116 634 1155; x_wconf 86' lang='lat' dir='ltr'><strong>foris</strong></span> <span class='ocrx_word' id='word_1_116' title='bbox 656 1116 829 1155; x_wconf 77' lang='lat' dir='ltr'><strong>mittitur</strong></span> <span class='ocrx_word' id='word_1_117' title='bbox 850 1127 961 1166; x_wconf 86' lang='lat' dir='ltr'><strong>terra,</strong></span> <span class='ocrx_word' id='word_1_118' title='bbox 983 1117 1020 1156; x_wconf 62' lang='grc' dir='ltr'><strong>ἃ*</strong></span> <span class='ocrx_word' id='word_1_119' title='bbox 1043 1117 1312 1170; x_wconf 81' lang='lat' dir='ltr'><strong>ingredientes</strong></span> <span class='ocrx_word' id='word_1_120' title='bbox 1341 1131 1412 1170; x_wconf 91' lang='lat' dir='ltr'><strong>pro</strong></span> <span class='ocrx_word' id='word_1_121' title='bbox 1435 1117 1558 1156; x_wconf 90' lang='lat' dir='ltr'><strong>bene—</strong></span> 
     </span>
     <span class='ocr_line' id='line_1_16' title="bbox 177 1174 1558 1227; baseline -0.001 -10"><span class='ocrx_word' id='word_1_122' title='bbox 177 1177 357 1217; x_wconf 64' lang='lat' dir='ltr'><strong>dietione</strong></span> <span class='ocrx_word' id='word_1_123' title='bbox 378 1174 538 1213; x_wconf 87' lang='lat' dir='ltr'><strong>tollunt.</strong></span> <span class='ocrx_word' id='word_1_124' title='bbox 561 1174 686 1227; x_wconf 86' lang='lat' dir='ltr'><strong>Lapis</strong></span> <span class='ocrx_word' id='word_1_125' title='bbox 704 1189 798 1213; x_wconf 91' lang='lat' dir='ltr'><strong>vero</strong></span> <span class='ocrx_word' id='word_1_126' title='bbox 818 1176 922 1214; x_wconf 90' lang='lat' dir='ltr'><strong>unde</strong></span> <span class='ocrx_word' id='word_1_127' title='bbox 941 1175 1118 1215; x_wconf 91' lang='lat' dir='ltr'><strong>clausum</strong></span> <span class='ocrx_word' id='word_1_128' title='bbox 1137 1177 1211 1215; x_wconf 91' lang='lat' dir='ltr'><strong>fuit</strong></span> <span class='ocrx_word' id='word_1_129' title='bbox 1228 1187 1558 1226; x_wconf 86' lang='lat' dir='ltr'><strong>monumentum,</strong></span> 
     </span>
     <span class='ocr_line' id='line_1_17' title="bbox 178 1233 1557 1288; baseline -0.001 -13"><span class='ocrx_word' id='word_1_130' title='bbox 178 1234 305 1288; x_wconf 84' lang='lat' dir='ltr'><strong>ipsum</strong></span> <span class='ocrx_word' id='word_1_131' title='bbox 343 1234 398 1273; x_wconf 90' lang='lat' dir='ltr'><strong>est</strong></span> <span class='ocrx_word' id='word_1_132' title='bbox 433 1244 523 1272; x_wconf 91' lang='lat' dir='ltr'><strong>ante</strong></span> <span class='ocrx_word' id='word_1_133' title='bbox 555 1233 659 1272; x_wconf 85' lang='lat' dir='ltr'><strong>illius</strong></span> <span class='ocrx_word' id='word_1_134' title='bbox 692 1246 1017 1274; x_wconf 89' lang='lat' dir='ltr'><strong>monumentum.</strong></span> <span class='ocrx_word' id='word_1_135' title='bbox 1049 1235 1178 1275; x_wconf 91' lang='lat' dir='ltr'><strong>Color</strong></span> <span class='ocrx_word' id='word_1_136' title='bbox 1211 1248 1307 1274; x_wconf 89' lang='lat' dir='ltr'><strong>vero</strong></span> <span class='ocrx_word' id='word_1_137' title='bbox 1338 1246 1448 1287; x_wconf 85' lang='lat' dir='ltr'><strong>petre</strong></span> <span class='ocrx_word' id='word_1_138' title='bbox 1478 1250 1557 1287; x_wconf 90' lang='lat' dir='ltr'><strong>que</strong></span> 
     </span>
     <span class='ocr_line' id='line_1_18' title="bbox 174 1292 1556 1347; baseline -0.001 -12"><span class='ocrx_word' id='word_1_139' title='bbox 174 1294 306 1335; x_wconf 83' lang='lat' dir='ltr'><strong>excisa</strong></span> <span class='ocrx_word' id='word_1_140' title='bbox 339 1293 393 1333; x_wconf 90' lang='lat' dir='ltr'><strong>est</strong></span> <span class='ocrx_word' id='word_1_141' title='bbox 424 1294 473 1332; x_wconf 88' lang='lat' dir='ltr'><strong>de</strong></span> <span class='ocrx_word' id='word_1_142' title='bbox 496 1292 693 1346; x_wconf 84' lang='lat' dir='ltr'><strong>Golgota.</strong></span> <span class='ocrx_word' id='word_1_143' title='bbox 724 1293 833 1332; x_wconf 89' lang='lat' dir='ltr'><strong>Nam</strong></span> <span class='ocrx_word' id='word_1_144' title='bbox 868 1294 948 1346; x_wconf 82' lang='lat' dir='ltr'><strong>ipsa</strong></span> <span class='ocrx_word' id='word_1_145' title='bbox 970 1305 1080 1347; x_wconf 87' lang='lat' dir='ltr'><strong>petra</strong></span> <span class='ocrx_word' id='word_1_146' title='bbox 1101 1305 1294 1334; x_wconf 79' lang='lat' dir='ltr'><strong>exornata</strong></span> <span class='ocrx_word' id='word_1_147' title='bbox 1315 1293 1370 1333; x_wconf 87' lang='lat' dir='ltr'><strong>est</strong></span> <span class='ocrx_word' id='word_1_148' title='bbox 1390 1308 1439 1333; x_wconf 83' lang='lat' dir='ltr'><strong>ex</strong></span> <span class='ocrx_word' id='word_1_149' title='bbox 1461 1308 1556 1333; x_wconf 91' lang='lat' dir='ltr'><strong>auro</strong></span> 
     </span>
     <span class='ocr_line' id='line_1_19' title="bbox 178 1351 1557 1407; baseline -0.001 -13"><span class='ocrx_word' id='word_1_150' title='bbox 178 1355 217 1394; x_wconf 87' lang='lat'>&amp;</span> <span class='ocrx_word' id='word_1_151' title='bbox 237 1355 426 1407; x_wconf 89' lang='lat' dir='ltr'><strong>gemmis,</strong></span> <span class='ocrx_word' id='word_1_152' title='bbox 457 1351 495 1392; x_wconf 85' lang='lat'>&amp;</span> <span class='ocrx_word' id='word_1_153' title='bbox 524 1352 562 1390; x_wconf 90' lang='lat' dir='ltr'><strong>in</strong></span> <span class='ocrx_word' id='word_1_154' title='bbox 587 1351 845 1404; x_wconf 85' lang='lat' dir='ltr'><strong>postmodum</strong></span> <span class='ocrx_word' id='word_1_155' title='bbox 868 1353 916 1391; x_wconf 89' lang='lat' dir='ltr'><strong>de</strong></span> <span class='ocrx_word' id='word_1_156' title='bbox 944 1352 1024 1405; x_wconf 84' lang='lat' dir='ltr'><strong>ipsa</strong></span> <span class='ocrx_word' id='word_1_157' title='bbox 1055 1364 1167 1405; x_wconf 85' lang='lat' dir='ltr'><strong>petra</strong></span> <span class='ocrx_word' id='word_1_158' title='bbox 1188 1353 1338 1392; x_wconf 52' lang='lat' dir='ltr'><strong>fastum</strong></span> <span class='ocrx_word' id='word_1_159' title='bbox 1360 1351 1416 1392; x_wconf 89' lang='lat' dir='ltr'><strong>est</strong></span> <span class='ocrx_word' id='word_1_160' title='bbox 1436 1352 1557 1392; x_wconf 88' lang='lat' dir='ltr'><strong>altare</strong></span> 
     </span>
     <span class='ocr_line' id='line_1_20' title="bbox 176 1410 1556 1453; baseline -0.001 -1"><span class='ocrx_word' id='word_1_161' title='bbox 176 1415 213 1453; x_wconf 91' lang='lat' dir='ltr'><strong>in</strong></span> <span class='ocrx_word' id='word_1_162' title='bbox 244 1414 340 1452; x_wconf 91' lang='lat' dir='ltr'><strong>loco</strong></span> <span class='ocrx_word' id='word_1_163' title='bbox 371 1414 439 1453; x_wconf 89' lang='lat' dir='ltr'><strong>ubi</strong></span> <span class='ocrx_word' id='word_1_164' title='bbox 471 1410 687 1452; x_wconf 81' lang='lat' dir='ltr'><strong>crucifixus</strong></span> <span class='ocrx_word' id='word_1_165' title='bbox 718 1411 774 1450; x_wconf 87' lang='lat' dir='ltr'><strong>est</strong></span> <span class='ocrx_word' id='word_1_166' title='bbox 796 1410 1015 1451; x_wconf 83' lang='lat' dir='ltr'><strong>Dominus.</strong></span> <span class='ocrx_word' id='word_1_167' title='bbox 1048 1411 1163 1451; x_wconf 82' lang='lat' dir='ltr'><strong>Petra</strong></span> <span class='ocrx_word' id='word_1_168' title='bbox 1183 1425 1278 1450; x_wconf 90' lang='lat' dir='ltr'><strong>vero</strong></span> <span class='ocrx_word' id='word_1_169' title='bbox 1301 1413 1556 1451; x_wconf 87' lang='lat' dir='ltr'><strong>monumenti</strong></span> 
     </span>
     <span class='ocr_line' id='line_1_21' title="bbox 173 1469 1560 1523; baseline -0.001 -12"><span class='ocrx_word' id='word_1_170' title='bbox 173 1472 284 1512; x_wconf 92' lang='lat' dir='ltr'><strong>velut</strong></span> <span class='ocrx_word' id='word_1_171' title='bbox 317 1472 492 1521; x_wconf 87' lang='lat' dir='ltr'><strong>molaris,</strong></span> <span class='ocrx_word' id='word_1_172' title='bbox 524 1470 562 1510; x_wconf 83' lang='lat'>&amp;</span> <span class='ocrx_word' id='word_1_173' title='bbox 593 1469 648 1509; x_wconf 89' lang='lat' dir='ltr'><strong>est</strong></span> <span class='ocrx_word' id='word_1_174' title='bbox 679 1469 832 1509; x_wconf 87' lang='lat' dir='ltr'><strong>infinite</strong></span> <span class='ocrx_word' id='word_1_175' title='bbox 855 1481 994 1509; x_wconf 86' lang='lat' dir='ltr'><strong>ornata</strong></span> <span class='ocrx_word' id='word_1_176' title='bbox 1013 1471 1134 1523; x_wconf 83' lang='lat' dir='ltr'><strong>virgis</strong></span> <span class='ocrx_word' id='word_1_177' title='bbox 1165 1470 1313 1521; x_wconf 86' lang='lat' dir='ltr'><strong>ferreis,</strong></span> <span class='ocrx_word' id='word_1_178' title='bbox 1341 1471 1560 1523; x_wconf 85' lang='lat' dir='ltr'><strong>pendentia</strong></span> 
     </span>
     <span class='ocr_line' id='line_1_22' title="bbox 175 1528 1560 1582; baseline 0.001 -14"><span class='ocrx_word' id='word_1_179' title='bbox 175 1528 411 1578; x_wconf 85' lang='lat' dir='ltr'><strong>brachialia,</strong></span> <span class='ocrx_word' id='word_1_180' title='bbox 443 1528 725 1578; x_wconf 68' lang='lat' dir='ltr'><strong>dem-ochiria,</strong></span> <span class='ocrx_word' id='word_1_181' title='bbox 753 1542 932 1579; x_wconf 88' lang='lat' dir='ltr'><strong>murene,</strong></span> <span class='ocrx_word' id='word_1_182' title='bbox 959 1529 1141 1579; x_wconf 84' lang='lat' dir='ltr'><strong>monilia,</strong></span> <span class='ocrx_word' id='word_1_183' title='bbox 1169 1529 1275 1568; x_wconf 89' lang='lat' dir='ltr'><strong>anuli</strong></span> <span class='ocrx_word' id='word_1_184' title='bbox 1306 1529 1560 1582; x_wconf 86' lang='lat' dir='ltr'><strong>capitulares,</strong></span> 
     </span>
     <span class='ocr_line' id='line_1_23' title="bbox 174 1586 1560 1642; baseline -0.001 -14"><span class='ocrx_word' id='word_1_185' title='bbox 174 1588 348 1642; x_wconf 85' lang='lat' dir='ltr'><strong>cingella</strong></span> <span class='ocrx_word' id='word_1_186' title='bbox 367 1588 505 1641; x_wconf 86' lang='lat' dir='ltr'><strong>girata,</strong></span> <span class='ocrx_word' id='word_1_187' title='bbox 527 1586 660 1637; x_wconf 83' lang='lat' dir='ltr'><strong>baltei,</strong></span> <span class='ocrx_word' id='word_1_188' title='bbox 677 1602 860 1638; x_wconf 86' lang='lat' dir='ltr'><strong>coronas,</strong></span> <span class='ocrx_word' id='word_1_189' title='bbox 878 1589 1094 1641; x_wconf 76' lang='lat' dir='ltr'><strong>imperium</strong></span> <span class='ocrx_word' id='word_1_190' title='bbox 1112 1603 1159 1628; x_wconf 83' lang='lat' dir='ltr'><strong>ex</strong></span> <span class='ocrx_word' id='word_1_191' title='bbox 1177 1603 1273 1628; x_wconf 90' lang='lat' dir='ltr'><strong>auro</strong></span> <span class='ocrx_word' id='word_1_192' title='bbox 1291 1588 1353 1627; x_wconf 91' lang='lat' dir='ltr'><strong>vel</strong></span> <span class='ocrx_word' id='word_1_193' title='bbox 1370 1589 1560 1642; x_wconf 89' lang='lat' dir='ltr'><strong>gemmis,</strong></span> 
     </span>
     <span class='ocr_line' id='line_1_24' title="bbox 175 1646 1557 1700; baseline 0 -14"><span class='ocrx_word' id='word_1_194' title='bbox 175 1646 212 1686; x_wconf 86' lang='lat'>&amp;</span> <span class='ocrx_word' id='word_1_195' title='bbox 243 1658 484 1687; x_wconf 89' lang='lat' dir='ltr'><strong>ornamenta</strong></span> <span class='ocrx_word' id='word_1_196' title='bbox 512 1646 695 1699; x_wconf 90' lang='lat' dir='ltr'><strong>plurima.</strong></span> <span class='ocrx_word' id='word_1_197' title='bbox 727 1647 780 1687; x_wconf 84' lang='lat' dir='ltr'><strong>Et</strong></span> <span class='ocrx_word' id='word_1_198' title='bbox 810 1647 938 1700; x_wconf 78' lang='lat' dir='ltr'><strong>ipsum</strong></span> <span class='ocrx_word' id='word_1_199' title='bbox 970 1659 1283 1687; x_wconf 85' lang='lat' dir='ltr'><strong>monumentum</strong></span> <span class='ocrx_word' id='word_1_200' title='bbox 1315 1648 1354 1687; x_wconf 91' lang='lat' dir='ltr'><strong>in</strong></span> <span class='ocrx_word' id='word_1_201' title='bbox 1388 1649 1557 1686; x_wconf 90' lang='lat' dir='ltr'><strong>modum</strong></span> 
     </span>
     <span class='ocr_line' id='line_1_25' title="bbox 175 1705 1557 1759; baseline 0 -13"><span class='ocrx_word' id='word_1_202' title='bbox 175 1708 248 1746; x_wconf 91' lang='lat' dir='ltr'><strong>ede</strong></span> <span class='ocrx_word' id='word_1_203' title='bbox 287 1717 528 1759; x_wconf 91' lang='lat' dir='ltr'><strong>coopertum</strong></span> <span class='ocrx_word' id='word_1_204' title='bbox 570 1720 619 1744; x_wconf 77' lang='lat' dir='ltr'><strong>ex</strong></span> <span class='ocrx_word' id='word_1_205' title='bbox 659 1716 837 1759; x_wconf 84' lang='lat' dir='ltr'><strong>argento,</strong></span> <span class='ocrx_word' id='word_1_206' title='bbox 876 1705 915 1746; x_wconf 64' lang='grc' dir='ltr'><strong>δε</strong></span> <span class='ocrx_word' id='word_1_207' title='bbox 953 1717 1045 1745; x_wconf 89' lang='lat' dir='ltr'><strong>ante</strong></span> <span class='ocrx_word' id='word_1_208' title='bbox 1080 1718 1393 1746; x_wconf 86' lang='lat' dir='ltr'><strong>monumentum</strong></span> <span class='ocrx_word' id='word_1_209' title='bbox 1435 1706 1557 1746; x_wconf 85' lang='lat' dir='ltr'><strong>altare</strong></span> 
     </span>
     <span class='ocr_line' id='line_1_26' title="bbox 176 1765 362 1819; baseline -0.011 -13"><span class='ocrx_word' id='word_1_210' title='bbox 176 1765 362 1819; x_wconf 78' lang='lat' dir='ltr'><strong>positum.</strong></span> 
     </span>
    </p>

    <p class='ocr_par' dir='ltr' id='par_1_5' title="bbox 175 1823 1560 2515">
     <span class='ocr_line' id='line_1_27' title="bbox 229 1823 1557 1879; baseline 0.001 -15"><span class='ocrx_word' id='word_1_211' title='bbox 229 1826 269 1864; x_wconf 89' lang='lat' dir='ltr'><strong>A</strong></span> <span class='ocrx_word' id='word_1_212' title='bbox 299 1834 568 1863; x_wconf 86' lang='lat' dir='ltr'><strong>monumento</strong></span> <span class='ocrx_word' id='word_1_213' title='bbox 600 1837 695 1862; x_wconf 89' lang='lat' dir='ltr'><strong>vero</strong></span> <span class='ocrx_word' id='word_1_214' title='bbox 728 1823 848 1877; x_wconf 88' lang='lat' dir='ltr'><strong>usque</strong></span> <span class='ocrx_word' id='word_1_215' title='bbox 873 1823 1087 1878; x_wconf 89' lang='lat' dir='ltr'><strong>Golgotha</strong></span> <span class='ocrx_word' id='word_1_216' title='bbox 1113 1825 1201 1865; x_wconf 89' lang='lat' dir='ltr'><strong>sunt</strong></span> <span class='ocrx_word' id='word_1_217' title='bbox 1230 1825 1341 1879; x_wconf 86' lang='lat' dir='ltr'><strong>greffi</strong></span> <span class='ocrx_word' id='word_1_218' title='bbox 1364 1825 1478 1874; x_wconf 81' lang='lat' dir='ltr'><strong>lxxx3</strong></span> <span class='ocrx_word' id='word_1_219' title='bbox 1509 1826 1557 1865; x_wconf 90' lang='lat' dir='ltr'><strong>ab</strong></span> 
     </span>
     <span class='ocr_line' id='line_1_28' title="bbox 176 1882 1556 1936; baseline 0.001 -13"><span class='ocrx_word' id='word_1_220' title='bbox 176 1899 255 1923; x_wconf 88' lang='lat' dir='ltr'><strong>una</strong></span> <span class='ocrx_word' id='word_1_221' title='bbox 285 1894 394 1936; x_wconf 89' lang='lat' dir='ltr'><strong>parte</strong></span> <span class='ocrx_word' id='word_1_222' title='bbox 423 1882 649 1922; x_wconf 86' lang='lat' dir='ltr'><strong>ascenditur</strong></span> <span class='ocrx_word' id='word_1_223' title='bbox 670 1896 739 1934; x_wconf 88' lang='lat' dir='ltr'><strong>per</strong></span> <span class='ocrx_word' id='word_1_224' title='bbox 759 1884 916 1935; x_wconf 85' lang='lat' dir='ltr'><strong>gradus,</strong></span> <span class='ocrx_word' id='word_1_225' title='bbox 938 1885 1044 1922; x_wconf 91' lang='lat' dir='ltr'><strong>unde</strong></span> <span class='ocrx_word' id='word_1_226' title='bbox 1070 1883 1278 1924; x_wconf 90' lang='lat' dir='ltr'><strong>Dominus</strong></span> <span class='ocrx_word' id='word_1_227' title='bbox 1311 1884 1488 1924; x_wconf 89' lang='lat' dir='ltr'><strong>ascendit</strong></span> <span class='ocrx_word' id='word_1_228' title='bbox 1510 1886 1556 1923; x_wconf 90' lang='lat' dir='ltr'><strong>ad</strong></span> 
     </span>
     <span class='ocr_line' id='line_1_29' title="bbox 175 1940 1560 1996; baseline -0.001 -13"><span class='ocrx_word' id='word_1_229' title='bbox 175 1942 507 1996; x_wconf 86' lang='lat' dir='ltr'><strong>crucifigendum.</strong></span> <span class='ocrx_word' id='word_1_230' title='bbox 531 1941 640 1980; x_wconf 84' lang='lat' dir='ltr'><strong>Nam</strong></span> <span class='ocrx_word' id='word_1_231' title='bbox 663 1942 701 1979; x_wconf 89' lang='lat' dir='ltr'><strong>in</strong></span> <span class='ocrx_word' id='word_1_232' title='bbox 725 1940 817 1980; x_wconf 91' lang='lat' dir='ltr'><strong>loco</strong></span> <span class='ocrx_word' id='word_1_233' title='bbox 841 1942 906 1981; x_wconf 89' lang='lat' dir='ltr'><strong>ubi</strong></span> <span class='ocrx_word' id='word_1_234' title='bbox 926 1943 1000 1981; x_wconf 88' lang='lat' dir='ltr'><strong>fuit</strong></span> <span class='ocrx_word' id='word_1_235' title='bbox 1022 1942 1239 1982; x_wconf 84' lang='lat' dir='ltr'><strong>crucifixus</strong></span> <span class='ocrx_word' id='word_1_236' title='bbox 1258 1954 1424 1995; x_wconf 87' lang='lat' dir='ltr'><strong>apparet</strong></span> <span class='ocrx_word' id='word_1_237' title='bbox 1442 1957 1560 1983; x_wconf 92' lang='lat' dir='ltr'><strong>cruor</strong></span> 
     </span>
     <span class='ocr_line' id='line_1_30' title="bbox 177 2000 1557 2055; baseline 0 -14"><span class='ocrx_word' id='word_1_238' title='bbox 177 2002 389 2055; x_wconf 82' lang='lat' dir='ltr'><strong>sanguinis,</strong></span> <span class='ocrx_word' id='word_1_239' title='bbox 414 2000 452 2040; x_wconf 68' lang='grc' dir='ltr'><strong>δε</strong></span> <span class='ocrx_word' id='word_1_240' title='bbox 476 2001 515 2039; x_wconf 94' lang='lat' dir='ltr'><strong>in</strong></span> <span class='ocrx_word' id='word_1_241' title='bbox 534 2000 616 2053; x_wconf 87' lang='lat' dir='ltr'><strong>ipso</strong></span> <span class='ocrx_word' id='word_1_242' title='bbox 631 2000 753 2040; x_wconf 85' lang='lat' dir='ltr'><strong>latere</strong></span> <span class='ocrx_word' id='word_1_243' title='bbox 768 2012 877 2053; x_wconf 90' lang='lat' dir='ltr'><strong>petre</strong></span> <span class='ocrx_word' id='word_1_244' title='bbox 895 2001 949 2040; x_wconf 88' lang='lat' dir='ltr'><strong>est</strong></span> <span class='ocrx_word' id='word_1_245' title='bbox 965 2002 1087 2041; x_wconf 90' lang='lat' dir='ltr'><strong>altare</strong></span> <span class='ocrx_word' id='word_1_246' title='bbox 1101 2002 1323 2055; x_wconf 87' lang='lat' dir='ltr'><strong>patriarche</strong></span> <span class='ocrx_word' id='word_1_247' title='bbox 1337 2002 1557 2052; x_wconf 82' lang='lat' dir='ltr'><strong>Abraham,</strong></span> 
     </span>
     <span class='ocr_line' id='line_1_31' title="bbox 177 2059 1556 2114; baseline -0.001 -13"><span class='ocrx_word' id='word_1_248' title='bbox 177 2063 215 2101; x_wconf 88' lang='lat' dir='ltr'><strong>in</strong></span> <span class='ocrx_word' id='word_1_249' title='bbox 246 2076 328 2114; x_wconf 91' lang='lat' dir='ltr'><strong>quo</strong></span> <span class='ocrx_word' id='word_1_250' title='bbox 360 2061 442 2099; x_wconf 89' lang='lat' dir='ltr'><strong>ibat</strong></span> <span class='ocrx_word' id='word_1_251' title='bbox 471 2059 610 2098; x_wconf 84' lang='lat' dir='ltr'><strong>offerre</strong></span> <span class='ocrx_word' id='word_1_252' title='bbox 633 2059 762 2099; x_wconf 85' lang='lat' dir='ltr'><strong>Ysaac</strong></span> <span class='ocrx_word' id='word_1_253' title='bbox 794 2062 956 2113; x_wconf 91' lang='lat' dir='ltr'><strong>quando</strong></span> <span class='ocrx_word' id='word_1_254' title='bbox 989 2062 1203 2113; x_wconf 88' lang='lat' dir='ltr'><strong>temptavit</strong></span> <span class='ocrx_word' id='word_1_255' title='bbox 1225 2076 1317 2100; x_wconf 89' lang='lat' dir='ltr'><strong>eum</strong></span> <span class='ocrx_word' id='word_1_256' title='bbox 1338 2060 1556 2101; x_wconf 90' lang='lat' dir='ltr'><strong>Dominus.</strong></span> 
     </span>
     <span class='ocr_line' id='line_1_32' title="bbox 178 2117 1556 2174; baseline -0.001 -14"><span class='ocrx_word' id='word_1_257' title='bbox 178 2120 238 2160; x_wconf 87' lang='lat' dir='ltr'><strong>Ibi</strong></span> <span class='ocrx_word' id='word_1_258' title='bbox 280 2119 318 2159; x_wconf 85' lang='lat'>&amp;</span> <span class='ocrx_word' id='word_1_259' title='bbox 354 2117 659 2159; x_wconf 87' lang='lat' dir='ltr'><strong>Melchisedech</strong></span> <span class='ocrx_word' id='word_1_260' title='bbox 702 2119 848 2159; x_wconf 89' lang='lat' dir='ltr'><strong>obtulit</strong></span> <span class='ocrx_word' id='word_1_261' title='bbox 888 2119 1127 2160; x_wconf 82' lang='lat' dir='ltr'><strong>sacrificium</strong></span> <span class='ocrx_word' id='word_1_262' title='bbox 1167 2121 1354 2171; x_wconf 78' lang='lat' dir='ltr'><strong>Abrahe,</strong></span> <span class='ocrx_word' id='word_1_263' title='bbox 1394 2122 1556 2174; x_wconf 87' lang='lat' dir='ltr'><strong>quando</strong></span> 
     </span>
     <span class='ocr_line' id='line_1_33' title="bbox 176 2178 1556 2220; baseline -0.001 -1"><span class='ocrx_word' id='word_1_264' title='bbox 176 2179 449 2219; x_wconf 88' lang='lat' dir='ltr'><strong>revertebatur</strong></span> <span class='ocrx_word' id='word_1_265' title='bbox 483 2192 577 2217; x_wconf 90' lang='lat' dir='ltr'><strong>cum</strong></span> <span class='ocrx_word' id='word_1_266' title='bbox 612 2178 781 2218; x_wconf 67' lang='lat' dir='ltr'><strong>vi&amp;oria</strong></span> <span class='ocrx_word' id='word_1_267' title='bbox 817 2194 838 2218; x_wconf 88' lang='lat' dir='ltr'><strong>a</strong></span> <span class='ocrx_word' id='word_1_268' title='bbox 872 2181 970 2219; x_wconf 89' lang='lat' dir='ltr'><strong>cede</strong></span> <span class='ocrx_word' id='word_1_269' title='bbox 1002 2179 1215 2220; x_wconf 81' lang='lat' dir='ltr'><strong>Amalech.</strong></span> <span class='ocrx_word' id='word_1_270' title='bbox 1248 2181 1375 2220; x_wconf 85' lang='lat' dir='ltr'><strong>Tunc</strong></span> <span class='ocrx_word' id='word_1_271' title='bbox 1407 2180 1556 2219; x_wconf 89' lang='lat' dir='ltr'><strong>ibidem</strong></span> 
     </span>
     <span class='ocr_line' id='line_1_34' title="bbox 179 2237 1558 2279; baseline 0 -2"><span class='ocrx_word' id='word_1_272' title='bbox 179 2239 291 2277; x_wconf 91' lang='lat' dir='ltr'><strong>dedit</strong></span> <span class='ocrx_word' id='word_1_273' title='bbox 319 2239 354 2278; x_wconf 91' lang='lat' dir='ltr'><strong>ei</strong></span> <span class='ocrx_word' id='word_1_274' title='bbox 385 2239 592 2278; x_wconf 87' lang='lat' dir='ltr'><strong>Abraham</strong></span> <span class='ocrx_word' id='word_1_275' title='bbox 625 2254 790 2278; x_wconf 90' lang='lat' dir='ltr'><strong>omnem</strong></span> <span class='ocrx_word' id='word_1_276' title='bbox 821 2240 1134 2279; x_wconf 84' lang='lat' dir='ltr'><strong>decimationem</strong></span> <span class='ocrx_word' id='word_1_277' title='bbox 1168 2239 1206 2277; x_wconf 91' lang='lat' dir='ltr'><strong>in</strong></span> <span class='ocrx_word' id='word_1_278' title='bbox 1244 2239 1402 2278; x_wconf 88' lang='lat' dir='ltr'><strong>hostias.</strong></span> <span class='ocrx_word' id='word_1_279' title='bbox 1439 2237 1558 2277; x_wconf 73' lang='lat' dir='ltr'><strong>quta</strong></span> 
     </span>
     <span class='ocr_line' id='line_1_35' title="bbox 179 2297 1558 2351; baseline 0.001 -16"><span class='ocrx_word' id='word_1_280' title='bbox 179 2297 307 2350; x_wconf 88' lang='lat' dir='ltr'><strong>ipsum</strong></span> <span class='ocrx_word' id='word_1_281' title='bbox 342 2297 462 2337; x_wconf 89' lang='lat' dir='ltr'><strong>altare</strong></span> <span class='ocrx_word' id='word_1_282' title='bbox 491 2297 546 2338; x_wconf 87' lang='lat' dir='ltr'><strong>est</strong></span> <span class='ocrx_word' id='word_1_283' title='bbox 576 2299 720 2351; x_wconf 85' lang='lat' dir='ltr'><strong>cripta,</strong></span> <span class='ocrx_word' id='word_1_284' title='bbox 756 2299 822 2338; x_wconf 91' lang='lat' dir='ltr'><strong>ubi</strong></span> <span class='ocrx_word' id='word_1_285' title='bbox 857 2300 972 2351; x_wconf 82' lang='lat' dir='ltr'><strong>ponis</strong></span> <span class='ocrx_word' id='word_1_286' title='bbox 999 2312 1134 2338; x_wconf 88' lang='lat' dir='ltr'><strong>aurem</strong></span> <span class='ocrx_word' id='word_1_287' title='bbox 1170 2297 1208 2338; x_wconf 82' lang='lat'>&amp;</span> <span class='ocrx_word' id='word_1_288' title='bbox 1243 2299 1355 2337; x_wconf 86' lang='lat' dir='ltr'><strong>audis</strong></span> <span class='ocrx_word' id='word_1_289' title='bbox 1390 2298 1558 2337; x_wconf 83' lang='lat' dir='ltr'><strong>flumina</strong></span> 
     </span>
     <span class='ocr_line' id='line_1_36' title="bbox 176 2356 1556 2411; baseline 0.001 -16"><span class='ocrx_word' id='word_1_290' title='bbox 176 2370 384 2408; x_wconf 89' lang='lat' dir='ltr'><strong>aquarum,</strong></span> <span class='ocrx_word' id='word_1_291' title='bbox 414 2357 451 2396; x_wconf 89' lang='lat'>&amp;</span> <span class='ocrx_word' id='word_1_292' title='bbox 483 2358 605 2398; x_wconf 54' lang='lat' dir='ltr'><strong>imitas</strong></span> <span class='ocrx_word' id='word_1_293' title='bbox 628 2373 796 2410; x_wconf 87' lang='lat' dir='ltr'><strong>pomum</strong></span> <span class='ocrx_word' id='word_1_294' title='bbox 844 2370 911 2397; x_wconf 89' lang='lat' dir='ltr'><strong>aut</strong></span> <span class='ocrx_word' id='word_1_295' title='bbox 933 2359 1027 2411; x_wconf 89' lang='lat' dir='ltr'><strong>quid</strong></span> <span class='ocrx_word' id='word_1_296' title='bbox 1051 2368 1187 2397; x_wconf 87' lang='lat' dir='ltr'><strong>natare</strong></span> <span class='ocrx_word' id='word_1_297' title='bbox 1211 2356 1353 2410; x_wconf 90' lang='lat' dir='ltr'><strong>potest,</strong></span> <span class='ocrx_word' id='word_1_298' title='bbox 1386 2357 1424 2397; x_wconf 85' lang='lat'>&amp;</span> <span class='ocrx_word' id='word_1_299' title='bbox 1446 2358 1556 2397; x_wconf 85' lang='lat' dir='ltr'><strong>vadis</strong></span> 
     </span>
     <span class='ocr_line' id='line_1_37' title="bbox 180 2415 1557 2471; baseline 0.001 -18"><span class='ocrx_word' id='word_1_300' title='bbox 180 2416 227 2454; x_wconf 91' lang='lat' dir='ltr'><strong>ad</strong></span> <span class='ocrx_word' id='word_1_301' title='bbox 246 2415 365 2468; x_wconf 80' lang='lat' dir='ltr'><strong>Syloa</strong></span> <span class='ocrx_word' id='word_1_302' title='bbox 387 2417 540 2456; x_wconf 88' lang='lat' dir='ltr'><strong>fontem</strong></span> <span class='ocrx_word' id='word_1_303' title='bbox 558 2417 596 2456; x_wconf 84' lang='lat'>&amp;</span> <span class='ocrx_word' id='word_1_304' title='bbox 615 2417 664 2456; x_wconf 87' lang='lat' dir='ltr'><strong>ibi</strong></span> <span class='ocrx_word' id='word_1_305' title='bbox 689 2431 781 2456; x_wconf 91' lang='lat' dir='ltr'><strong>eum</strong></span> <span class='ocrx_word' id='word_1_306' title='bbox 805 2416 1000 2471; x_wconf 78' lang='lat' dir='ltr'><strong>suscipies.</strong></span> <span class='ocrx_word' id='word_1_307' title='bbox 1024 2415 1137 2456; x_wconf 88' lang='lat' dir='ltr'><strong>Intus</strong></span> <span class='ocrx_word' id='word_1_308' title='bbox 1160 2417 1265 2471; x_wconf 79' lang='lat' dir='ltr'><strong>Syna</strong></span> <span class='ocrx_word' id='word_1_309' title='bbox 1286 2416 1323 2456; x_wconf 64' lang='grc' dir='ltr'><strong>δε</strong></span> <span class='ocrx_word' id='word_1_310' title='bbox 1342 2416 1557 2470; x_wconf 86' lang='lat' dir='ltr'><strong>Golgotha</strong></span> 
     </span>
     <span class='ocr_line' id='line_1_38' title="bbox 180 2474 627 2515; baseline 0.004 -2"><span class='ocrx_word' id='word_1_311' title='bbox 180 2475 301 2513; x_wconf 90' lang='lat' dir='ltr'><strong>credo</strong></span> <span class='ocrx_word' id='word_1_312' title='bbox 324 2474 379 2514; x_wconf 86' lang='lat' dir='ltr'><strong>est</strong></span> <span class='ocrx_word' id='word_1_313' title='bbox 400 2475 627 2515; x_wconf 86' lang='lat' dir='ltr'><strong>miliarium.</strong></span> 
     </span>
    </p>

    <p class='ocr_par' dir='ltr' id='par_1_6' title="bbox 183 2533 1556 2647">
     <span class='ocr_line' id='line_1_39' title="bbox 234 2533 1556 2588; baseline 0.001 -16"><span class='ocrx_word' id='word_1_314' title='bbox 234 2533 344 2573; x_wconf 90' lang='lat' dir='ltr'><strong>Nam</strong></span> <span class='ocrx_word' id='word_1_315' title='bbox 363 2534 631 2574; x_wconf 91' lang='lat' dir='ltr'><strong>Hierosolima</strong></span> <span class='ocrx_word' id='word_1_316' title='bbox 651 2550 796 2588; x_wconf 87' lang='lat' dir='ltr'><strong>aquam</strong></span> <span class='ocrx_word' id='word_1_317' title='bbox 819 2536 950 2574; x_wconf 88' lang='lat' dir='ltr'><strong>vivam</strong></span> <span class='ocrx_word' id='word_1_318' title='bbox 969 2550 1050 2574; x_wconf 91' lang='lat' dir='ltr'><strong>non</strong></span> <span class='ocrx_word' id='word_1_319' title='bbox 1074 2535 1205 2585; x_wconf 88' lang='lat' dir='ltr'><strong>habet,</strong></span> <span class='ocrx_word' id='word_1_320' title='bbox 1227 2546 1357 2588; x_wconf 84' lang='lat' dir='ltr'><strong>preter</strong></span> <span class='ocrx_word' id='word_1_321' title='bbox 1378 2536 1416 2574; x_wconf 88' lang='lat' dir='ltr'><strong>in</strong></span> <span class='ocrx_word' id='word_1_322' title='bbox 1435 2534 1556 2574; x_wconf 86' lang='lat' dir='ltr'><strong>Solua</strong></span> 
     </span>
     <span class='ocr_line' id='line_1_40' title="bbox 183 2592 1551 2647; baseline 0.001 -16"><span class='ocrx_word' id='word_1_323' title='bbox 183 2593 306 2631; x_wconf 91' lang='lat' dir='ltr'><strong>fonte.</strong></span> <span class='ocrx_word' id='word_1_324' title='bbox 342 2592 630 2646; x_wconf 86' lang='lat' dir='ltr'><strong>DeGolgotha</strong></span> <span class='ocrx_word' id='word_1_325' title='bbox 653 2594 774 2647; x_wconf 86' lang='lat' dir='ltr'><strong>usque</strong></span> <span class='ocrx_word' id='word_1_326' title='bbox 806 2595 872 2633; x_wconf 90' lang='lat' dir='ltr'><strong>ubi</strong></span> <span class='ocrx_word' id='word_1_327' title='bbox 906 2595 1069 2633; x_wconf 84' lang='lat' dir='ltr'><strong>inventa</strong></span> <span class='ocrx_word' id='word_1_328' title='bbox 1091 2593 1145 2633; x_wconf 89' lang='lat' dir='ltr'><strong>est</strong></span> <span class='ocrx_word' id='word_1_329' title='bbox 1166 2608 1263 2633; x_wconf 86' lang='lat' dir='ltr'><strong>crux</strong></span> <span class='ocrx_word' id='word_1_330' title='bbox 1286 2593 1372 2633; x_wconf 85' lang='lat' dir='ltr'><strong>sunt</strong></span> <span class='ocrx_word' id='word_1_331' title='bbox 1393 2594 1502 2647; x_wconf 81' lang='lat' dir='ltr'><strong>grelli</strong></span> <span class='ocrx_word' id='word_1_332' title='bbox 1528 2593 1551 2632; x_wconf 92' lang='grc'><strong>1.</strong></span> 
     </span>
    </p>

    <p class='ocr_par' dir='ltr' id='par_1_7' title="bbox 181 2650 1554 2826">
     <span class='ocr_line' id='line_1_41' title="bbox 234 2650 1554 2693; baseline 0.002 -3"><span class='ocrx_word' id='word_1_333' title='bbox 234 2650 280 2690; x_wconf 90' lang='lat' dir='ltr'><strong>In</strong></span> <span class='ocrx_word' id='word_1_334' title='bbox 310 2650 470 2691; x_wconf 73' lang='lat' dir='ltr'><strong>basilica</strong></span> <span class='ocrx_word' id='word_1_335' title='bbox 491 2653 745 2693; x_wconf 84' lang='lat' dir='ltr'><strong>Constantini</strong></span> <span class='ocrx_word' id='word_1_336' title='bbox 776 2654 992 2693; x_wconf 85' lang='lat' dir='ltr'><strong>coherente</strong></span> <span class='ocrx_word' id='word_1_337' title='bbox 1022 2654 1126 2692; x_wconf 85' lang='lat' dir='ltr'><strong>circa</strong></span> <span class='ocrx_word' id='word_1_338' title='bbox 1158 2664 1470 2692; x_wconf 87' lang='lat' dir='ltr'><strong>monumentum</strong></span> <span class='ocrx_word' id='word_1_339' title='bbox 1492 2653 1554 2692; x_wconf 91' lang='lat' dir='ltr'><strong>vel</strong></span> 
     </span>
     <span class='ocr_line' id='line_1_42' title="bbox 183 2710 1553 2765; baseline -0.001 -14"><span class='ocrx_word' id='word_1_340' title='bbox 183 2710 410 2763; x_wconf 86' lang='lat' dir='ltr'><strong>Golgotha,</strong></span> <span class='ocrx_word' id='word_1_341' title='bbox 440 2712 478 2751; x_wconf 89' lang='lat' dir='ltr'><strong>in</strong></span> <span class='ocrx_word' id='word_1_342' title='bbox 509 2713 609 2751; x_wconf 89' lang='lat' dir='ltr'><strong>atrio</strong></span> <span class='ocrx_word' id='word_1_343' title='bbox 642 2711 759 2765; x_wconf 80' lang='lat' dir='ltr'><strong>ipsius</strong></span> <span class='ocrx_word' id='word_1_344' title='bbox 790 2711 947 2752; x_wconf 77' lang='lat' dir='ltr'><strong>basilice</strong></span> <span class='ocrx_word' id='word_1_345' title='bbox 979 2712 1033 2751; x_wconf 89' lang='lat' dir='ltr'><strong>est</strong></span> <span class='ocrx_word' id='word_1_346' title='bbox 1055 2712 1289 2751; x_wconf 83' lang='lat' dir='ltr'><strong>cubiculum</strong></span> <span class='ocrx_word' id='word_1_347' title='bbox 1313 2712 1376 2751; x_wconf 88' lang='lat' dir='ltr'><strong>ubi</strong></span> <span class='ocrx_word' id='word_1_348' title='bbox 1400 2711 1553 2765; x_wconf 82' lang='lat' dir='ltr'><strong>lignum</strong></span> 
     </span>
     <span class='ocr_line' id='line_1_43' title="bbox 181 2771 1551 2826; baseline 0.001 -16"><span class='ocrx_word' id='word_1_349' title='bbox 181 2771 310 2811; x_wconf 88' lang='lat' dir='ltr'><strong>crucis</strong></span> <span class='ocrx_word' id='word_1_350' title='bbox 327 2771 581 2811; x_wconf 87' lang='lat' dir='ltr'><strong>reconditum</strong></span> <span class='ocrx_word' id='word_1_351' title='bbox 599 2771 666 2822; x_wconf 87' lang='lat' dir='ltr'><strong>est,</strong></span> <span class='ocrx_word' id='word_1_352' title='bbox 687 2773 795 2826; x_wconf 89' lang='lat' dir='ltr'><strong>quod</strong></span> <span class='ocrx_word' id='word_1_353' title='bbox 814 2773 1069 2812; x_wconf 81' lang='lat' dir='ltr'><strong>adoravimus</strong></span> <span class='ocrx_word' id='word_1_354' title='bbox 1086 2771 1123 2812; x_wconf 82' lang='lat'>&amp;</span> <span class='ocrx_word' id='word_1_355' title='bbox 1141 2771 1418 2812; x_wconf 83' lang='lat' dir='ltr'><strong>osculavimus.</strong></span> <span class='ocrx_word' id='word_1_356' title='bbox 1443 2771 1551 2811; x_wconf 81' lang='lat' dir='ltr'><strong>Nam</strong></span> 
     </span>
    </p>
   </div>
  </div>
 </body>
</html>
