2216 3435
608 237 700 283 208
1164 251 1423 285 ARCULFUS

605 404 759 443 quatuor
791 395 1086 442 patriarcharum:
1114 397 1300 440 Abraam,
1336 399 1451 432 Ysaac
1479 399 1510 432 &
1538 400 1647 433 Iacob
1674 400 1705 433 δε
1731 400 1853 434 Adam
1881 400 1984 445 primi

603 450 775 493 hominis,
794 462 946 496 quorum
967 450 1085 495 plante
1108 451 1252 495 pedum,
1271 463 1341 484 non
1357 452 1441 486 ficut
1462 452 1497 486 in
1515 453 1591 486 aliis
1610 453 1814 498 regionibus
1829 454 1986 488 converti

604 504 711 538 moris
743 503 799 545 est,
825 504 881 536 sed
910 504 953 537 ad
982 503 1164 537 meridiem
1190 504 1280 537 verse
1309 505 1340 538 δέ
1369 505 1482 551 capita
1513 514 1634 540 contra
1654 507 1858 552 aquilonem
1878 507 1986 552 posita

601 560 695 601 sunt3
715 557 775 603 qui
800 557 899 590 locus
930 557 1102 602 quadrato
1125 557 1280 590 ambitur
1302 570 1421 602 muro5
1443 560 1498 593 sed
1529 560 1726 606 sepulcrum
1748 561 1870 594 Adam
1892 561 1985 606 sepa-

599 611 704 646 ratim
733 625 752 645 a
785 612 894 646 tribus
923 613 966 645 ad
992 611 1198 645 orientalem
1230 612 1371 657 plagam
1403 614 1575 658 quadrato
1603 614 1718 659 lapide
1746 614 1982 648 construfi’mm

601 664 656 698 est.
678 666 795 699 Ceteri
815 674 881 699 tres
900 665 1095 711 patriarche
1115 665 1272 710 sepulcra
1296 666 1427 700 habent
1450 668 1492 701 de
1516 667 1643 700 dolatis
1669 669 1701 701 δι
1723 668 1880 702 candidis
1899 667 1986 714 lapi-

601 718 717 761 dibus,
737 719 833 753 iuxta
852 720 1049 753 mensuram
1066 718 1300 763 longitudinis
1318 720 1350 753 &
1365 720 1561 754 latitudinis
1578 721 1852 768 uniuscqusque
1872 722 1984 767 sepul-

599 772 662 815 cri,
680 774 866 806 Abraham
896 770 1038 815 scilicet,
1056 773 1171 806 Ysaac
1197 773 1228 806 δε
1250 774 1369 806 Iacob.
1391 774 1457 807 Sed
1488 774 1686 819 sepulcrum
1714 775 1836 809 Adam
1859 776 1984 809 obscu-

598 826 697 860 rioris
729 827 761 860 δε
788 826 919 861 vilioris
948 826 1063 872 operis
1095 827 1252 860 habetur.
1292 826 1458 861 Similiter
1488 827 1595 861 trium
1628 828 1841 862 feminarum
1876 831 1984 870 Sarre,

600 881 763 915 Rebecce
794 882 826 914 δι
851 881 914 914 Lie
946 879 1136 914 memorias
1167 879 1298 913 vilioris
1328 892 1444 926 opere,
1474 880 1567 914 idem
1597 882 1778 927 conspexit
1804 882 1982 916 Arculfus

599 936 826 969 humatarum
860 934 894 967 in
921 941 1020 967 terra.
1041 934 1214 978 Angulus
1245 945 1326 967 vero
1358 934 1415 967 ille
1434 934 1634 979 sepulcralis
1653 948 1671 968 a
1694 947 1795 969 muro
1814 935 1875 970 illo
1895 936 1986 970 anti-

598 988 761 1033 quiffimo
789 989 937 1021 Hebron
964 987 1008 1020 ad
1038 987 1209 1020 orientem
1240 987 1354 1020 versus
1390 987 1424 1020 in
1458 987 1563 1020 unius
1590 987 1683 1031 stadij
1716 988 1832 1034 spacio
1864 989 1985 1023 distare

596 1042 800 1076 dinoscitur.
820 1042 912 1076 Nam
928 1041 1000 1086 (stc)
1013 1041 1056 1074 de
1074 1040 1165 1074 colle
1184 1041 1351 1073 Mambre
1364 1039 1572 1084 dicendum
1589 1040 1689 1074 collis
1706 1042 1873 1076 Mambre
1889 1042 1986 1077 mille

596 1096 748 1140 paffibus
763 1109 782 1129 a
801 1094 1042 1129 monumentis
1061 1094 1339 1140 patriarcharum
1359 1094 1403 1126 ad
1421 1094 1567 1127 boream
1587 1094 1762 1139 separatus
1780 1095 1891 1139 distat,
1907 1097 1987 1130 her-

595 1149 699 1182 bosus
718 1149 818 1182 valde
836 1150 868 1182 &
889 1148 1044 1190 floridus,
1064 1149 1242 1193 habetque
1260 1147 1296 1180 in
1316 1146 1503 1180 cacumine
1532 1147 1759 1193 campestrem
1779 1148 1982 1194 planiciem,

597 1202 657 1236 ubi
692 1202 726 1235 in
753 1202 954 1236 summitate
984 1203 1027 1235 ad
1057 1201 1261 1247 aquilonem
1294 1200 1430 1246 lapidea
1462 1201 1612 1234 habetur
1630 1201 1781 1235 ecclelia.
1818 1204 1860 1236 In
1880 1202 1981 1237 cuius

597 1257 743 1291 dextrali
761 1265 857 1303 parte
877 1256 965 1290 inter
988 1256 1077 1289 duos
1107 1256 1255 1301 parietes
1275 1255 1429 1289 eiusdem
1457 1255 1608 1298 ecclefie,
1641 1267 1792 1301 quercus
1814 1257 1983 1292 Mambre

596 1318 691 1344 extat
721 1311 756 1344 in
785 1318 875 1344 terra
904 1310 1071 1353 radicata,
1102 1310 1162 1343 ubi
1182 1311 1344 1344 Abraam
1375 1309 1522 1354 angelos
1550 1309 1707 1355 hospicio
1727 1310 1890 1356 suscepit3
1923 1311 1983 1345 ubi

595 1363 752 1408 prefatus
781 1363 959 1397 Arculfus
990 1371 1193 1396 truncatum
1228 1363 1382 1408 spurium
1417 1363 1449 1396 δε
1476 1362 1673 1396 radicatum
1701 1362 1736 1396 in
1766 1371 1856 1397 terra
1886 1363 1983 1398 vidit·

598 1417 737 1451 Retulit
755 1417 860 1451 etiam
882 1417 980 1462 quod
999 1416 1134 1450 Iericho
1159 1417 1280 1450 urbem
1302 1416 1438 1459 viderit,
1454 1429 1562 1461 quarn
1583 1416 1685 1450 Iosue
1704 1417 1855 1451 Iordane
1876 1418 1985 1451 trans-

596 1470 695 1505 miffo
718 1471 893 1505 subvertit.
912 1471 981 1504 Pro
997 1483 1067 1516 qua
1081 1472 1155 1504 Oza
1169 1470 1211 1504 de
1224 1471 1349 1504 Bethel
1367 1483 1408 1504 ex
1427 1471 1519 1505 tribu
1539 1471 1677 1505 Efraim
1696 1470 1802 1504 aliam
1819 1469 1984 1512 extruxit,

596 1537 704 1569 quam
722 1524 902 1558 Dominus
923 1523 1094 1569 presentia
1114 1525 1171 1557 sua
1189 1523 1412 1558 illuminavit.
1435 1525 1620 1570 Tempore
1639 1525 1770 1570 itaque,
1791 1537 1863 1570 quo
1888 1526 1984 1558 Ieru-

595 1578 699 1612 salem
717 1586 820 1624 capta
839 1578 883 1611 est
898 1591 917 1611 a
932 1577 1119 1619 Romanis,
1135 1585 1275 1623 propter
1289 1577 1420 1611 civium
1439 1578 1620 1622 perfidiam
1645 1586 1748 1624 capta
1764 1578 1795 1611 δε
1814 1578 1984 1611 (ἰείὶῐυξὶει

596 1631 651 1665 est.
681 1633 749 1666 Pro
778 1645 849 1677 qua
879 1631 1023 1666 condita
1047 1631 1093 1665 est
1119 1631 1186 1664 alia
1206 1643 1275 1676 que
1294 1631 1367 1676 post
1391 1631 1546 1664 multum
1572 1638 1714 1677 tempus
1738 1631 1893 1665 fimiliter
1911 1632 1983 1665 des-

593 1686 706 1719 truEta
726 1685 787 1728 est,
809 1685 911 1720 cuius
930 1685 1047 1719 adhuc
1066 1685 1163 1718 ruine
1194 1685 1439 1718 monstrantur.
1467 1684 1606 1718 Mirum
1625 1684 1734 1726 diem,
1764 1685 1835 1719 sola
1853 1686 1983 1719 domus

599 1739 701 1772 Raab
720 1738 913 1773 meretricis
932 1746 1074 1784 propter
1089 1746 1156 1772 tres
1175 1738 1331 1772 civitates
1350 1738 1385 1771 in
1402 1738 1526 1772 eodem
1542 1738 1624 1772 loco
1640 1739 1826 1772 destruEtas
1845 1750 1983 1772 reman-

594 1792 647 1836 fit3
675 1792 777 1826 cuius
807 1791 936 1838 lapidei
961 1792 1109 1837 parietes
1138 1791 1205 1825 fine
1237 1790 1394 1824 culmine
1425 1799 1642 1836 permanent.
1676 1792 1762 1836 Sepe
1781 1790 1851 1824 iarn
1871 1790 1983 1825 dietus

595 1846 773 1880 Arculfus
794 1845 828 1878 in
846 1845 1008 1890 Galgalis
1027 1846 1197 1890 grandem
1218 1844 1395 1879 ecclesiam
1416 1843 1503 1878 vidit
1519 1844 1555 1877 in
1575 1856 1617 1877 eo
1632 1844 1713 1877 loco
1733 1844 1981 1887 construcffflm,

594 1900 628 1933 in
649 1912 722 1945 quo
753 1898 813 1942 filij
834 1899 951 1942 lsrael,
983 1899 1131 1932 Iordane
1151 1898 1369 1943 transgresso,
1389 1897 1496 1931 castra
1521 1898 1644 1932 metati
1674 1898 1763 1932 sunt.
1787 1899 1827 1931 In
1849 1898 1983 1943 prefata

594 1954 714 1999 itaque
741 1952 884 1987 ecclefia
913 1952 1000 1986 vidit
1017 1952 1208 1986 duodecim
1230 1952 1374 1997 lapides,
1402 1952 1445 1985 de
1472 1951 1602 1997 quibus
1629 1951 1787 1997 precepit
1804 1951 1984 1986 Dominus

594 2007 695 2041 Iosue
717 2007 854 2041 dicens:
887 2008 1022 2052 Precipe
1041 2006 1131 2052 filiis
1151 2006 1258 2051 Israel
1281 2013 1320 2038 ut
1349 2005 1470 2038 tollunt
1496 2005 1538 2038 de
1566 2004 1673 2037 medio
1693 2005 1848 2038 Iordanis
1867 2005 1982 2048 alveo,

596 2061 654 2094 ubi
671 2061 887 2106 sacerdotum
913 2061 1081 2106 steterunt
1103 2061 1216 2104 pedes,
1245 2059 1302 2102 xij
1335 2059 1465 2103 lapides
1499 2070 1576 2102 quos
1600 2058 1728 2102 ponetis
1759 2058 1795 2092 in
1827 2059 1893 2092 loco
1924 2059 1984 2093 ubi

584 2115 739 2159 fixeritis
769 2116 837 2148 hac
865 2117 957 2149 noble
987 2114 1139 2147 tentoria.
1170 2114 1199 2146 E
1227 2112 1356 2158 quibus
1382 2112 1458 2157 sepe
1488 2110 1600 2144 dietus
1619 2111 1796 2144 Arculfus
1815 2112 1871 2145 sex
1896 2111 1984 2145 vidit

596 2167 631 2200 in
648 2168 791 2201 dextera
805 2175 902 2212 parte
914 2167 1055 2201 ecclesie
1077 2167 1111 2200 in
1128 2166 1332 2211 pavimento
1349 2165 1501 2198 iacentes
1520 2165 1553 2197 &
1566 2163 1653 2197 alios
1671 2163 1825 2198 eiusdem
1841 2164 1982 2199 numeri

593 2220 630 2254 in
650 2220 859 2266 aquilonari.
887 2220 986 2254 Vidit
1004 2220 1110 2254 etiam
1130 2220 1164 2252 in
1185 2219 1340 2263 Galgala
1363 2218 1469 2252 aliam
1495 2216 1676 2251 ecclesiam
1701 2218 1744 2251 ad
1772 2217 1981 2251 orientalem

593 2273 738 2319 plagam
765 2274 910 2319 antique
929 2274 1055 2315 Ierico,
1075 2273 1201 2319 quinto
1222 2273 1266 2305 ab
1284 2271 1422 2305 Iericho
1444 2270 1606 2312 miliario,
1626 2270 1686 2303 ubi
1707 2271 1976 2304 tabernaculum

593 2327 704 2361 fixum
724 2327 794 2361 fuit
813 2327 927 2361 multo
944 2335 1118 2372 tempore.
1140 2325 1278 2360 Retulit
1296 2325 1401 2358 etiam
1422 2324 1536 2366 nobis,
1551 2323 1633 2369 quia
1647 2324 1704 2357 ille
1723 2324 1828 2367 sacer,
1847 2325 1982 2358 sanstus

595 2381 627 2413 &
648 2380 866 2414 honorabilis
880 2380 992 2423 locus,
1006 2380 1041 2413 in
1062 2391 1135 2425 quo
1150 2378 1331 2412 Dominus
1343 2376 1605 2423 baptizatus'est
1622 2389 1642 2410 a
1658 2378 1829 2418 Iohanne,
1848 2377 1982 2423 semper

594 2433 696 2479 aquis
724 2434 877 2467 fluminis
907 2433 1040 2478 tegitur
1057 2432 1235 2475 Iordanis;
1265 2432 1299 2464 in
1329 2443 1402 2476 quo
1428 2430 1510 2464 loco
1541 2430 1659 2475 lignea
1684 2441 1770 2464 crux
1796 2430 1904 2464 infixa
1922 2430 1978 2464 est.

594 2488 713 2521 Locus
744 2486 864 2533 itaque
893 2487 1046 2521 eiusdem
1075 2486 1189 2521 crucis
1218 2486 1253 2519 in
1284 2497 1356 2531 quo
1377 2484 1558 2518 Dominus
1577 2483 1776 2529 baptizatus
1797 2483 1854 2525 est,
1885 2483 1976 2517 ultra

595 2541 736 2575 alveum
756 2540 912 2574 fluminis
940 2541 1097 2574 habetur.
1124 2541 1165 2573 In
1189 2539 1410 2573 extremitate
1429 2550 1510 2572 vero
1529 2537 1686 2571 fluminis
1705 2538 1854 2571 habetur
1871 2549 1977 2583 parva

596 2594 740 2629 ecclelia
756 2594 830 2636 ubi,
843 2594 929 2628 sicut
944 2594 1065 2636 fertur,
1079 2592 1276 2627 Dominica
1290 2591 1491 2626 vestimenta
1505 2590 1675 2625 custodita
1690 2591 1780 2625 sunt.
1802 2592 1882 2630 Que
1895 2589 1979 2624 bafi-

592 2648 660 2681 lica
697 2647 758 2681 stat
786 2648 887 2693 super
914 2659 1024 2693 aquas
1054 2645 1306 2688 inhabitabilis,
1331 2645 1500 2690 quoniam
1531 2644 1594 2678 sub
1612 2643 1721 2689 ipsam
1743 2643 1826 2678 hinc
1850 2643 1981 2678 &inde

598 2700 792 2734 subintrant
811 2713 913 2746 aque,
936 2712 1006 2746 que
1026 2707 1180 2745 quatuor
1200 2698 1335 2733 cancris
1354 2699 1385 2732 δι
1407 2698 1558 2732 arcubus
1587 2697 1804 2731 sustentatur.
1823 2698 1865 2730 In
1882 2697 1980 2742 supe-

594 2752 743 2787 rioribus
770 2764 850 2787 vero
869 2753 968 2795 locis,
995 2753 1063 2786 alia
1092 2752 1137 2786 est
1165 2751 1306 2792 ecclesia
1332 2751 1366 2784 in
1392 2752 1526 2784 honore
1547 2749 1652 2784 sanai
1677 2749 1845 2783 Iohannis
1866 2747 1979 2794 bapti-
