2216 3435
561 263 969 297 CRUCIGERORUM
1006 262 1383 296 RHENANORUM.
1593 263 1653 313 45

12 425 52 462 3.,
68 435 93 463 p.
110 431 180 460 232,
195 432 219 451 c.
238 431 263 452 ι.
284 407 570 465 attendentes,
596 408 752 470 ripam,
776 405 902 452 nobis
924 404 1186 470 oppositam,
1213 404 1377 452 fossatis
1395 409 1441 452 ὃς
1459 407 1657 471 argillosa
1680 424 1756 454 ¹219

286 479 463 525 materia
500 495 601 524 cum
625 478 967 541 propugnaculis
990 478 1142 541 ligneis
1167 477 1259 522 altis
1281 479 1542 536 munierunt,
1568 496 1656 524 ma-

285 550 432 595 chinas
447 551 491 594 ὃς
504 550 706 612 petrarias
725 547 890 594 ibidem
907 548 1114 606 locantes,
1129 565 1204 610 per
1221 548 1370 593 locum
1387 548 1509 593 illum
1527 550 1657 594 trans-

284 620 416 667 eundi
434 621 555 682 spem
574 618 700 664 nobis
724 620 889 665 auferre
907 618 1156 682 gestiebant.
1182 621 1222 663 Α
1240 619 1364 664 casali
1392 637 1510 678 vem,
1536 619 1658 681 quod

282 692 468 736 miliario
494 690 582 736 fere
607 690 730 735 distat
755 709 779 735 a
804 691 989 747 civitate,
1017 688 1089 735 ubi
1113 690 1192 735 hec
1214 707 1331 736 nova
1354 691 1548 735 municio
1579 692 1660 735 im-

9 776 60 812 v.,
71 774 93 804 f.
107 775 123 803 8
138 772 183 810 v0‚
196 783 221 803 c.
235 781 262 804 ι.
284 760 542 820 minabatur,
569 779 645 824 per
663 762 945 807 transversum
960 760 1149 806 fluminis
1169 763 1346 807 navium
1364 760 1658 807 immersiones

284 834 476 879 fecerunt
500 850 601 878 cum
625 833 731 894 palis
756 832 893 878 infixis
918 834 1091 896 gurgiti.

0 957 1 961 Ἰ
345 904 594 966 Apostolice
607 921 709 949 vero
727 903 832 949 sedis
844 904 1027 966 legatus,
1046 902 1302 949 defiderium
1316 902 1479 948 habens
1490 902 1658 949 bonum

0 976 3 1030 Ι
282 974 753 1027 obfidendicivitatem,
776 992 918 1031 naves,
940 975 1126 1036 superius
1145 991 1452 1037 congregatas,
1479 973 1659 1038 urgebat

0 1032 3 1106 l
281 1045 337 1092 ad
365 1044 599 1092 transitum.
631 1044 758 1092 Unde
777 1063 1005 1108 coggones
1031 1046 1372 1108 propugnaculis
1397 1048 1441 1090 ὃς
1467 1046 1659 1105 castellis,

0 1109 2 1165 l
282 1118 381 1162 viris
405 1117 543 1162 eciam
577 1118 751 1161 armatis
779 1117 947 1175 muniti,
970 1126 979 1145 ¹
1000 1116 1133 1179 galeis
1158 1115 1338 1163 navibus
1366 1117 1656 1178 sequentibus,

0 1175 1 1195 ³
284 1188 455 1234 Christo
473 1197 490 1216 2
518 1186 642 1243 duce,
673 1205 748 1249 per
778 1188 933 1249 scripta
960 1188 1148 1249 pericula
1172 1189 1216 1232 in
1241 1186 1454 1233 tranfione
1472 1198 1486 1227 3
1515 1191 1658 1236 evase-

285 1275 396 1317 runt,
419 1258 559 1304 hostes
583 1275 741 1316 autem,
767 1257 1027 1303 diffimulato
1053 1274 1186 1316 metu,
1212 1275 1293 1304 tres
1319 1258 1492 1305 ordines
1518 1278 1658 1307 arma-

284 1347 429 1375 torum
454 1330 632 1375 stacioni
656 1331 832 1375 navium
863 1329 1103 1374 nostrarum
1129 1331 1484 1392 composuerunt.
1514 1333 1657 1378 Unam

284 1401 483 1464 peditum
516 1401 639 1462 super
673 1400 812 1462 ripam
837 1417 938 1445 cum
961 1399 1123 1461 clipeis,
1157 1417 1267 1462 quos
1303 1401 1483 1446 tarchias
1510 1402 1658 1464 appel—

279 1472 384 1531 lant,
409 1473 658 1518 lineariter4
675 1471 947 1529 ordinarunt,
985 1470 1219 1516 secundam
1244 1473 1340 1534 post
1364 1471 1541 1518 dorsum
1565 1474 1659 1518 illo-

280 1561 375 1589 rum
389 1542 568 1588 similem
580 1543 727 1605 priori,
742 1544 919 1588 terciam
938 1544 1135 1604 equitum
1148 1544 1333 1607 longam
1353 1546 1397 1589 &
1411 1543 1657 1601 terribilem,

278 1613 432 1660 ifflbus
461 1614 660 1677 lapidum
695 1617 739 1660 ὃς
772 1615 957 1659 telorum
990 1616 1247 1660 vexancium
1271 1616 1510 1661 stacionem
1534 1616 1660 1661 chris-

281 1686 513 1731 tianorum.
541 1687 650 1731 Sane
669 1687 711 1731 in
740 1686 844 1731 festo
870 1687 1026 1731 sande
1047 1686 1235 1749 Agathe,
1263 1704 1364 1732 cum
1389 1686 1660 1733 coadunatus
1679 1705 1759 1734 febr*
1777 1714 1803 1743 5·

281 1755 384 1802 esset
404 1757 594 1819 populus
618 1756 828 1813 fidelium,
867 1758 941 1818 qui
966 1756 1034 1802 die
1064 1758 1259 1819 sequenti
1285 1775 1375 1803 erat
1399 1758 1658 1815 transiturus,

281 1827 426 1889 pluvie
462 1829 505 1872 ὃς
531 1829 646 1873 venti
677 1828 864 1872 multum
899 1827 1151 1874 discriminis
1188 1829 1337 1873 nostris
1368 1829 1660 1889 contulerunt,

282 1898 353 1944 sed
379 1900 472 1960 pius
499 1900 632 1957 Deus,
659 1900 884 1961 respiciens
917 1897 973 1943 ad
999 1900 1131 1945 castra
1154 1900 1344 1959 suorum,
1370 1899 1491 1962 quod
1510 1902 1660 1946 secun-

7 1979 175 2018 B·‚p-232›
195 1992 205 2008 t
235 1989 263 2008 2-
282 1969 389 2014 dum
408 1970 552 2014 causas
574 1970 796 2015 inferiores
819 1969 994 2016 difficile
1019 1969 1258 2028 videbatur,
1283 1971 1538 2016 facillimum
1559 1972 1659 2018 effe-

6 2056 57 2093 v.,
80 2055 99 2084 f.
113 2056 128 2084 8
144 2057 188 2092 w,
201 2067 224 2084 c.
235 2066 262 2086 2.
281 2042 352 2096 cit,
377 2040 447 2085 sue
465 2041 628 2085 virtutis
648 2042 861 2087 innovans
882 2041 1101 2087 miracula.
1128 2042 1220 2087 Post
1239 2042 1431 2088 mediam
1451 2041 1660 2104 siquidem

280 2114 457 2157 norflem
483 2128 652 2157 tantum
682 2129 892 2174 pavorem
925 2111 1106 2158 soldano
1135 2111 1364 2172 Babylonis
1401 2115 1444 2158 ὃς
1481 2116 1660 2161 catervis

280 2183 364 2228 eius
389 2182 567 2241 incussit,
595 2200 653 2241 ut,
678 2183 830 2229 relicffis
856 2184 1012 2242 castris,
1040 2184 1227 2247 Egyptiis
1254 2184 1612 2248 [ignorantibus],
1645 2196 1658 2225 5

281 2268 390 2312 quos
416 2251 471 2297 ad
496 2253 772 2300 resistendum
798 2254 1091 2314 ordinaverat,
1122 2257 1164 2300 in
1190 2256 1278 2301 sola
1306 2256 1411 2319 fuga
1436 2256 1556 2318 spem
1580 2274 1659 2320 po-

279 2340 410 2368 neren.
440 2324 638 2386 Quidam
662 2342 808 2371 autem
827 2327 1038 2390 apostata,
1071 2328 1158 2389 qui,
1184 2327 1324 2372 multo
1350 2328 1437 2372 iam
1463 2344 1660 2390 tempore

279 2393 550 2440 christianam
568 2397 712 2460 legem
735 2396 1025 2462 transgressus,
1052 2397 1234 2443 soldano
1262 2398 1529 2457 militaverat,
1551 2399 1661 2444 stans

279 2465 322 2509 in
349 2466 441 2527 ripa
466 2467 620 2529 gallice
645 2467 863 2514 clamabat
885 2492 893 2515 :

345 2537 495 2599 Qare
530 2541 794 2585 moramini?
821 2540 943 2604 Qid
969 2540 1220 2604 trepidatis?
1247 2540 1370 2604 Qid
1393 2541 1574 2589 hesitatis
1596 2547 1611 2589 ?
1643 2547 1659 2573 ⁶

331 2632 342 2652 ι
369 2620 407 2652 V.
421 2621 501 2652 &A
518 2621 663 2654 munitis.
678 2642 722 2646 —-—
738 2635 755 2655 2
777 2623 808 2654 V.
822 2623 929 2656 Chris-
1014 2623 1223 2665 Damiatina,
1238 2630 1271 2668 p.
1288 2629 1383 2664 ¹408-
1398 2644 1440 2649 —-—
1453 2629 1471 2658 6
1489 2627 1659 2669 (ἴοι-νζξεη-

279 2672 379 2706 tiano.
405 2693 449 2697 —
477 2685 491 2714 3
516 2675 552 2706 V.
571 2675 607 2706 (Ξῖ
628 2676 663 2708 B.
688 2675 718 2708 in
739 2676 927 2709 transiones.
1013 2678 1090 2709 dum
1116 2677 1255 2710 videtur
1275 2689 1292 2710 e
1310 2684 1400 2711 textu
1420 2678 1582 2723 Olivertj,
1602 2686 1662 2724 pro

280 2745 322 2750 —
342 2738 363 2766 4
384 2727 419 2758 V.
441 2726 532 2770 ligne
551 2735 662 2760 autem
679 2745 687 2771 5
706 2729 738 2761 B.
760 2728 928 2762 lineariter.
1015 2730 1152 2771 esuritis,
1170 2732 1254 2774 quod
1271 2731 1390 2764 codices
1406 2733 1558 2776 praebent.

280 2798 323 2803 —
340 2790 354 2820 5
371 2779 554 2824 Supplemus
567 2791 609 2813 ex
623 2780 774 2826 Oli-verij
789 2782 930 2825 Historia
