2216 3435
704 158 790 210 154
1250 160 1513 193 ARCULFus

700 327 721 345 υ
751 306 852 363 mei,
886 324 1002 352 nunc
1042 308 1166 369 optio
1198 305 1322 352 vobis
1354 305 1487 352 datur.
1515 307 1644 351 Dicat
1675 323 1781 369 ergo
1815 306 1994 368 quisque
2031 318 2081 351 σα

697 399 719 418 <c
749 376 933 437 duobus,
970 377 1075 440 quid
1112 379 1255 440 potius
1292 394 1445 439 optare
1471 375 1680 422 defiderat
1705 394 1828 433 unus,
1855 393 1900 421 ut
1923 379 1968 421 ὃς
1994 393 2080 439 ego

696 470 719 489 <c
748 448 1043 495 indubitanter
1068 450 1170 494 scire
1199 447 1368 511 poffim,
1407 450 1480 510 qui
1505 466 1555 494 ex
1585 447 1712 494 vobis
1737 449 1827 505 erit,
1861 449 1944 506 cui,
1969 448 2085 493 iuxta

696 543 718 561 «
748 522 973 584 propriam
1000 522 1247 584 optionem,
1279 536 1353 565 aut
1389 537 1571 564 omnem
1612 518 1886 565 substantiam
1923 537 2084 577 meam,

697 615 718 634 «
743 611 876 655 quam
895 592 1053 649 habeo,
1075 590 1391 637 commodarel'
1422 590 1580 647 debeo,
1600 608 1673 636 aut
1695 591 1781 636 hoc
1802 589 2085 636 solummodo

698 686 720 706 α
754 666 921 710 sacrum
936 665 1121 710 Domini
1136 663 1364 709 sudarium.
1384 685 1406 703 n
1429 659 1602 725 Qubus
1617 663 1772 709 auditis
1788 661 2084 721 verbis,unus,

697 739 771 799 qui
796 738 966 799 optavit
989 737 1199 800 genitoris
1227 734 1396 780 divitias
1423 736 1621 797 accipere
1648 735 1878 793 universas,
1905 734 2088 797 suscepit

696 827 765 855 eas
812 827 836 853 a
877 825 1012 870 patre,
1055 809 1169 852 iuxta
1218 806 1548 869 promiffionem
1596 805 1670 852 sub
1713 807 1969 852 testamento
2011 804 2088 851 fibi

696 879 1070 926 commendatam.
1116 880 1274 924 Mirum
1314 877 1448 935 diclu,
1491 896 1541 924 ex
1586 878 1661 923 illo
1698 877 1767 923 dic
1806 895 1961 924 omnes
1999 878 2089 923 eius

697 952 844 998 divitie
884 954 929 997 δε
973 951 1240 1014 patrimonia
1278 951 1444 1008 omnia,
1483 965 1665 1012 propter
1701 949 1824 1011 quod
1870 948 2090 995 sudarium

697 1024 883 1070 Domini
912 1021 1125 1079 vendidit,
1160 1021 1406 1068 decrescere
1431 1037 1657 1084 ceperunt,
1695 1022 1740 1065 δε
1765 1021 1977 1080 universa,
2006 1037 2090 1083 que

698 1096 864 1154 habuit,
911 1094 1083 1142 diversis
1127 1094 1314 1141 casibus-,s
1357 1093 1540 1157 perdita,
1584 1093 1640 1139 ad
1684 1093 1867 1139 nihilum
1915 1092 2091 1139 redac'ta

697 1169 802 1215 sunt.
846 1168 966 1213 Alter
997 1186 1101 1213 vcro
1136 1166 1365 1230 lupradiffl
1401 1165 1514 1211 beati
1549 1166 1650 1211 furis
1682 1165 1791 1211 filius
1819 1164 1982 1223 beatus,
2016 1164 2090 1227 qui

699 1239 921 1286 sudarium
948 1241 1133 1285 Domini
1165 1238 1370 1284 omnibus
1401 1238 1572 1300 pretulit
1603 1239 1891 1300 patrimoniis,
1924 1257 1976 1285 ex
2000 1255 2091 1301 quo

701 1311 769 1358 die
794 1311 901 1357 illud
926 1311 980 1357 de
1007 1329 1141 1357 manu
1168 1311 1392 1356 morientis
1418 1311 1589 1372 accepit
1620 1311 1844 1373 genitoris,
1875 1311 2016 1374 magis
2041 1326 2093 1356 ac

700 1383 841 1446 magis
877 1383 1085 1441 crescens,
1119 1382 1315 1428 donante
1341 1383 1457 1440 Deo,
1491 1382 1666 1426 terrenis
1693 1382 1824 1427 etiam
1855 1380 2013 1445 opibus
2034 1380 2093 1426 est

701 1453 875 1514 ditatus,
902 1472 984 1500 nec
1010 1454 1232 1500 fraudatus
1261 1454 1319 1499 est
1352 1451 1588 1499 celestibus.
1623 1453 1668 1498 Et
1692 1453 1750 1498 ita
1780 1453 1866 1498 hoc
1898 1451 2091 1498 domini-

702 1543 803 1571 cum
834 1524 1054 1571 sudarium
1078 1543 1220 1589 patres
1245 1524 1371 1570 filiisd
1400 1524 1454 1570 de
1486 1523 1678 1570 eiusdem
1713 1540 1775 1570 ter
1806 1522 1922 1570 beati
1950 1523 2092 1568 homi-

700 1598 765 1643 nis
796 1597 958 1643 semine
982 1598 1085 1656 nati,
1119 1595 1235 1660 quafi
1271 1596 1532 1642 hereditario
1558 1598 1665 1653 iure,
1697 1595 1846 1641 fideles
1877 1593 2093 1654 fidelibus,

702 1668 941 1715 secundum
983 1687 1137 1715 eorum
1180 1669 1381 1731 prosapie
1423 1668 1587 1727 seriem,
1636 1666 1820 1713 fideliter
1859 1667 1993 1729 usque
2036 1664 2093 1712 acl

704 1742 905 1803 quintam
929 1738 1309 1787 commendabant
1333 1740 1679 1803 generationem.
1709 1738 1793 1785 Sed
1818 1739 1916 1802 post
1943 1739 2095 1800 quinte

703 1813 997 1877 generationis
1013 1828 1230 1876 tempora,
1251 1829 1471 1857 annorum
1492 1811 1634 1856 multis
1652 1809 1940 1873 proceffibus2
1965 1810 2094 1855 trans-

705 1885 824 1942 acstis,
851 1883 1043 1930 eiusdem
1070 1884 1351 1948 cognationis
1379 1880 1679 1929 deficientibus
1704 1880 1970 1928 hereditariis
1988 1881 2094 1927 fide-

703 1954 829 2015 libus,
861 1957 1028 2002 sacrum
1059 1955 1241 2001 linteum
1273 1956 1317 2000 in
1355 1972 1508 2000 manus
1541 1953 1821 2017 quorundam
1851 1952 2094 2000 infidelium

706 2026 882 2073 devenit
908 2026 1155 2085 Iudeorum,
1183 2027 1322 2089 qui&
1345 2025 1434 2089 ipsi,
1459 2023 1590 2072 licet-f
1607 2024 1781 2088 indigni
1801 2025 1874 2070 tali
1898 2042 2092 2084 munere,

707 2115 856 2144 tamen
888 2098 994 2144 illud
1025 2097 1268 2143 honorifice
1304 2097 1507 2160 amplexi,
1552 2096 1701 2144 divina
1736 2096 1934 2143 donante
1966 2097 2093 2161 largi-

707 2170 843 2229 tione,
868 2170 998 2216 nimis
1023 2168 1195 2216 diverfis
1218 2168 1375 2232 opibus
1393 2169 1652 2232 locupletes,
1677 2167 1831 2215 divites
1856 2169 1960 2214 facli
1984 2169 2092 2216 sunt.

709 2240 826 2287 Iudei
844 2259 948 2287 vero
974 2241 1220 2299 credentes,
1253 2257 1348 2286 orta
1365 2241 1408 2287 in
1424 2240 1593 2304 populo
1616 2239 1670 2285 cle
1699 2239 1871 2285 sudario
1911 2240 2097 2286 Domini

709 2329 825 2358 certa
844 2314 1107 2372 narratione,
1133 2328 1343 2375 ceperunt
1362 2329 1463 2357 cum
1484 2309 1731 2357 infidelibus
1746 2310 1883 2357 Iudeis
1903 2311 1959 2357 de
1973 2312 2094 2358 sacro

708 2384 782 2430 illo
820 2384 1073 2431 linteamine
1113 2385 1282 2430 fortiter
1322 2382 1605 2443 contendere,
1648 2384 1749 2428 totis
1791 2381 1950 2430 viribus
1988 2382 2095 2429 illud

709 2471 966 2519 appetentes
996 2457 1041 2502 in
1076 2473 1231 2501 manus
1262 2456 1479 2518 accipere:
1514 2472 1598 2517 que
1628 2452 1806 2501 subnixa
1840 2456 2097 2502 contentiog

759 2590 787 2611 a.
807 2579 845 2610 G.
865 2577 947 2611 alter
967 2578 1120 2611 vestrum.
1151 2597 1181 2601 -
1201 2578 1288 2615 b.L.;
1316 2577 1360 2609 al.
1558 2578 1682 2610 seriem.
1716 2597 1758 2602 —-
1791 2590 1817 2611 e.
1846 2578 1880 2610 L.
1911 2577 2095 2611 recessibus

711 2632 960 2665 commendare.
976 2652 1019 2656 -—
1034 2632 1177 2673 c.L.‚B.,
1193 2630 1360 2675 G.,Gre1s
1451 2650 1492 2654 —
1520 2631 1541 2663 f.
1568 2631 1618 2664 Al.
1643 2630 1840 2675 quamlibet,
1864 2630 2025 2675 quolibet.
2052 2649 2095 2655 ——

711 2686 871 2720 cladibus.
903 2706 943 2710 —
978 2686 1009 2718 d⁴
1049 2686 1078 2717 L.
1104 2697 1160 2718 om.
1186 2684 1257 2717 filiis
1450 2696 1481 2728 g.
1503 2684 1536 2716 L.
1557 2684 1614 2716 sub
1633 2684 1722 2716 iuxta
1738 2683 1865 2717 concio.
