2216 3435
477 882 603 969 λ(
633 906 932 962 OSLOQUAM
948 905 1148 959 Leopoldus
1172 906 1215 945 de
1233 905 1367 945 Ranke
1389 905 1432 944 ες»
1461 903 1654 945 Henna-us

591 959 603 998 l
632 973 753 1013 Pertz
775 973 915 1012 ratione
932 973 975 1011 ὅ
996 971 1151 1023 exemplo
1169 970 1286 1024 primi
1304 971 1516 1020 docuerunt,
1527 971 1654 1023 fontes

577 1108 586 1119 ³
633 1102 797 1141 nonnulli
829 1117 965 1154 quoque
998 1101 1079 1141 viri
1111 1101 1214 1151 dotti,
1247 1116 1400 1153 quorum
1434 1101 1470 1139 in
1504 1116 1654 1140 numero

466 1182 495 1200 ἰ
603 1175 605 1180 '
631 1167 793 1207 habendi
832 1167 957 1221 sunt·
992 1165 1111 1219 Sybel,
1159 1165 1439 1218 Hagenmeyer,
1491 1164 1653 1216 Thurot,

285 1188 423 1290 Jaffe,
461 1234 617 1287 Kugler,
652 1233 808 1290 Kosack,
841 1230 1125 1281 Mas-Latrie,
1159 1229 1282 1280 Streit,
1302 1230 1474 1281 Riezler,
1507 1231 1568 1271 W
1566 1231 1653 1284 azliy

281 1300 326 1339 &²
338 1300 472 1349 Riant,
485 1300 710 1354 exstiterunt,
726 1299 788 1350 qui
814 1297 1030 1350 defontibus
1065 1296 1239 1335 bellorum
1256 1296 1464 1353 sacrorum
1490 1298 1537 1336 ab
1559 1312 1653 1336 anno

277 1364 461 1406 MXCV
483 1365 593 1421 usque
627 1365 681 1404 ad
706 1379 844 1403 annum
871 1361 1042 1402 MCCV
1059 1361 1318 1418 susceptorum
1346 1361 1474 1401 critica
1495 1371 1576 1402 arte
1597 1362 1656 1418 ust

282 1429 513 1483 diffiererent.
533 1429 667 1483 Quum
688 1438 808 1468 tamen
825 1426 945 1467 adhuc
965 1428 1134 1479 restaret,
1155 1435 1196 1464 ut
1218 1427 1261 1465 de
1281 1425 1421 1479 ¹Quinti
1441 1427 1524 1466 belli
1538 1427 1655 1484 sacri

269 1495 441 1548 fontibus
461 1495 584 1534 eadem
618 1494 760 1533 ratione
787 1501 975 1546 ageretur,
999 1492 1112 1531 editor
1142 1491 1361 1545 libentzffime
1390 1490 1451 1531 hoc
1475 1494 1652 1545 negotium

278 1559 447 1614 suscepit,
463 1559 677 1616 praesertim
695 1573 804 1612 quum
822 1557 1023 1597 societate
1046 1555 1284 1596 illustrandis
1308 1556 1494 1597 Orientis
1515 1555 1652 1596 Latini

279 1623 569 1673 monumentis,
595 1632 636 1662 ut
653 1622 747 1662 hanc
772 1631 920 1675 operam
930 1621 1094 1678 subiret,
1113 1621 1342 1660 commonitus
1362 1622 1457 1676 effit.

330 1687 566 1742 ¹Quanquam
587 1687 647 1727 hoc
677 1697 781 1741 opere
803 1686 971 1739 Olivery'
990 1685 1196 1739 Scholastici
1214 1684 1390 1725 Historia
1417 1685 1654 1725 Damiatina

278 1753 322 1792 δ’
355 1753 518 1792 nonnulli
546 1753 614 1805 αίῇ
627 1753 755 1807 fontes
775 1752 1012 1806 principdes,
1041 1767 1172 1791 necnon
1204 1750 1388 1801 carmina,
1417 1751 1454 1789 in
1483 1751 1653 1790 volumen

281 1818 390 1857 aliud
402 1817 653 1872 reservanda,
670 1834 694 1857 a
709 1817 806 1856 nobis
823 1816 1017 1855 omittenda
1020 1815 1112 1871 stnt,
1128 1816 1172 1855 {9⁹
1188 1816 1364 1855 minores
1380 1824 1522 1855 tantum
1527 1817 1654 1870 fontes

281 1883 419 1933 edendi,
435 1883 584 1938 summa
607 1891 727 1922 tamen
747 1883 790 1921 vi
809 1891 958 1934 operam
978 1881 1071 1920 dare
1097 1881 1194 1919 nobis
1213 1881 1451 1936 necfffuit,
1464 1891 1505 1920 ut
1518 1896 1652 1921 omnem

268 1948 415 2002 stlvam
449 1963 592 1998 rerum,
628 1947 817 1986 relationes
849 1947 1015 1996 minores,
1047 1945 1246 1999 testimonia
1279 1945 1437 1996 minora,
1477 1947 1653 2000 epistolas,

283 2012 414 2063 bullas,
431 2012 582 2052 chartas
600 2013 644 2052 &⁹
664 2012 876 2052 documenta
892 2011 1010 2051 varia
1026 2025 1297 2064 congereremus
1313 2011 1356 2050 ἅθ’
1372 2011 1652 2067 disponeremus,

280 2094 298 2117 e
320 2078 449 2130 quibus
475 2077 536 2116 hoc
573 2086 661 2116 tomo
688 2079 725 2116 in
753 2077 866 2117 lucem
888 2077 1074 2130 prodeunt
1083 2077 1289 2133 scriptores
1314 2077 1464 2130 quidam
1484 2078 1652 2126 minores,

280 2143 482 2182 maximam
497 2152 647 2196 partem
668 2142 789 2182 adhuc
807 2142 941 2182 inediti.

954 2268 965 2312 1

378 2392 629 2427 ORDINACIO
649 2392 711 2425 DE
730 2391 1060 2427 PREDICACIONE
1076 2392 1106 2424 S.
1128 2392 1181 2425 CR
1191 2392 1284 2425 UCIS
1299 2390 1353 2425 IN
1370 2390 1553 2424 ANGLIA.

335 2481 509 2523 Primum
546 2485 661 2537 igitur
682 2485 915 2542 scriptorum
948 2485 1129 2524 minorum
1158 2483 1273 2523 locum
1309 2483 1440 2522 obtinet
1470 2488 1652 2522 tractatus

285 2551 447 2602 quidam,
475 2553 536 2605 qui
558 2553 804 2608 inscribitur:
825 2553 1052 2595 Ordinacio
1074 2553 1123 2591 de
1145 2551 1429 2605 predicacione
1446 2550 1482 2590 S.
1504 2550 1650 2591 Crucis

283 2615 322 2656 in
340 2615 490 2670 Anglia
510 2617 553 2656 δ’
572 2617 608 2656 in
629 2618 805 2657 codicibus
826 2617 1086 2671 Oxonienfihus
1105 2618 1222 2672 eafstat
1239 2617 1387 2657 duobus.

339 2681 557 2735 Perpaucas
577 2683 752 2722 orationes
780 2683 909 2722 Crucis
930 2683 1235 2736 praedicatorum,
1255 2697 1411 2735 quorum
1436 2682 1473 2721 in
1500 2693 1650 2720 numero

279 2760 455 2786 vocamus
474 2763 545 2798 eas,
567 2764 648 2801 quae
675 2749 722 2788 ab
750 2748 906 2788 Urbano
930 2748 975 2787 I]
985 2758 1105 2803 papa,
1130 2747 1286 2804 episcopo
1307 2746 1518 2803 Oportenſs,
1538 2746 1648 2786 Hen-
