2216 3435
554 112 633 139 xxx
1086 106 1383 141 PRAEFATIO.

604 247 655 287 A.
690 258 801 301 1747,
829 248 866 287 in
897 247 1203 301 Antiquitatum
1237 247 1438 289 sacrarum
1470 250 1653 291 thesauro
1682 251 1740 291 Bl.
1770 251 1931 306 Ugolini,

550 323 573 352 t.
595 312 691 364 VII,
705 313 767 353 col.
790 324 1027 366 1207-1224.
1044 313 1220 353 Editionis
1235 329 1317 366 quae
1321 316 1452 372 supra
1466 315 1672 356 immediate
1693 317 1929 373 reimpreffio,

604 393 646 434 A.
672 395 784 448 1849,
795 396 832 435 in
850 395 989 448 Migne
1010 394 1252 448 patrologiae
1274 395 1407 436 latinae
1419 397 1548 447 cursu,
1561 407 1584 438 t.
1602 397 1790 449 LXXII,
1804 415 1832 439 c.
1851 400 1928 453 898

550 460 594 499 {5⁷
603 460 698 518 seq„
719 462 755 499 in
778 476 851 514 qua
870 461 1186 515 Bollandssarum
1211 461 1394 501 editionem
1419 463 1680 517 reimprcffam
1704 465 1876 518 reperies.

602 541 645 581 A.
679 542 790 595 1863,
820 542 945 582 Sanni
967 541 1087 593 Galli,
1111 556 1191 581 cum
1211 542 1300 582 notis
1320 543 1444 584 variis
1464 559 1508 583 ac
1532 544 1750 595 leetiombus,
1783 552 1932 587 auditore

554 604 598 645 T.
624 604 771 646 Tobler.

1191 766 1283 812 VIII

714 901 986 943 ARCULFUS,
1014 902 1241 936 RELATIO
1265 904 1337 937 DE
1362 904 1510 939 LOCIS
1532 905 1764 941 SANCTIS.

600 1019 702 1059 Sexto
717 1019 866 1074 saeculo,
900 1020 1055 1072 triginta
1085 1020 1231 1061 circiter
1258 1022 1364 1062 annis
1388 1024 1468 1078 post
1497 1023 1706 1081 Ierusalem
1735 1025 1783 1064 ab
1808 1024 1929 1065 Omer

547 1083 844 1124 Ibn-el-Chatdb
875 1093 1139 1138 expugnatam,
1167 1101 1262 1125 anno
1295 1087 1385 1141 670,
1412 1088 1750 1141 peregrinationem
1777 1090 1926 1129 inveni-

545 1164 625 1189 mus
639 1150 959 1204 praecipuostudio
989 1151 1153 1204 dignam,
1187 1168 1267 1191 eam
1296 1154 1372 1193 dico
1401 1169 1513 1206 quam
1542 1154 1704 1210 suscepit
1736 1150 1930 1209 Arculfus,

550 1213 719 1254 Gallicus
739 1214 933 1270 episcopus,
962 1231 1065 1268 quem
1087 1217 1288 1256 voluerunt
1312 1219 1429 1272 aliqui
1451 1219 1790 1276 Petragoricensem
1812 1219 1930 1274 antis-

545 1279 642 1319 titem
650 1279 788 1335 fuzſje.
806 1289 817 1309 1
844 1279 931 1333 ⁸Qui
944 1280 1035 1320 enim
1052 1296 1120 1320 non
1142 1282 1256 1338 cursu
1272 1284 1405 1336 rapido
1424 1284 1661 1338 l’alcestinam
1672 1283 1930 1339 perlzssrarit,

543 1345 614 1384 imo
635 1354 757 1385 autem
771 1345 809 1385 in
825 1346 1045 1403 quibusdam
1059 1347 1144 1387 locis
1158 1348 1221 1387 diu
1236 1349 1428 1406 manserit,
1445 1351 1489 1389 {5⁷
1499 1349 1653 1402 exempli
1660 1349 1809 1402 gratia,
1825 1348 1930 1388 Iero—

539 1410 689 1466 solymae
723 1426 852 1451 novem
889 1411 1081 1466 menstbus.
1115 1413 1337 1467 Quinetiam
1366 1415 1434 1470 ipfi
1461 1415 1617 1468 contigit,
1649 1423 1690 1454 ut
1714 1430 1738 1455 a
1772 1415 1929 1467 quodam

542 1475 734 1527 heremita,
756 1478 895 1517 nomine
914 1477 1037 1529 Petro,
1058 1479 1122 1530 qui
1141 1480 1282 1532 quidem
1300 1495 1316 1518 e
1334 1480 1561 1533 Burgundia
1582 1480 1773 1531 oriundus,
1793 1480 1930 1520 diutius

542 1542 579 1581 in
601 1540 729 1581 Terra
745 1543 882 1583 Sancta
897 1544 1064 1595 vixerat,
1081 1545 1280 1584 duceretur
1298 1545 1373 1593 (lib.
1392 1545 1450 1596 II,
1472 1561 1501 1586 c.
1518 1545 1865 1593 XXIV-XXV).
1883 1546 1935 1586 Id

543 1616 664 1648 autem
684 1607 804 1648 minus
818 1608 1012 1665 prospere,
1033 1611 1131 1662 quod
1148 1626 1190 1650 ea
1207 1625 1290 1663 quae
1310 1611 1409 1651 vidit
1433 1612 1477 1651 Εἴ
1498 1620 1667 1665 expertus
1687 1612 1746 1666 cst,
1765 1611 1840 1669 ipse
1860 1628 1930 1652 non

531 1672 701 1730 scripfit.
722 1673 831 1712 Dum
860 1674 953 1713 enim
972 1675 1009 1714 in
1024 1676 1198 1728 patriam
1218 1677 1361 1717 rediens
1381 1667 1598 1731 navzffaret,
1620 1694 1644 1718 a
1660 1680 1864 1732 tempestate
1881 1679 1936 1718 ad

540 1739 703 1797 insulam
726 1739 869 1791 Ionam,
899 1739 1007 1780 haud
1023 1741 1123 1794 longe
1144 1756 1169 1781 a
1189 1740 1319 1781 Scotico
1339 1742 1458 1782 littore
1466 1742 1597 1797 sttam,
1624 1742 1755 1800 pulsus
1780 1744 1842 1797 est,
1869 1743 1932 1783 ubi

541 1806 588 1845 ab
605 1806 738 1845 abbate
759 1804 905 1861 Hienst,
928 1804 1162 1857 Adamnano,
1172 1805 1382 1862 susceptus,
1401 1807 1470 1862 ipsi
1489 1807 1671 1865 sanatam
1698 1809 1793 1849 hanc
1822 1819 1930 1863 pere-

538 1871 782 1924 grinationem
797 1871 998 1922 narravit,
1015 1881 1056 1911 ut
1062 1872 1219 1929 scriptis
1234 1874 1498 1925 mandaretur,
1519 1884 1626 1928 atque
1645 1875 1802 1932 insuper
1821 1874 1931 1915 cereis

529 1935 614 1991 suis
639 1936 782 1975 tabellis
804 1935 999 1989 SepulcrI,
1032 1936 1179 1977 Zionis
1208 1937 1252 1976 ξδ’
1283 1937 1540 1980 Ascenfionis
1567 1939 1813 1995 ecclefiarum,
1830 1938 1933 1995 ficut

539 2002 628 2041 aedis
643 2002 764 2059 super
785 2001 923 2041 Iacobi
947 2001 1110 2042 Sichem
1130 2003 1340 2057 aedificatae,
1376 2004 1535 2044 lineares
1559 2005 1730 2058 pleturas
1758 2005 1927 2044 tradidit.

539 2066 736 2121 Quamvis
761 2067 866 2107 haud
881 2069 1034 2108 dubium
1051 2067 1099 2121 sit
1117 2070 1286 2108 abbatem
1307 2068 1585 2121 Adamnanum,
1618 2071 1720 2111 cuius
1742 2070 1932 2127 scribendi

541 2133 637 2171 ratio
636 2132 737 2188 sane
748 2133 858 2172 laude
869 2133 983 2186 digna
1001 2134 1056 2184 est,
1072 2134 1204 2173 audita
1216 2134 1283 2173 vel
1291 2134 1434 2175 dietata
1436 2134 1602 2190 fideliter
1615 2135 1928 2193 transcrzpstffl,2

541 2205 703 2236 attamen
728 2196 765 2235 in
795 2197 868 2237 eius
890 2197 1098 2252 expositione
1127 2199 1346 2252 tautologias
1370 2209 1514 2253 parum
1541 2201 1685 2253 quidem
1714 2202 1929 2244 laudandas

539 2262 707 2316 reperies.
736 2261 776 2303 V
772 2262 1004 2318 erifimillime
1025 2272 1147 2303 autem
1177 2266 1227 2317 est
1240 2265 1422 2319 principio
1453 2265 1670 2306 Adamnani
1685 2267 1928 2325 scripturam

590 2377 602 2398 1
617 2367 774 2401 Vicomte
792 2368 911 2402 Alexis
930 2369 971 2402 de
989 2370 1185 2415 Gourgues,
1271 2371 1463 2415 Anglorum,
1480 2372 1498 2405 I.
1519 2376 1557 2415 V,
1572 2385 1605 2406 c.
1634 2385 1669 2416 15
1695 2373 1848 2419 (MIgne‚
1866 2376 1929 2408 Pa-

540 2422 582 2454 Le
600 2421 834 2455 Saint-Suaire.
854 2422 1057 2467 szrigueux,
1085 2427 1186 2466 1868,
1273 2425 1344 2458 trol.
1364 2425 1436 2467 lat,
1459 2427 1567 2468 XCV,
1582 2438 1611 2460 c.
1634 2427 1732 2471 254).
1755 2428 1807 2461 Cf.
1827 2429 1927 2461 etiam

539 2486 568 2519 p.
595 2478 647 2508 16.
1271 2479 1502 2524 Anonymum
1545 2480 1772 2514 MeIIiCensem
1814 2482 1928 2526 (Ibid.‚

580 2528 748 2562 2Librum
758 2528 850 2562 suum
859 2529 1093 2576 Alfrido,regi
1102 2532 1189 2565 Nor·
1275 2533 1438 2573 CCXIII,
1454 2544 1484 2566 c.
1504 2533 1602 2577 969),
1616 2533 1671 2579 qui
1699 2535 1804 2570 Bedae
1823 2536 1927 2569 verba

541 2581 995 2627 thumbrorum,obtuIitipse
1010 2584 1191 2618 Adamna-
1274 2585 1406 2633 repetit.

540 2647 612 2669 nus.
634 2635 687 2670 Cf.
709 2635 812 2671 Bedae
827 2636 942 2682 Histor.
956 2637 1190 2683 ecclefiasticam
