2216 3435
416 2684 518 2713 Turris
537 2685 627 2713 Ader.

704 138 764 189 34
1200 140 1590 175 PEREGRINATIO

688 288 880 346 princeps
901 289 940 329 in
968 287 1107 346 Israel,
1135 287 1174 331 Er·
1200 289 1374 348 egreffus
1401 292 1486 332 eius
1511 291 1558 332 ab
1587 292 1716 347 initio,
1754 309 1776 334 a
1808 291 1946 334 diebus
1977 308 2075 335 eter-

694 360 850 401 nitatis.
893 361 1109 418 Propterea
1132 361 1242 404 dabis
1260 378 1326 404 eos
1344 362 1463 419 usque
1489 362 1541 404 ad
1565 378 1714 421 tenipus
1724 366 1938 422 parientis.
1993 366 2076 406 Pa-

693 433 782 486 riet,
804 430 843 474 5³
862 431 1031 489 reliquie
1047 433 1228 490 fratrum
1256 436 1341 476 eius
1365 448 1637 477 convertentur
1661 434 1713 476 ad
1724 434 1846 491 filios
1864 435 1999 494 lsrael.
2032 436 2074 478 In

695 517 734 546 te
755 502 871 547 enim
890 518 1014 547 natus
1035 501 1092 546 est
1112 503 1331 565 priiicep5‚
1352 504 1425 565 qui
1444 520 1545 549 ante
1565 503 1795 548 luciferum
1810 505 1979 567 genitus
1994 505 2073 549 est:

693 574 811 618 cuius
837 572 892 619 de
919 590 1038 635 patre
1063 575 1262 619 nativitas
1289 592 1471 620 omnem
1496 574 1664 621 excedit
1682 592 1856 621 etatem.
1902 575 1946 621 Et
1965 592 2073 621 tam-

692 644 764 689 diu
790 646 833 690 in
860 661 900 690 te
925 643 1111 690 davidici
1133 646 1303 707 generis
1336 647 1464 710 origo
1499 645 1747 710 permanfit‚
1780 645 1923 692 donec
1947 648 2073 710 virgo

689 731 871 779 pareret,
899 717 944 760 ὃς
968 715 1147 776 reliquie
1166 715 1321 778 populi
1348 715 1562 763 credentis
1582 718 1626 762 in
1647 717 1867 762 Christum
1892 734 2073 764 convet-

690 804 878 834 tetentur
897 785 953 832 ad
975 785 1086 830 filios
1110 787 1230 832 lsrael
1248 789 1293 832 ὅ(
1317 787 1448 834 libere
1466 788 1765 852 predicarent:
1810 792 1932 835 Vobis
1956 807 2072 850 opor-

687 863 790 905 tebat
806 862 981 920 primum
1007 859 1119 917 loqui
1138 862 1291 904 verbum
1317 863 1414 917 Dei,
1426 862 1507 921 sed
1524 864 1705 920 quoniam
1725 861 1926 921 repulistis
1950 861 2070 918 illud,

686 934 725 976 δ’
758 933 949 992 indignos
978 947 1047 974 vos
1077 931 1282 989 iudicastis
1316 948 1446 975 eterne
1480 935 1574 988 vite,
1601 950 1687 976 ecce
1725 935 1987 976 convertimur
2022 933 2075 975 ad

683 1021 834 1064 gentes.
894 1003 1071 1047 Dixerat
1101 1003 1219 1048 enim
1247 1004 1392 1048 Deus:
1430 1006 1552 1064 Qon
1578 1006 1666 1048 veni
1689 1006 1759 1065 nifi
1786 1005 1839 1047 ad
1865 1020 1956 1047 oves
1971 1021 2070 1064 per-

684 1078 788 1120 ditas
815 1077 955 1119 domus
979 1076 1118 1135 Israel.
1175 1074 1221 1119 Et
1246 1092 1300 1120 eo
1328 1091 1526 1137 tempore
1553 1072 1682 1120 lacob
1708 1074 1834 1137 super
1858 1090 1912 1119 eo
1938 1071 2069 1120 verba

684 1147 905 1210 completa
930 1148 1048 1194 sunt:
1085 1152 1208 1209 Qon
1240 1151 1397 1207 deficiet
1423 1151 1615 1209 princeps
1639 1166 1684 1191 ex
1715 1148 1815 1191 Iuda
1847 1145 1886 1190 ἃ
1917 1147 1994 1190 dux
2024 1147 2070 1189 de

671 1222 901 1277 femoribus
936 1224 1035 1277 eius,
1075 1223 1197 1265 donec
1230 1224 1362 1265 veniat
1394 1224 1457 1264 cui
1481 1225 1688 1282 repofitum
1717 1222 1782 1277 est,
1812 1217 1852 1261 ὃ
1884 1219 1970 1278 ipse
1993 1221 2070 1262 erit

680 1293 918 1353 euspec‘iatio
947 1296 1141 1353 gentium.
1198 1293 1312 1338 Bene
1339 1290 1486 1338 David
1510 1289 1692 1348 iurabat,
1742 1288 1853 1335 bene
1877 1305 1982 1335 vota
2007 1288 2068 1334 fa-

678 1362 821 1409 ciebat
847 1362 1022 1410 dicens:
1059 1366 1107 1408 Si
1134 1368 1325 1410 introiero
1360 1369 1399 1409 in
1421 1364 1719 1409 tabernaculum
1750 1363 1890 1406 domus
1920 1380 2016 1419 mee,
2028 1368 2067 1423 fi

679 1438 888 1496 ascendero
915 1440 953 1481 in
982 1437 1123 1481 leffium
1137 1441 1259 1497 strati
1286 1441 1375 1494 mei,
1394 1442 1433 1499 fi
1457 1439 1601 1482 dedero
1613 1439 1801 1497 somnum
1820 1436 1949 1480 oculis
1967 1437 2066 1479 meis

678 1507 717 1550 ὃ·
733 1509 946 1569 palpebris
968 1512 1066 1552 meis
1085 1510 1405 1552 dormitationem
1428 1509 1467 1553 ὃ·
1491 1512 1662 1569 requiem
1685 1509 1929 1569 temporibus
1951 1511 2062 1563 meis,

677 1580 797 1623 donec
821 1583 1016 1624 inveniam
1035 1580 1162 1624 locum
1185 1584 1380 1639 Domino,
1406 1582 1700 1626 tabernaculum
1723 1583 1902 1624 ‘Domino
1928 1581 2060 1624 Iacob.

676 1647 720 1692 Et
744 1649 886 1695 statim
907 1651 1012 1714 quid
1033 1650 1303 1711 desideraret,
1323 1653 1534 1716 exposuit,
1555 1669 1685 1715 atque
1712 1651 1849 1697 oculis
1873 1649 2062 1713 prophe-

675 1719 844 1782 talibus,
870 1740 1002 1785 quem
1030 1741 1123 1770 non
1155 1723 1316 1771 veniffe
1349 1726 1438 1770 iam
1471 1724 1702 1782 credimus,
1728 1723 1799 1769 ille
1828 1738 2062 1768 venturum

675 1790 760 1838 effe
784 1792 998 1841 Cernebat.
1051 1799 1150 1841 Ecce
1175 1800 1403 1842 audivimus
1421 1798 1536 1842 illum
1557 1801 1596 1841 in
1615 1801 1805 1858 Ephrata,
1839 1798 2061 1840 invenimus

674 1884 758 1910 eum
777 1869 815 1910 in
837 1869 1111 1930 campisfilve.
1150 1873 1215 1913 Zo
1238 1869 1403 1931 quippe
1425 1869 1565 1914 sermo
1585 1867 1827 1926 hebraicus,
1848 1883 1893 1911 ut
1911 1882 1953 1912 te
1975 1865 2057 1911 do-

674 1954 799 1983 cente
817 1937 963 1998 didici,
984 1956 1074 1986 non
1096 1940 1293 2000 Mariam,
1308 1958 1494 1987 matrem
1513 1941 1711 1999 Domini,
1731 1939 1817 1984 hoc
1836 1938 1894 1984 est
1912 1931 2056 1997 αότῆν,

673 2008 745 2054 sed
770 2011 925 2073 ipsum,
950 2010 994 2056 id
1031 2012 1089 2056 est
1115 2010 1255 2068 αὑτὸν,
1286 2010 1511 2075 fignificat.
1569 2010 1699 2058 Unde
1728 2010 1922 2072 loquitur
1946 2026 2057 2055 con-

671 2079 875 2128 fidenter:
901 2085 1157 2127 Introibimus
1189 2087 1228 2127 in
1265 2085 1560 2129 tabernaculum
1595 2088 1695 2140 eius,
1729 2083 1984 2127 adorabimus
2017 2085 2056 2125 in

671 2154 774 2211 loco,
801 2156 866 2198 ubi
877 2158 1072 2213 steterunt
1089 2156 1216 2216 pedes
1245 2158 1345 2199 eius.
1384 2155 1430 2200 Et
1455 2172 1540 2218 ego
1566 2155 1720 2199 misera
1745 2170 1876 2215 atque
1900 2168 2058 2214 pecca-

671 2226 764 2285 trix,
790 2224 925 2290 digna
949 2225 1043 2270 sum
1067 2224 1258 2271 iudicata
1282 2224 1523 2272 deosculari
1549 2225 1743 2289 presepe,
1774 2225 1818 2270 in
1846 2240 1936 2286 quo
1962 2224 2056 2269 Do-

670 2298 812 2344 minus
830 2297 1034 2360 parvulus
1056 2298 1204 2360 vagiit,
1238 2314 1362 2343 orare
1383 2298 1437 2357 lin
1473 2297 1694 2360 spelunca,
1724 2298 1769 2341 in
1809 2313 1897 2358 qua
1927 2296 2054 2359 virgo

669 2386 881 2432 puerpera
905 2370 1153 2414 Dominum
1183 2367 1295 2414 fudit
1318 2369 1528 2415 infantem
1548 2372 1563 2414 ἓ
1623 2370 1720 2414 Hec
1746 2369 1917 2430 requies
1941 2384 2054 2425 mea,

671 2443 772 2502 quia
796 2441 981 2486 Domini
1005 2441 1091 2486 mei
1115 2440 1252 2503 patria
1276 2440 1360 2500 est3
1395 2440 1465 2486 hic
1488 2438 1714 2500 habitabo,
1737 2440 1951 2502 quoniam
1974 2438 2052 2483 sal-

669 2529 794 2560 vator
812 2512 944 2576 elegit
967 2529 1077 2557 eam.
1136 2515 1290 2557 Paravi
1317 2513 1514 2557 lucernam
1549 2515 1705 2572 Christo
1739 2531 1837 2557 meo.
1896 2513 2052 2556 04nima

668 2603 753 2629 mea
783 2585 851 2628 illi
879 2588 998 2641 vivet,
1027 2585 1219 2646 &semen
1242 2602 1366 2628 meum
1381 2586 1538 2644 serviet
1561 2588 1645 2647 ipfi.

735 2656 801 2701 IX.
822 2654 954 2700 Haud
971 2655 1127 2718 procul
1144 2653 1246 2701 inde
1269 2654 1493 2720 descendit
1511 2654 1567 2700 ad
1591 2659 1731 2700 turrim
1751 2657 1885 2713 cAder‚
1908 2652 1953 2698 id
1973 2652 2046 2711 est,

667 2727 826 2790 gregis,
853 2727 969 2772 iuxta
994 2743 1129 2788 quam
1154 2725 1282 2772 iacob
1308 2727 1426 2789 pavit
1450 2743 1603 2790 greges
1629 2726 1742 2784 suos,
1779 2727 1823 2771 ὃς
1852 2725 2045 2788 pastores
