2216 3435
426 503 528 533 Bosor.

364 574 620 611 RiimothGoIan

413 650 546 680 Hebron.

361 1944 496 1975 Sarthan.

362 2168 497 2207 Galgala.

644 117 705 163 80
1177 128 1491 162 THEODoans

644 274 838 321 tribubus
880 274 1170 340 quadraginta
1213 279 1317 321 ocio
1349 277 1542 322 civitates
1582 274 1639 322 ad
1678 275 2028 334 inhabitandum,

642 346 857 410 affignans
889 365 913 393 a
938 349 1070 393 muris
1096 348 1332 393 forinsecus
1362 365 1439 410 per
1467 348 1694 393 circuitum
1722 364 1880 394 terram
1912 348 2030 394 mille

642 418 845 482 passuum
875 419 931 466 ad
958 420 1126 483 pascua.
1164 421 1217 465 Ex
1250 419 1313 464 his
1340 436 1487 465 autem
1512 419 1755 466 civitatibus
1799 421 1868 466 sex
1909 436 2031 466 erant

643 492 812 556 refugij,
839 508 920 538 tres
945 494 1049 537 citra
1075 491 1305 537 Iordanem
1324 493 1369 536 ὃ(
1389 508 1471 536 tres
1501 492 1611 537 ultra
1632 491 1878 552 Iordanem,
1898 495 2031 554 ‘Bosor

641 564 685 609 in
711 562 821 609 tribu
844 562 1010 621 Ruben,
1037 567 1213 626 ‘Ramotlz
1240 565 1283 608 in
1322 562 1434 609 tribu
1474 562 1592 622 Gad,
1633 566 1765 610 Golcm
1801 565 1845 609 in
1880 564 2030 622 Basan,

642 636 686 681 in
720 634 829 682 tribu
866 634 1069 681 Manasse.
1121 635 1242 682 Ultra
1279 634 1510 681 Iordanem
1542 635 1600 680 est
1637 638 1798 681 Hebron
1837 636 1883 680 in
1919 633 2029 680 tribu

644 706 760 765 Iuda,
786 708 933 753 civitas
957 705 1234 753 sacerdotalis
1259 708 1304 752 ὃς
1330 707 1628 771 fugitivorum.

706 777 892 824 Addidit
917 795 1096 841 quoque
1121 779 1341 825 Dominus
1367 795 1474 825 terre
1509 778 1813 838 Promiffionis,
1853 778 2001 826 dicens
2022 803 2031 827 ε

642 850 804 896 Omnis
824 850 962 908 locus,
990 868 1123 913 quem
1150 851 1379 898 calcaverit
1402 868 1479 914 pes
1510 851 1586 911 Ur,
1610 851 1770 897 vestera
1793 851 1871 896 erit
1901 869 1927 897 a
1957 851 2031 898 de-

642 923 768 981 serto,
795 921 917 985 quod
941 923 1000 969 est
1023 925 1069 968 in
1094 922 1290 984 meridie,
1318 925 1363 969 ὃς
1395 922 1577 982 Libano,
1602 923 1677 985 qui
1710 922 1769 967 est
1799 923 1844 968 in
1866 923 2032 986 septen-

642 996 797 1055 trione,
811 997 856 1040 &
867 993 1048 1041 flumine
1062 1013 1229 1060 magno
1244 995 1468 1059 Euphrate,
1484 996 1560 1057 qui
1573 995 1631 1040 est
1643 995 1688 1040 in
1703 995 1883 1055 oriente,
1898 996 2032 1059 usque

641 1065 698 1112 ad
724 1084 841 1113 mare
867 1065 1249 1127 Mediterraneum,
1285 1066 1408 1130 quod
1433 1065 1710 1127 Tyrrhenum
1745 1065 1942 1112 dicimus.
1987 1070 2032 1113 In

641 1137 729 1183 hoc
752 1138 902 1185 medio
928 1139 1196 1199 habitabant,
1224 1141 1297 1203 qui
1323 1138 1377 1185 ab
1408 1138 1529 1184 Israel
1559 1136 1718 1201 expulsi
1752 1138 1863 1198 sunt,
1899 1141 2032 1186 Cana-

641 1229 750 1268 neus,
790 1217 1058 1272 &imon-heus,
1099 1215 1334 1275 Plzereseus,
1372 1213 1567 1273 lebuseus,
1611 1213 1785 1268 Heveus,
1833 1213 2027 1258 Herlzeus.

643 1284 687 1327 In
713 1283 1069 1330 Deuteronomio
1095 1283 1269 1330 additur
1294 1286 1534 1346 Gergeseus,
1575 1281 1647 1328 ubi
1672 1283 1716 1327 in
1751 1282 2033 1344 promiffione

643 1353 821 1401 Abrahe
844 1356 959 1402 fac‘ta
983 1355 1139 1402 decem
1166 1373 1319 1420 gentes
1345 1354 1531 1401 delende
1551 1353 1767 1413 dicuntur,
1787 1355 1832 1399 ὃς
1852 1370 1956 1400 tunc
1974 1353 2035 1400 ibi

642 1443 788 1473 revera
818 1444 951 1474 erant.
990 1429 1111 1474 Cum
1132 1445 1236 1475 vero
1274 1428 1376 1474 illuc
1411 1443 1623 1474 venerunt
1662 1425 1735 1484 filij
1774 1425 1909 1485 Israel,
1944 1425 2034 1470 iam

643 1513 725 1544 tres
759 1515 880 1546 erant
905 1499 1045 1546 delete
1064 1523 1076 1560 3
1102 1499 1175 1558 filij
1215 1500 1334 1545 enim
1369 1497 1505 1544 Lothb
1529 1497 1782 1544 deleverunt
1816 1497 2034 1561 gigantes,

643 1568 718 1629 filij
744 1569 843 1616 Esau
880 1571 1092 1632 Horreos,
1124 1570 1423 1635 Cappadoces
1461 1569 1713 1617 deleverunt
1744 1586 1915 1633 partem
1946 1569 2035 1614 He-

645 1659 840 1688 veorum.

705 1713 902 1761 Decursis
922 1713 1218 1761 mansionibus
1243 1716 1496 1761 memoratis
1532 1714 1607 1761 sub
1644 1714 1777 1774 Iosue,
1816 1713 1938 1760 Israel
1978 1711 2033 1759 ad

647 1786 880 1834 Iordanem
905 1789 1116 1850 pervenit,
1143 1805 1332 1850 arcaque
1353 1786 1479 1834 undis
1493 1786 1682 1833 immissa
1701 1787 1906 1833 steterunt
1924 1802 2037 1848 aque

641 1857 969 1919 descendentes,
995 1859 1051 1906 ad
1075 1860 1204 1907 instar
1229 1861 1394 1906 montis
1430 1860 1782 1918 intumescentes,
1817 1861 1863 1904 ὃς
1898 1875 2033 1921 appa-

640 1929 794 1977 rebant
837 1931 991 1995 procul
1033 1932 1167 1995 usque
1213 1932 1270 1978 ad
1311 1933 1476 1992 Iocum,
1524 1933 1597 1994 qui
1646 1931 1802 1977 dicitur
1842 1933 2034 1987 sarthan,

641 2002 918 2050 inferioribus
960 2005 1083 2066 aquis
1123 2006 1168 2051 in
1217 2022 1338 2050 mare
1388 2004 1614 2049 Mortuum
1656 1999 2034 2049 descendentibus.

641 2074 895 2122 Sacerdotes
910 2093 1014 2123 vero
1035 2075 1202 2122 stabant
1220 2076 1265 2121 in
1284 2074 1436 2121 medio
1450 2074 1657 2133 fluminis,
1679 2074 1825 2119 donec
1846 2071 2037 2136 populus

643 2164 719 2209 per
742 2164 939 2194 arentem
964 2148 1137 2195 alveum
1164 2145 1387 2206 tranfiffet,
1415 2147 1570 2193 exhinc
1589 2145 1830 2192 ascendens
1855 2143 1912 2190 ad
1934 2146 2037 2190 Gal-

641 2220 755 2280 gala,
782 2218 853 2264 ubi
880 2220 997 2265 Iosue
1023 2220 1154 2266 altare
1180 2219 1417 2266 construxit
1442 2218 1497 2264 de
1525 2218 1764 2264 duodecim
1798 2215 2038 2280 lapidibus,

645 2308 755 2353 quos
780 2309 857 2355 per
881 2290 1120 2339 duodecim
1144 2290 1275 2337 tribus
1301 2291 1455 2337 tulerat
1483 2289 1537 2336 de
1562 2289 1782 2353 Iordane.)

690 2426 719 2447 a.
747 2415 843 2457 Lov.‚
863 2416 970 2449 noster
990 2416 1021 2449 L.
1042 2435 1084 2441 -
1114 2418 1145 2449 b.
1173 2416 1222 2458 L.,
1241 2415 1378 2449 Evilath
1399 2416 1483 2449 Lov.

1260 2570 1283 2596 ῆς
1392 2571 1416 2596 23:

1319 2618 1343 2643 33²3
