2216 3435
648 324 713 358 DE
749 325 887 358 LOCIS
921 324 1140 358 SANCTIS.
1489 330 1579 376 207

206 482 274 516 que
303 469 488 516 parrochia
513 471 557 505 est
588 471 774 506 Ierusalem
801 484 915 518 pauca
940 472 1119 506 scribenda
1146 472 1235 505 sunt.
1256 472 1434 506 Bethleem
1461 471 1581 506 civitas

206 537 278 559 non
309 533 381 559 tam
399 525 461 559 fitu
480 525 633 570 grandiS,
651 525 735 559 ficut
766 526 867 560 nobis
893 526 1068 560 Arculfus
1088 526 1218 568 retulit,
1243 525 1305 571 qui
1323 538 1400 559 eam
1419 526 1582 571 frequen—

207 579 304 622 tavit,
334 579 389 613 sed
416 579 495 613 ideo
516 580 665 624 gloriosa
691 580 774 625 quia
792 580 972 614 Dominus
1001 580 1111 614 noster
1138 593 1179 614 ex
1195 581 1298 613 beata
1317 579 1436 612 Maria
1454 580 1586 624 semper

206 631 342 677 virgine
360 632 405 666 est
439 633 529 666 nasci
555 632 731 677 dignatus.
756 633 813 667 Est
846 645 999 678 namque
1030 633 1064 667 in
1086 634 1186 666 dorso
1213 632 1343 666 montis
1362 632 1431 674 fita,
1455 644 1523 677 que
1542 645 1583 666 ex

209 685 307 718 omni
326 693 422 730 parte
441 685 589 719 vallibus
609 686 849 720 circumdatur
867 687 897 719 δι
918 687 1016 732 super
1046 694 1132 720 terre
1150 687 1290 720 dorsum
1309 687 1353 719 ab
1371 684 1582 719 occidentali

203 738 307 783 plaga
325 738 360 771 in
380 739 583 773 orientalem
599 739 739 785 plagam
760 739 852 785 quasi
871 740 967 773 mille
980 740 1129 785 pastibus
1142 739 1341 785 porrigitur.
1363 739 1435 778 Qui
1450 751 1582 780 murus,

203 790 270 826 fine
301 793 454 826 turribus
481 793 516 826 in
549 793 676 826 montis
710 793 894 838 supercilio
925 793 1138 827 construetus
1168 793 1222 826 est.
1253 794 1292 826 In
1323 792 1483 826 orientali
1501 803 1582 825 vero

204 852 362 880 extremo
396 846 526 891 angulo
557 846 649 891 quafi
669 847 821 892 quedam
844 846 1009 880 naturalis
1040 846 1124 880 inest
1151 846 1326 892 spelunca,
1346 857 1414 890 que
1444 845 1582 890 presepe

202 899 351 933 Domini
370 899 574 933 nominatur
592 899 626 933 in
647 911 718 945 quo
738 899 937 933 Dominum
960 899 1140 933 reclinavit
1165 906 1286 933 mater.
1318 899 1427 932 Alius
1446 910 1527 932 vero
1547 897 1581 930 in

204 951 398 997 supradifito
430 953 511 986 loco
543 953 702 998 proprior
732 953 831 986 locus
860 953 1029 995 habetur,
1058 953 1118 986 ubi
1150 952 1343 986 construfita
1375 951 1419 985 est
1447 951 1583 996 lapidea

202 1005 435 1048 domuncula,
459 1006 519 1040 ubi
539 1005 719 1040 Dominus
752 1014 853 1040 natus
869 1005 932 1039 effe
957 1006 1118 1039 creditur.
1150 1007 1258 1040 Extra
1276 1018 1418 1040 murum
1437 1017 1519 1040 vero
1538 1004 1583 1038 est

202 1057 289 1103 lapis
310 1058 344 1092 in
370 1071 443 1104 quo
462 1059 567 1093 effusa
585 1058 653 1093 fuit
671 1072 760 1105 aqua
780 1059 822 1093 de
843 1059 995 1101 vasculo,
1012 1059 1071 1092 ubi
1088 1059 1249 1093 ablutum
1269 1059 1338 1093 fuit
1355 1060 1489 1093 sacrum
1509 1058 1582 1092 eius

204 1113 475 1158 corpusculum;
511 1126 579 1158 que
608 1113 741 1147 undula
769 1126 809 1147 ex
837 1113 959 1146 eadem
992 1112 1048 1146 die
1075 1113 1182 1158 usque
1209 1113 1252 1146 ad
1279 1111 1391 1146 nostra
1421 1120 1582 1157 tempora

200 1175 263 1210 per
281 1166 412 1199 multos
431 1166 627 1200 seculorum
654 1166 821 1200 circuitus
836 1166 1014 1212 puriffima
1034 1165 1243 1199 monstratur
1263 1166 1407 1211 limpha,
1428 1166 1495 1199 fine
1509 1165 1582 1198 ulla

207 1218 403 1253 defefitione
424 1220 478 1253 vel
496 1219 742 1254 diminutione.
758 1219 962 1264 Sepulcrum
977 1231 1058 1253 vero
1078 1218 1195 1252 David
1214 1219 1303 1264 regis
1323 1226 1419 1252 extra
1437 1231 1578 1252 murum

202 1271 352 1306 civitatis
374 1272 409 1306 in
433 1273 521 1307 valle
545 1273 715 1318 contigua
734 1272 778 1306 est
807 1272 968 1318 politum,
987 1271 1049 1305 ubi
1069 1273 1113 1306 est
1131 1272 1272 1306 ecclesia
1290 1272 1437 1306 fundata
1456 1284 1524 1317 que
1545 1271 1581 1305 in

204 1333 301 1370 parte
327 1325 524 1372 aquilonari
545 1326 744 1360 monticulo
763 1327 924 1366 coheret3
959 1325 1055 1370 quod
1079 1324 1115 1358 in
1143 1332 1241 1370 parte
1262 1325 1406 1359 meridie
1426 1325 1579 1359 eiusdem

204 1378 344 1413 ecclefie
362 1379 564 1425 pavimento
593 1380 659 1414 fine
677 1379 798 1424 aliquo
823 1386 1033 1413 ornamento
1051 1379 1211 1420 habetur,
1229 1378 1473 1424 superpositam
1496 1379 1582 1424 lapi-

201 1432 302 1466 deam
322 1433 453 1467 habens
473 1433 692 1478 piramidem.
712 1433 768 1466 De
796 1432 954 1478 sepulcro
973 1443 1119 1477 quoque
1138 1431 1241 1465 sanffti
1261 1431 1457 1466 Iheronimi
1478 1432 1581 1465 nobis

199 1484 458 1531 inquirentibus
475 1486 669 1532 respondit:
688 1485 895 1531 Sepulcrum
913 1484 1018 1519 saneti
1036 1485 1229 1519 Iheronimi
1245 1486 1287 1519 de
1302 1497 1374 1530 quo
1393 1485 1581 1531 inquiritiS,

201 1550 267 1583 ego
295 1539 365 1585 ipse
393 1540 571 1574 Arculfus
601 1538 777 1585 conspexi,
803 1539 901 1584 quod
919 1538 955 1572 in
975 1538 1043 1572 alia
1063 1539 1211 1573 habetur
1236 1538 1376 1573 ecclelia
1395 1551 1463 1584 que
1485 1546 1581 1572 extra

200 1593 346 1627 eandem
373 1593 549 1628 civitatem
575 1593 611 1626 in
632 1593 720 1627 valle
739 1592 784 1626 est
802 1592 983 1634 fabricata,
1001 1605 1070 1637 que
1089 1592 1123 1625 in
1144 1591 1338 1625 meridiano
1358 1592 1462 1626 latere
1481 1593 1581 1637 supra

201 1647 387 1680 memorati
416 1646 610 1680 monticelli
641 1646 741 1680 dorso
768 1645 813 1679 est
840 1645 908 1679 fita.
935 1647 1177 1679 Monumenta
1205 1657 1286 1679 vero
1310 1645 1417 1679 trium
1436 1645 1579 1679 illorum

198 1698 373 1744 pastorum
404 1699 440 1733 in
469 1699 610 1734 ecclesia
640 1699 859 1744 frequentavi
890 1699 987 1733 iuxta
1004 1706 1135 1732 turrem
1156 1699 1268 1742 Ader,
1291 1711 1380 1744 quos
1398 1699 1433 1732 in
1453 1699 1578 1732 eodem

200 1752 282 1786 loco
302 1753 462 1788 nascente
477 1753 638 1787 Domino
653 1764 761 1798 prope
779 1760 910 1786 turrem
930 1751 1046 1797 gregis
1065 1752 1226 1796 angelice
1246 1752 1341 1786 vocis
1360 1752 1497 1786 claritas
1517 1752 1580 1785 cir-

199 1806 398 1850 cumdedit,
426 1806 487 1841 ubi
514 1807 662 1840 habetur
689 1805 830 1840 ecclesia
854 1805 1019 1839 nobiliter
1047 1805 1204 1839 fundata.
1226 1806 1280 1838 De
1313 1805 1472 1851 sepulcro
1499 1817 1580 1839 vero

201 1858 337 1892 Rachel
366 1859 675 1904 percunctantibus
706 1858 828 1900 nobis,
860 1857 1037 1892 Arculfus
1069 1857 1118 1891 ita
1145 1857 1339 1903 respondit:
1371 1858 1578 1904 Sepulcrum

202 1911 339 1945 Rachel
365 1912 592 1958 pergentibus
612 1911 795 1945 Bethleem
820 1911 979 1956 quinque
1004 1910 1147 1944 milibus
1167 1912 1210 1944 ab
1234 1911 1419 1945 Ierusalem
1439 1911 1474 1945 in
1494 1911 1580 1945 eius-

201 1964 280 1998 dem
299 1964 352 1999 vie
371 1965 590 1999 extremitate
608 1966 651 1998 ab
670 1964 881 1998 occidentali
901 1971 1011 2009 parte,
1030 1964 1099 1997 hoc
1118 1964 1163 1997 est
1181 1964 1216 1997 in
1237 1964 1359 1998 dextro
1378 1964 1484 1999 latere
1504 1976 1579 2010 per-

198 2017 364 2062 gentibus
382 2019 541 2061 Hebron,
568 2018 706 2064 lapidea
731 2017 994 2052 circumdatum
1015 2017 1185 2062 piramide
1204 2017 1249 2051 est
1268 2018 1499 2059 collocatum,
1519 2018 1580 2051 ubi

198 2071 230 2104 &
260 2070 383 2105 titulus
416 2071 570 2105 nominis
595 2071 668 2105 eius
698 2070 803 2104 hodie
834 2069 1054 2112 monstratur,
1079 2083 1185 2116 quem
1206 2071 1315 2105 Iacob
1337 2071 1481 2104 maritus
1506 2070 1580 2104 eius

198 2123 299 2169 super
314 2124 402 2158 illud
415 2124 550 2159 errexit.
568 2125 727 2167 Hebron,
744 2136 813 2169 que
828 2125 859 2157 &
874 2123 1051 2166 Mambre,
1067 2135 1250 2157 murorum
1265 2136 1336 2158 non
1352 2124 1457 2158 habet
1470 2124 1581 2158 ambi-

200 2183 297 2221 tum3
315 2178 538 2212 solummodo
552 2177 652 2211 ruine
667 2177 741 2211 eius
755 2176 1000 2210 monstrantur.
1015 2177 1055 2209 In
1070 2176 1231 2210 orientali
1246 2189 1326 2211 vero
1338 2177 1440 2223 plaga
1456 2189 1580 2212 occur—

198 2230 241 2264 rit
259 2230 318 2264 ille
337 2243 419 2276 ager
438 2231 600 2276 spelunce
614 2229 790 2276 dupplicis
805 2229 987 2275 respiciens
1004 2230 1182 2273 Mambre,
1195 2243 1301 2276 quern
1319 2232 1403 2265 emit
1416 2231 1577 2265 Abraam

200 2284 244 2318 ab
263 2284 410 2330 Ephron
430 2285 545 2318 Etheo
569 2284 605 2318 in
634 2283 884 2330 poffeffionem.
903 2284 944 2317 In
965 2283 1068 2317 huius
1096 2283 1201 2328 agelli
1220 2283 1309 2318 valle
1326 2284 1483 2330 sepulcra
1501 2285 1579 2319 sunt

199 2395 267 2429 quo
293 2383 484 2418 servabatur
510 2383 688 2425 sudarium,
712 2382 848 2416 omnino
934 2383 1148 2427 reposuerunt
1177 2382 1264 2416 circa
1292 2394 1416 2416 annum
1439 2382 1578 2417 Domini

200 2448 266 2471 non
285 2436 406 2481 tetigit.
427 2437 562 2470 Audito
579 2436 655 2478 hoc,
680 2436 780 2481 aliqui
807 2436 848 2470 de
934 2435 1140 2469 millesimum
1177 2435 1390 2469 centesimum
1420 2435 1580 2470 duodeci-

201 2489 369 2533 fratribus,
390 2490 446 2534 qui
466 2490 508 2522 de
526 2501 615 2523 novo
631 2490 848 2523 morabantur
933 2501 1036 2522 mum.
1051 2488 1059 2509 ¹
1080 2488 1228 2523 Clericus
1242 2500 1320 2522 vero
1333 2499 1399 2522 non
1411 2489 1578 2523 inveniens

195 2542 232 2577 in
245 2543 320 2577 loco
330 2542 485 2586 Cadunij,
498 2550 758 2587 properaverunt
772 2542 847 2576 illuc
932 2542 1133 2583 thesaurum,
1164 2540 1307 2586 perrexit
1336 2542 1425 2586 apud
1453 2542 1578 2576 Cadui-

199 2596 231 2629 δι
248 2607 325 2629 cum
344 2594 539 2629 invenissent
557 2594 721 2638 scrinium,
736 2595 768 2629 vi
784 2595 848 2629 fre·
931 2607 1010 2628 num
1026 2595 1038 2616 2
1063 2595 1094 2628 &
1122 2606 1199 2628 cum
1222 2605 1288 2628 non
1315 2594 1422 2639 posset
1444 2607 1580 2640 recupe-

199 2656 331 2693 gerunt,
345 2649 388 2690 &‚
405 2655 543 2692 accepto
556 2648 696 2690 barleto,
713 2648 847 2682 ubierat
932 2660 1014 2690 rare,
1024 2648 1036 2668 ³
1054 2647 1160 2680 induit
1174 2647 1324 2681 habitum
1337 2649 1578 2690 monachalem,

200 2701 416 2735 Dominicum
436 2701 614 2743 sudarium,
626 2701 733 2734 secum
752 2700 846 2735 citius
932 2702 963 2734 δε
977 2700 1137 2745 quamdiu
1147 2700 1239 2742 vixit,
1252 2701 1342 2745 quod
1351 2701 1439 2746 prius
1454 2702 1578 2735 habue-

200 2754 455 2798 asportaverunt
473 2755 504 2788 δι
523 2753 555 2787 in
574 2754 771 2788 monasterio
790 2754 847 2787 suo
933 2763 984 2787 rat
1003 2752 1126 2787 ibidem
1145 2753 1331 2787 custodivit.
1345 2767 1358 2786 υ

252 2846 330 2877 ¹Ed.
347 2848 467 2887 mcxvij.
485 2864 521 2871 —
539 2853 550 2869 ²
569 2848 621 2878 Ed.
644 2847 692 2877 ad.
709 2847 931 2878 monasterIum.
949 2864 985 2870 —
1003 2851 1014 2865 ³
1031 2847 1085 2877 Ed.
1113 2847 1159 2878 ad.
1176 2848 1258 2888 petiit
1274 2851 1309 2878 δι.
