2216 3435
643 248 728 293 100
1242 244 1503 279 ARCULFUS

701 394 803 436 Item
828 390 881 436 de
908 408 1027 454 parte
1054 392 1203 455 Egypti
1225 391 1558 438 adventantibus
1581 395 1625 438 ὅ(
1646 391 1797 438 urbem
1820 394 2013 439 intranti-

631 460 709 507 bus
729 462 1083 519 Alexandrinam,
1103 462 1158 508 ab
1177 464 1417 526 aquilonali
1429 476 1446 492 ‘¹
1470 465 1599 510 latere
1626 465 1812 509 occurrit
1836 465 2013 527 grandis

630 533 829 580 struehire
867 533 1056 590 ecclelia,
1096 536 1137 580 in
1173 553 1257 596 qua
1290 538 1477 581 Marcus
1513 537 1779 600 Evangelista
1812 537 2012 581 humatus

631 606 758 651 iacet:
791 607 908 651 cuius
941 607 1182 669 sepulcrum
1216 624 1317 653 ante
1349 608 1481 653 altare
1513 610 1555 654 in
1591 609 1789 654 orientali
1822 607 2012 653 eiusdem

629 675 931 739 quadrangule
959 678 1060 722 loco
1087 677 1274 736 ecclesie,
1302 681 1513 725 memoria
1536 679 1795 743 l'uperpolita
1823 696 2011 724 marmo-

629 749 706 793 reis
732 747 946 810 lapidibus
967 749 1224 805 construela,
1254 751 1524 797 monstratur.

695 821 789 865 Hec
803 822 949 882 itaque
966 820 1019 866 de
1037 821 1312 879 Alexandria,
1329 840 1412 884 que
1431 823 1681 885 priusquam
1697 821 1752 867 ab
1763 821 2012 867 Alexandro

627 892 793 954 Magno
813 892 856 936 in
882 893 1017 937 maius
1037 896 1161 938 aucla
1182 891 1467 951 edificaretur,
1488 895 1574 952 ΝΟ,
1595 911 1639 939 ut
1660 895 1783 957 supra
1807 894 2014 956 scriptum

627 963 699 1020 est,
731 962 1018 1021 vocitabatur,
1050 965 1131 1023 eui,
1165 981 1209 1009 ut
1242 965 1429 1027 superius
1457 965 1623 1011 dietum
1649 966 1720 1024 est,
1748 965 1903 1010 ostium
1929 965 2015 1011 Nili

626 1033 815 1080 fluminis
851 1036 1076 1093 coherens,
1117 1035 1238 1098 quod
1273 1037 1542 1100 Canopeum
1574 1037 1839 1094 nominatur,
1873 1035 2016 1082 Asiam

626 1123 728 1151 cum
753 1107 919 1171 Egypto
946 1110 991 1153 ὃς
1017 1107 1196 1168 Lybiam
1221 1108 1500 1155 disterminat.
1522 1108 1599 1156 Ob
1622 1110 1740 1154 cuius
1759 1110 1905 1171 itaque
1930 1108 2016 1154 Nili

626 1176 816 1223 fluminis
855 1180 1192 1226 inundationem
1234 1181 1400 1244 Egyptij
1447 1182 1635 1227 excelsos
1679 1199 1861 1245 aggeres
1905 1181 2018 1225 circa

626 1249 738 1310 ripas
774 1250 862 1295 eius
900 1252 1166 1309 construunt,
1209 1253 1280 1313 qui
1320 1251 1345 1297 fi
1383 1252 1612 1298 custodum
1651 1253 1917 1316 negligentia
1948 1250 2017 1297 vel

627 1321 759 1365 nimia
790 1339 1001 1383 aquarum
1023 1324 1252 1385 eruptione
1272 1325 1384 1386 rupti
1410 1324 1581 1383 fuerint,
1609 1323 1874 1370 subiacentes
1900 1340 2016 1368 cam-

624 1408 706 1454 pos
733 1410 1012 1455 nequaquam
1032 1395 1192 1458 rigant,
1220 1394 1292 1440 sed
1313 1397 1570 1458 opprimunt
1590 1398 1634 1441 ὃς
1659 1392 2016 1457 depopulantur.b

626 1462 703 1509 Ob
731 1481 863 1525 quam
889 1467 1062 1511 causam
1088 1467 1276 1529 plurimi,
1304 1468 1377 1528 qui
1403 1467 1533 1530 plana
1558 1467 1712 1530 Egypti
1730 1466 1944 1524 incolunt,
1973 1481 2018 1510 ut

626 1536 794 1581 sanetus
827 1537 952 1583 refert
983 1538 1198 1597 Arculfus,
1235 1539 1322 1600 qui,
1349 1537 1538 1584 eundem
1563 1537 1744 1584 fluvium
1778 1539 1822 1582 in
1849 1537 2015 1601 Egypto

626 1625 788 1666 means,
817 1609 914 1671 sepe
939 1611 1116 1673 navigio
1143 1610 1433 1668 transmeavit,
1458 1610 1501 1655 in
1529 1608 1752 1667 domibus,
1779 1606 2016 1654 transverfis

627 1678 816 1724 trabibus
844 1680 1031 1740 suffultis,
1067 1699 1200 1744 aquas
1226 1683 1350 1744 supra
1375 1680 1631 1727 inhabitant.

691 1751 922 1798 Crocodili
958 1769 1002 1798 ut
1034 1753 1236 1798 Arculfus
1267 1752 1408 1810 refert,
1441 1754 1483 1797 in
1516 1752 1617 1797 Nilo
1650 1750 1783 1797 fluvio
1815 1751 2017 1813 aquatice

626 1840 973 1883 commorantur,
1012 1823 1318 1887 quadrupedes
1356 1823 1486 1869 bestie
1518 1840 1609 1869 non
1648 1821 1850 1887 grandes,
1888 1821 2015 1869 valde

626 1894 797 1955 edaces,
823 1898 867 1941 ὃς
891 1897 934 1941 in
956 1912 1126 1941 tantum
1145 1895 1300 1955 valide,
1327 1912 1372 1940 ut
1393 1913 1479 1940 una
1498 1912 1549 1940 ex
1574 1896 1647 1953 eis,
1674 1893 1700 1939 fi
1721 1895 1831 1940 forte
1851 1912 2017 1956 equum

626 1967 694 2013 vel
730 1965 895 2012 alinum
925 1968 994 2013 vel
1026 1966 1189 2013 bovem
1221 1969 1338 2013 iuxta
1370 1968 1511 2029 ripam
1535 1965 1723 2012 fluminis
1749 1964 1901 2011 herbas
1922 1983 2015 2011 car-

626 2055 805 2102 pentem
842 2040 1036 2085 invenire
1073 2040 1284 2101 potuerit,
1326 2037 1464 2084 subita
1507 2039 1747 2101 irruptione
1789 2055 2016 2100 emergens

625 2110 818 2167 invadat,
843 2111 912 2157 vel
938 2113 1083 2170 etiam,
1113 2111 1345 2156 animantis
1378 2128 1515 2155 unum
1546 2109 1708 2173 pedem
1738 2107 1946 2154 mordens
1970 2111 2016 2155 ὃς

627 2181 702 2227 ίὶὼ
726 2199 860 2244 aquas
887 2182 1073 2240 trahens,
1096 2183 1267 2245 penitus
1288 2198 1431 2227 totum
1456 2181 1638 2227 devoret
1662 2181 1834 2227 animal.

673 2372 702 2393 a.
724 2360 774 2393 Al.
794 2361 824 2393 Sc
844 2360 1042 2405 propinquo.
1065 2381 1107 2385 —
1129 2361 1159 2394 b.
1188 2361 1236 2393 Sic
1255 2372 1326 2405 eg05
1346 2361 1390 2394 al.
1412 2361 1623 2406 populantur.
