2216 3435
616 234 706 265 200
1171 231 1435 265 ARCULFUS.

614 379 905 442 tinopolitana
932 376 1034 423 urbe
1055 377 1110 424 ab
1135 380 1319 441 expertis
1346 377 1607 440 quibusdam
1635 378 1806 424 testibus
1833 378 1999 439 didicit,

610 448 906 500 indubitanter
925 451 1152 507 enarravit,
1175 451 1392 512 inquiens:
1422 454 1463 495 ln
1484 450 1637 496 eadem
1660 451 2000 513 metropolitana

612 522 784 567 civitate
804 523 954 586 imago
974 521 1097 567 beate
1117 522 1250 566 Marie
1272 523 1312 567 in
1333 520 1451 567 brevi
1471 522 1619 568 tabula
1637 523 1820 586 figurata
1837 522 1997 585 lignea,

611 595 652 639 in
684 595 847 656 pariete
881 592 1105 638 cuiusdam
1138 591 1306 637 domus
1332 593 1528 656 suspensa
1561 593 1795 656 pendebat,
1828 592 1882 638 de
1913 610 1999 655 qua

611 683 712 711 cum
744 664 923 727 quidam
957 664 1132 710 stolidus
1163 667 1208 709 ὃς
1235 663 1429 710 duricors
1463 666 1601 710 homo
1632 668 2000 728 percuncffaretur,

611 737 727 781 cuius
749 735 853 782 effet
877 738 1044 799 imago,
1077 754 1101 781 a
1135 735 1332 798 quodam
1364 736 1652 799 respondente
1685 735 1850 794 didicit,
1877 735 1999 798 quod

610 806 711 853 esset
734 809 880 854 sancle
899 808 1033 853 Marie
1060 808 1229 870 semper
1245 808 1586 874 virginisfigura
1603 809 1738 854 faciei.
1765 807 1905 871 Ogod
1923 826 2000 854 au-

611 879 731 925 diens
762 880 831 926 ille
858 880 1007 925 ludens
1036 879 1296 938 incredulus,
1324 879 1502 925 diabolo
1536 880 1777 943 instigante,
1812 879 1999 926 eandem

612 951 666 997 de
692 953 854 1014 pariete
895 951 1020 998 valde
1058 953 1186 997 iratus
1220 952 1314 996 tulit
1352 953 1605 1014 imaginem,
1641 954 1686 997 &
1717 951 1771 997 ad
1810 953 1999 998 vicinam

611 1024 796 1068 cucurrit
830 1022 1027 1080 domum,
1067 1021 1137 1068 ubi
1182 1022 1374 1067 humana
1415 1023 1612 1081 stercora,
1648 1040 1724 1085 per
1765 1023 1998 1088 longarum

612 1095 830 1140 foramina
878 1092 1137 1153 tabularum,
1185 1095 1327 1157 egesta
1375 1094 1500 1157 supra
1552 1093 1795 1140 sedentium
1844 1096 2000 1142 ventri-

609 1165 703 1225 bus,
740 1167 856 1230 egeri
892 1166 1049 1211 solent:
1084 1164 1350 1227 ibidemque,
1383 1164 1442 1211 ob
1474 1165 1631 1211 Christi
1662 1183 1712 1211 ex
1742 1167 1876 1212 Maria
1912 1167 2001 1212 nati

611 1237 1038 1295 dehonorationem,
1080 1239 1320 1301 imaginem
1362 1240 1508 1284 mattis
1553 1239 1641 1283 eius
1682 1256 1759 1301 per
1799 1238 2001 1284 foramen

609 1309 734 1372 super
773 1310 1015 1356 humanum
1047 1310 1201 1355 stercus
1232 1310 1406 1355 inferius
1437 1312 1580 1356 iacens
1611 1311 1807 1373 proiecit,
1839 1312 1883 1355 ὅς
1912 1310 2001 1372 ipse

610 1381 904 1443 supersedens,
935 1399 1012 1444 per
1045 1380 1164 1426 idem
1194 1382 1393 1427 foramen
1424 1382 1570 1428 alvum
1594 1399 1801 1446 purgans,
1833 1381 1998 1444 proprij

614 1453 770 1498 stercus
797 1454 955 1499 ventris
980 1454 1105 1515 super
1131 1452 1405 1498 thoracidam
1430 1452 1554 1499 beate
1580 1455 1713 1499 Marie
1738 1453 1872 1517 paulo
1897 1469 1998 1498 ante

612 1523 718 1570 inibi
760 1523 1004 1587 depositam
1054 1523 1289 1583 dimittens,
1327 1524 1590 1570 stolidiffime
1621 1542 1755 1588 agens
1794 1523 1999 1587 perfudit,

609 1598 654 1641 ὃς
678 1597 777 1659 post
808 1595 1094 1658 turpiffimam
1125 1596 1244 1641 illam
1277 1598 1436 1642 ventris
1461 1598 1774 1660 purgationem
1798 1596 1867 1642 ille
1891 1596 1998 1642 infe-

608 1668 825 1713 liciffimus
857 1667 1038 1713 disceffit
1071 1667 1222 1713 homo.
1258 1668 1381 1731 Quid
1413 1685 1516 1714 vero
1544 1669 1692 1731 postea
1716 1666 1902 1731 gesserit,
1929 1684 2000 1713 aut

609 1739 842 1802 quomodo
878 1741 1042 1798 vixerit,
1080 1740 1149 1785 vel
1186 1740 1361 1801 qualem
1396 1742 1481 1786 vite
1519 1741 1753 1785 terminum
1788 1737 1998 1797 habuerit,

607 1813 933 1874 incompertum
964 1809 1158 1857 habetur.
1196 1812 1337 1874 Igitur,
1372 1811 1468 1873 post
1491 1811 1599 1856 illius
1624 1808 1853 1855 disceffum
1878 1810 2000 1855 mali-

607 1884 699 1945 gni,
741 1882 847 1927 alius
889 1881 943 1927 de
985 1881 1335 1927 Christianorum
1377 1881 1504 1945 plebe
1552 1882 1856 1945 superveniens
1898 1880 1999 1926 felix

609 1953 764 2011 homo,
800 1953 1026 2016 zelotypus
1059 1952 1384 1999 dominicarum
1420 1971 1576 2012 rerum,
1619 1955 1663 1998 ὃς
1699 1953 1834 1998 sciens
1876 1950 1999 2014 quod

611 2029 774 2074 factum
800 2029 951 2083 fuerat,
973 2028 1218 2091 imaginem
1239 2028 1381 2073 sancle
1406 2028 1540 2073 Marie
1559 2025 1787 2089 requisivit,
1812 2028 1871 2086 ὃς,
1891 2027 2001 2072 inter

610 2100 804 2146 humana
840 2100 1025 2145 stercora
1062 2098 1365 2145 absconditam
1397 2101 1636 2157 inveniens,
1668 2097 1920 2156 sublevavit,
1957 2099 2002 2142 ὅ(

611 2172 842 2236 diligenter
873 2171 1022 2217 lavans
1052 2173 1174 2232 aquis
1212 2170 1466 2217 emundavit
1498 2170 1803 2228 mundiffimis,
1836 2170 2032 2214 secum—0

612 2261 697 2306 que
722 2244 766 2288 in
792 2242 930 2287 domo
956 2242 1200 2288 honorifice
1220 2243 1484 2288 collocatam
1504 2241 1663 2288 habuit.
1690 2241 1848 2286 Mirum
1868 2240 2001 2301 dicstu,

611 2333 662 2361 ex
700 2313 855 2360 eadem
885 2312 1009 2359 beate
1034 2314 1168 2359 Nlarie
1199 2315 1403 2377 imaginis
1434 2313 1580 2360 tabula
1609 2330 1760 2359 verum
1791 2311 1998 2358 ebulliens

611 2386 793 2432 destillat
822 2386 991 2447 semper
1027 2385 1188 2443 oleum,
1224 2385 1345 2447 quod
1375 2386 1588 2443 Arculfus,
1624 2401 1670 2430 ut
1694 2384 1849 2430 referre
1878 2383 2001 2444 solet,

611 2458 797 2521 propriis
830 2457 1055 2518 conspexit
1085 2457 1234 2502 oculis.
1265 2459 1367 2503 Hoc
1387 2456 1581 2503 mirabile
1613 2456 1760 2502 oleum
1784 2455 2000 2500 honorem

609 2530 865 2593 protestatur
901 2528 1034 2573 Mai-ie
1066 2529 1212 2574 matris
1239 2529 1340 2588 lesu,
1373 2528 1427 2574 de
1459 2546 1548 2591 quo
1579 2544 1702 2591 pater
1732 2526 1808 2572 ait:
1840 2530 1885 2571 In
1911 2529 2000 2572 oleo

601 2604 749 2664 sanc‘Io
772 2618 856 2644 meo
879 2600 996 2644 linivi
1014 2618 1113 2643 eum.
1139 2602 1243 2644 ltem
1264 2599 1609 2663 psalmigraphus
1629 2597 1685 2645 ad
1703 2597 1845 2660 ipsum
1864 2595 2002 2642 filium

612 2673 696 2718 Dei
730 2670 944 2733 loquitur,
976 2669 1142 2717 dicens:
1184 2674 1305 2716 Unxit
1340 2689 1376 2717 te
1405 2676 1608 2718 ‘Dominus
1644 2675 1758 2715 ‘Deus
1792 2686 1882 2714 tuus
1913 2669 2000 2713 oleo

611 2744 740 2788 letitie
755 2760 833 2804 pre
848 2745 1121 2804 participibus
1145 2747 1238 2788 tuis.

2209 1984 2216 2074 v—ss-
2208 1934 2216 1972 .η.-
2206 1777 2216 1911 n-z—·-..--
2208 1404 2216 1765 ..-.--.——-...-2v..-..i..-
2209 1322 2216 1374 .-
2213 1286 2216 1292 i
2211 1222 2216 1265 ...
2208 1176 2216 1194 a,
2212 1148 2216 1155 .
