2216 3435
509 290 575 322 DE
602 289 834 322 IOHANNE
860 289 993 322 REGE
1019 289 1323 322 IERUSALEM.
1518 291 1606 340 130

235 435 398 493 dentes,
422 431 629 478 consiliati
656 434 747 479 sunt
772 434 809 479 ei
834 432 937 479 dare
960 433 1181 479 civitatem
1205 435 1337 496 usque
1364 434 1419 480 ad
1444 435 1605 482 adven·
1631 459 1708 489 1219

235 522 327 551 tum
351 502 527 567 paffagij
560 505 832 567 imperatoris
867 506 912 550 ὃς
935 503 1093 550 iuffum
1116 506 1254 549 Rome
1290 507 1334 550 ὃς
1364 505 1607 551 libertatem

233 576 590 622 Christianorum.
637 578 680 620 In
717 574 786 620 die
829 576 971 621 Sancti
1008 575 1181 620 Thome
1216 592 1361 621 tamen
1404 593 1494 622 erat
1534 594 1610 623 cor
1628 593 1702 622 Dec.
1719 603 1767 623 21.

234 663 384 692 eorum
408 644 461 691 de
486 662 591 691 auro
620 645 888 705 obsecatum‚
927 646 1044 708 quod
1075 644 1285 691 nolebant
1315 645 1416 691 dare
1442 646 1514 692 nisi
1540 649 1609 694 sex

232 715 458 775 bysancios
483 714 658 761 cuilibet
677 715 731 762 cle
750 718 949 762 exercitu.
977 715 1079 761 [nde
1098 732 1213 761 totus
1232 717 1438 762 exercitus
1468 735 1608 764 arma-

231 803 295 832 tus
315 787 409 843 fuit,
430 788 475 832 ὃς
487 787 737 832 Romani&
754 788 890 832 Latini
907 788 1173 833 intraverunt
1192 788 1411 834 civitatem
1429 790 1473 833 ὃς
1487 806 1609 835 acce·

230 873 388 921 petunt
412 874 564 902 omnes
589 874 720 903 turres
739 859 784 903 &
803 858 917 903 foras
942 859 1119 920 turpiter
1142 859 1417 920 proiecerunt
1445 861 1609 906 Franci-

230 946 381 992 genas,
406 930 451 974 ὃς
474 929 597 974 multi
627 929 799 975 fuerunt
829 929 1042 976 vulnerati
1067 931 1112 975 ὃς
1136 931 1320 989 mortui3
1349 948 1400 975 ex
1425 947 1609 993 utraque

230 1016 351 1062 parte
375 1015 490 1044 totus
516 1001 722 1045 exercitus
749 1001 931 1046 armavit
954 1000 1010 1057 se,
1037 1002 1081 1045 ἃ
1101 1018 1253 1046 omnes
1278 1000 1538 1063 putabamus
1562 1005 1606 1049 in

229 1070 301 1116 illa
325 1069 394 1116 die
412 1069 497 1116 effe
518 1069 701 1133 dispersi.
728 1073 855 1116 Tunc
873 1069 1078 1116 dominus
1096 1071 1262 1134 legatus
1282 1073 1424 1134 posuit
1454 1090 1610 1135 pacem

229 1142 274 1186 in
299 1140 517 1201 omnibus,
554 1144 599 1187 ὃς
639 1143 786 1189 civitas
814 1142 892 1187 fuit
916 1141 1122 1205 affignata
1147 1144 1237 1206 regi
1264 1145 1309 1188 ὅ(
1338 1143 1607 1204 Alamannis,

228 1212 346 1259 salvo
387 1211 495 1258 iuffu
529 1214 817 1275 imperatoris,
857 1214 902 1258 ὃς
937 1214 1228 1275 promiserunt
1264 1214 1480 1278 integram
1506 1234 1607 1279 por-

230 1285 409 1329 cionem
434 1282 549 1330 dare.

293 1354 376 1400 LX.
393 1358 437 1400 In
454 1353 524 1400 die
537 1354 773 1416 Epiphanie
786 1356 939 1401 iterum
955 1370 1069 1400 totus
1088 1356 1295 1400 exercitus
1309 1373 1497 1402 armatus
1513 1358 1607 1416 fuit,
1626 1356 1735 1417 ῗζῐῇοὸ,

229 1428 274 1472 &
300 1441 605 1471 cuccurrerunt
633 1423 689 1470 ad
715 1424 947 1471 dominum
972 1427 1167 1489 legatum
1192 1428 1237 1471 &
1268 1426 1474 1473 volebant
1507 1447 1607 1473 eum

229 1495 440 1543 occidere.
476 1495 620 1541 Postea
642 1513 853 1542 venerunt
890 1496 1095 1553 dicentes,
1137 1497 1258 1559 quod
1285 1496 1413 1544 delusi
1439 1516 1560 1545 erant
1583 1518 1608 1546 a

228 1565 446 1625 mihtibus,
475 1584 630 1612 omnes
660 1567 701 1613 se
732 1584 1008 1614 armaverunt
1043 1570 1088 1613 ὃς
1127 1586 1339 1614 venerunt
1373 1569 1429 1615 ad
1466 1570 1608 1616 domi-

227 1655 335 1683 num
356 1638 552 1701 legatum
576 1640 621 1684 ὃς
646 1638 846 1685 dixerunt
864 1641 925 1685 ei:
949 1643 1138 1696 Domine,
1166 1642 1217 1684 da
1238 1643 1353 1686 nobis
1367 1646 1605 1702 porcionem

225 1713 436 1754 civitatis!
470 1709 515 1754 Et
540 1710 628 1772 ipse
653 1709 758 1755 dixit
789 1711 875 1755 eis:
914 1712 1117 1771 Qicquid
1141 1714 1281 1769 liabeo,
1321 1714 1488 1757 daturus
1510 1716 1604 1774 sum

225 1783 444 1842 vobis,sed
464 1783 593 1826 nichil
616 1783 694 1837 alii
720 1783 859 1826 nolum
883 1784 995 1827 vobis
1018 1784 1129 1826 dare.
1165 1785 1223 1826 Ite
1249 1782 1289 1826 ὃ»
1311 1785 1490 1828 habeatis
1514 1803 1607 1829 con-

221 1852 385 1911 filium!
424 1851 469 1898 Et
503 1870 555 1898 ex
589 1853 673 1898 alia
707 1869 828 1915 parte
866 1870 952 1910 rex,
993 1852 1207 1914 templum
1242 1854 1286 1897 ὅ(
1326 1854 1538 1915 hospitale
1561 1857 1606 1900 ὃς

225 1937 378 1967 omnes
403 1924 548 1969 Franci
581 1924 622 1969 se
651 1939 926 1969 armaverunt
949 1924 994 1968 ὃς
1018 1923 1286 1970 intraverunt
1313 1924 1354 1968 in
1382 1925 1604 1971 civitatem

223 1994 269 2038 ὃς
292 1995 471 2057 turpiter
495 1994 609 2040 foras
637 1996 911 2057 proiecerunt
934 1995 1121 2052 Latinos,
1159 1997 1204 2040 ὃς
1235 1996 1279 2040 in
1311 1995 1380 2040 illa
1416 1995 1485 2042 die
1511 2014 1604 2042 ma-

223 2081 362 2127 gnum
384 2065 588 2111 insultum
612 2063 825 2110 dederunt
848 2066 1024 2124 civitati,
1043 2067 1088 2111 &
1106 2066 1230 2111 multi
1257 2066 1484 2112 Christiani
1513 2068 1603 2114 fue-

222 2151 322 2181 runt
345 2135 568 2194 vulnerati,
593 2138 637 2181 &
662 2136 842 2198 quidam
866 2154 918 2182 ex
938 2136 1016 2181 illis
1041 2136 1262 2183 dicebant:
1291 2140 1524 2183 Mutamus
1549 2142 1604 2184 ad

212 2208 445 2268 soldanum,
474 2226 516 2252 ut
540 2212 669 2253 veniat
693 2210 745 2252 ad
764 2212 1001 2269 principes!
1038 2208 1264 2270 Ceperunt
1301 2208 1403 2254 dare
1428 2212 1600 2272 porcio-

87 2294 109 2325 f.
126 2304 163 2335 37
181 2294 207 2324 b.
224 2295 327 2323 nem
351 2277 406 2324 ad
431 2296 583 2324 eorum
617 2277 787 2324 libitum
812 2278 1017 2324 militibus
1039 2280 1193 2342 viginti
1218 2296 1423 2341 quattuor
1447 2279 1598 2341 bysan-

224 2350 329 2408 cios,
353 2349 644 2396 sacerdotibus
662 2352 707 2395 ὃς
726 2350 962 2412 turcopulis
983 2349 1234 2407 duodecim,
1262 2350 1489 2397 clientibus
1515 2353 1600 2411 sex,

223 2419 472 2467 mulieribus
496 2423 541 2467 &
564 2422 707 2484 pueris
732 2437 825 2467 tres.
864 2421 908 2466 Et
935 2421 1084 2477 sciatis,
1121 2420 1243 2482 quod
1280 2438 1456 2468 centum
1483 2424 1600 2469 milia

223 2490 568 2537 Christianorum
588 2509 708 2538 erant
734 2493 888 2554 scripta
912 2493 956 2537 in
981 2493 1182 2538 exercitu.

287 2562 595 2609 LX1.Secunda
608 2562 678 2609 die
693 2563 918 2621 februarij,
930 2565 972 2608 in
987 2564 1090 2608 festo
1106 2564 1231 2608 Beate
1245 2564 1377 2610 Marie
1391 2565 1600 2628 Virginis,
1622 2579 1689 2607 Feb.
1708 2589 1734 2608 2.

224 2634 441 2680 constituit
461 2634 664 2679 dominus
682 2635 848 2697 legatus
873 2637 918 2680 ὅ(
943 2652 1094 2679 omnes
1112 2634 1263 2696 prelati
1284 2633 1481 2681 divinum
1505 2636 1599 2681 ossi-

225 2705 342 2750 cium
362 2704 576 2751 celebrare
594 2706 705 2751 intus
723 2706 765 2750 in
785 2707 1003 2763 Damiata‚
1030 2722 1074 2750 ut
1096 2705 1390 2766 purificaretur
1411 2725 1434 2751 a
1457 2708 1599 2753 multis

228 2775 446 2836 fetoribus,
466 2777 619 2839 quibus
631 2795 720 2823 erat
734 2779 878 2823 anima
895 2777 1075 2840 polluta,
1094 2780 1137 2822 ὅ(
1155 2778 1195 2821 in
1214 2795 1341 2823 manc.
1355 2778 1513 2824 codem
1530 2779 1599 2825 die
