2216 3435
584 189 646 237 86
1208 204 1375 236 GESTA

487 371 564 401 ηπ)
584 366 715 410 quem
756 348 971 394 faciebant
1010 350 1227 395 Sarraceni
1269 348 1494 412 fugiendo
1537 350 1582 397 Et
1616 352 1660 396 in
1696 369 1849 397 aurora
1881 352 1966 398 diei

437 432 520 462 Febr.
538 442 565 472 5·
582 421 737 466 Sancle
763 421 933 484 Agathe
955 421 1067 466 facffa
1088 421 1167 466 fuit
1185 421 1469 483 tranquillitas
1483 424 1525 468 in
1545 421 1738 482 flumine,
1754 425 1799 468 ὅ(
1818 424 1965 470 Chris·
1984 439 2062 469 Mur.
2079 451 2105 479 p.
2126 450 2180 480 109

583 492 700 550 tiani,
739 493 814 554 qui
849 509 970 538 erant
997 494 1039 537 in
1063 492 1204 555 lignis,
1245 491 1473 539 audierunt
1507 511 1638 540 unam
1665 512 1824 540 vocem
1848 496 1966 542 iuxta

580 561 743 609 flumen
785 562 1026 609 dicentem:
1072 566 1109 609 O
1136 567 1369 624 Christiani,
1409 567 1506 625 quid
1525 569 1710 624 facitis?
1746 570 1842 611 Ecce
1867 569 1965 611 Sar-

577 639 711 680 racem·
730 639 1056 697 omnesfitgiunt,
1077 636 1116 679 E·-
1130 654 1204 681 non
1217 638 1717 697 exspecslatpaterfilium!
1737 638 1781 682 Et
1792 638 1965 683 interim

577 704 777 752 viderunt
805 725 942 752 unum
966 707 1150 752 militem
1180 705 1286 752 albis
1311 706 1510 766 vestibus,
1549 708 1664 753 iuxta
1688 707 1851 754 flumen
1878 709 1966 755 hoc

577 776 812 835 dicentem,
846 781 891 824 &
921 779 1148 824 confestim
1173 777 1490 824 descenderunt
1513 778 1570 824 acl
1601 796 1757 826 terram
1794 783 1838 826 ὃς
1873 798 1966 827 non

574 851 834 896 invenerunt
865 849 937 895 nili
969 868 1134 913 paucos
1160 852 1418 896 Sarracenos
1445 868 1520 913 per
1545 867 1755 914 campum
1781 854 1825 897 &
1847 854 1965 898 occi-

576 920 732 967 derunt
751 939 825 967 eos
853 925 898 967 ὅ(
924 923 1084 967 multos
1102 923 1361 969 invenerunt
1384 938 1599 981 mortuOS,
1622 924 1668 968 ὃς
1693 924 1767 985 qui
1792 923 1964 970 occide-

576 991 650 1038 bat
674 1010 763 1051 eos,
792 992 1050 1040 nesciebant.

640 1065 770 1111 XVll.
799 1065 844 1110 Et
867 1067 1127 1112 invenerunt
1156 1065 1387 1111 Christiani
1417 1066 1461 1110 in
1493 1064 1612 1111 diclo
1646 1083 1807 1130 campo
1835 1069 1962 1130 papi-

573 1135 727 1195 liones,
761 1135 972 1182 travaclas
1011 1137 1235 1181 rarissimas
1265 1138 1310 1182 &
1337 1135 1492 1181 cultras
1533 1137 1724 1199 optimas
1754 1139 1799 1183 ὃς
1836 1155 1962 1184 orna-

575 1223 739 1264 menta,
784 1225 953 1266 autum,
995 1224 1227 1272 argentum
1267 1210 1312 1253 ὅ(
1352 1208 1452 1253 vasa
1494 1226 1622 1254 aurea
1661 1210 1705 1254 ὃς
1740 1226 1961 1273 argentea,

574 1278 781 1336 camelos,
807 1277 942 1325 boves
962 1281 1007 1325 &
1026 1278 1179 1337 asinos,
1204 1278 1452 1338 biscoctum,
1479 1280 1664 1325 farinam
1681 1282 1726 1325 ὃς
1744 1280 1961 1328 hordeum

574 1350 774 1395 multum.
816 1349 945 1397 Unde
970 1366 1203 1397 renovatus
1237 1351 1294 1396 est
1320 1367 1435 1396 totus
1460 1352 1669 1397 exercitus
1694 1351 1960 1399 Christiano-

572 1439 681 1468 rum.
702 1423 828 1467 Tunc
848 1423 1150 1468 intellexerunt
1169 1422 1416 1478 Christiani,
1439 1421 1559 1484 quod
1579 1423 1799 1468 Dominus
1819 1425 1961 1472 noster

574 1494 680 1538 Iesus
711 1494 903 1539 Christus
933 1493 1158 1540 transmiflt
1193 1494 1375 1557 angelos
1411 1493 1509 1538 suos
1546 1492 1603 1538 ad
1638 1496 1959 1558 expugnandos

570 1566 682 1625 illos,
719 1567 794 1628 qui
827 1583 919 1611 non
956 1565 1152 1624 credunt,
1195 1566 1442 1611 Dominum
1473 1563 1632 1611 venisse
1668 1566 1711 1610 in
1742 1567 1959 1630 virginem

570 1638 768 1684 Mariam.
803 1637 848 1682 Et
890 1654 993 1682 tunc
1034 1637 1266 1682 Christiani
1291 1653 1466 1682 cantare
1488 1637 1769 1699 inceperunt:
1809 1641 1957 1686 Gloria

571 1714 611 1755 in
638 1711 794 1772 excelfis
821 1713 912 1754 ‘Deo
943 1711 988 1754 ὃς
1019 1708 1074 1753 Te
1098 1712 1230 1754 Deum
1255 1711 1301 1754 ἅ
1324 1707 1611 1754 laudaverunt
1640 1709 1888 1756 Dominum
1914 1715 1960 1758 &

569 1783 747 1828 Beatam
790 1781 1008 1845 Agathen.
1053 1781 1098 1826 Et
1135 1781 1210 1826 illo
1253 1780 1322 1826 die
1374 1781 1611 1843 posuerunt
1650 1779 1834 1828 distritfte
1880 1783 1957 1830 ad-

568 1854 736 1900 sedium
759 1854 804 1900 in
841 1854 1020 1898 circuitu
1055 1853 1273 1911 Damiate,
1320 1854 1379 1898 ita
1420 1850 1542 1914 quod
1578 1861 1692 1897 nec1
1728 1854 1842 1900 exire
1876 1873 1958 1903 nec

569 1928 728 1972 intrare
752 1941 968 1988 poterant.

633 1998 782 2044 XVHl.
826 1998 951 2043 Tunc
999 1997 1294 2042 remanserunt
1338 1997 1382 2042 in
1435 1996 1641 2041 Damiata
1685 1995 1784 2042 lxxx
1820 1999 1956 2047 millia

566 2071 903 2116 Sarracenorum
927 2071 972 2115 &
1002 2069 1248 2115 mulierum.
1286 2068 1331 2113 Et
1355 2068 1550 2114 fecerunt
1580 2067 1822 2130 arginalem
1846 2087 1953 2118 con-

568 2157 631 2187 tra
670 2143 906 2187 exercitum
950 2141 1005 2188 de
1045 2140 1247 2199 biscotm,
1290 2140 1344 2186 de
1377 2139 1517 2197 caseo,
1560 2137 1614 2183 de
1655 2138 1781 2184 lardo
1817 2142 1862 2186 ὃς
1901 2142 1955 2189 de

567 2214 656 2259 aliis
686 2212 957 2272 vfflualssms,
997 2212 1052 2259 de
1071 2211 1227 2275 quibus
1252 2210 1473 2258 habebant
1496 2209 1827 2258 abundantiam.
1869 2214 1954 2260 Sed

567 2284 621 2331 de
656 2304 771 2349 pane
808 2286 970 2330 recenti
994 2287 1039 2330 ὃς
1063 2286 1167 2332 vino
1204 2287 1249 2330 ὅς
1285 2283 1339 2330 de
1376 2302 1505 2330 carne
1543 2283 1709 2329 frescha
1741 2284 1954 2330 caristiam

567 2375 779 2420 magnam
811 2355 1047 2416 habebant,
1088 2357 1147 2401 ita
1180 2355 1302 2418 quod
1337 2356 1444 2401 aries
1481 2372 1590 2400 unus
1621 2372 1647 2399 x
1678 2356 1814 2400 unciis
1848 2373 1953 2402 ven-

567 2428 680 2474 ditus
717 2430 797 2475 fuit
827 2430 872 2474 &
910 2446 997 2473 una
1032 2427 1196 2492 gallina
1231 2444 1313 2472 xxx
1342 2425 1489 2472 soldos
1537 2428 1583 2471 δε
1629 2443 1767 2471 unum
1816 2444 1952 2473 ovum

567 2501 678 2547 duos
709 2499 880 2559 soldos3
918 2500 1129 2545 caristiam
1166 2500 1256 2546 vini
1291 2516 1382 2544 non
1415 2497 1642 2562 possumus
1680 2515 1948 2556 enumerare,

567 2589 681 2618 certe
698 2589 800 2618 cum
820 2571 1049 2630 lachrymis
1064 2570 1354 2634 unusquisque
1371 2580 1387 2599 2
1404 2568 1678 2632 loquebatur.
1701 2571 1843 2616 Tanta
1861 2586 1950 2616 erat

620 2751 631 2771 1
654 2739 705 2772 M.
726 2749 786 2771 om.
808 2749 878 2771 nec.
898 2758 943 2761 —
961 2751 980 2770 2
1002 2739 1050 2772 M.
1072 2737 1259 2782 unIcuique.
