2216 3435
138 2366 162 2384 c.
181 2363 228 2394 35.

672 277 739 309 DE
771 275 981 309 ITINERE
1015 276 1285 310 FRIsoNUM.
1577 263 1637 326 oo

258 424 389 487 igitur
413 424 455 468 in
481 422 568 467 hoc
602 421 985 479 consentientibus,
1022 422 1112 484 ipse
1146 422 1317 467 senator
1341 422 1545 468 vexillum
1569 424 1636 469 in·
1681 437 1758 465 1218

259 493 377 557 signe
400 495 444 538 in
469 491 639 556 fignum
659 493 879 555 potestatis
903 495 948 538 ὃς
973 491 1155 550 dominij
1182 493 1360 554 propria
1381 509 1514 539 manu
1537 510 1638 556 por-

259 567 376 624 rexit,
396 563 600 609 omnibus
615 564 769 609 Latinis
782 563 869 609 fide
881 564 1068 623 astrici‘tis,
1088 580 1134 608 ut
1152 564 1194 608 in
1215 562 1419 609 omnibus
1441 565 1638 627 negociis

256 636 374 698 pacis
398 636 443 680 &
468 633 568 680 belli
584 633 711 679 nobis
738 651 948 696 tanquam
972 633 1163 697 patribus
1193 632 1434 680 obedirent.
1460 635 1637 697 Nosque

258 705 552 768 respondendi
586 721 784 768 tempore
819 713 1003 768 accepto
1038 705 1359 767 qualescunque
1400 706 1638 768 gratiarum

256 778 447 823 acffiones
480 775 576 839 ipfis
602 776 836 835 retulimus,
869 776 922 822 de
947 775 1166 822 beneficiis
1191 777 1382 838 acceptis
1409 778 1454 821 ὃς
1478 778 1639 839 pietate

256 865 358 912 erga
397 865 478 893 nos
515 848 647 909 usque
687 849 730 892 in
771 847 908 893 finem
949 848 1127 906 servata,
1171 866 1308 910 quam
1350 848 1640 910 equanimiter

254 921 445 966 nemoris
484 919 544 964 sui
577 917 846 977 incisionem,
893 919 972 964 suis
1006 920 1187 965 vetitam
1222 917 1402 977 civibus,
1443 936 1468 964 a
1509 917 1638 964 nobis

255 989 527 1049 tolerassent,
570 1007 703 1052 quam
728 991 797 1053 pie
822 1008 901 1035 nos
926 991 970 1035 in
1006 991 1086 1035 suis
1111 990 1326 1052 hospiciiS,
1367 1007 1501 1052 quam
1531 990 1639 1036 fide-

253 1063 347 1108 liter
370 1063 414 1107 in
439 1063 713 1107 commerciis
744 1060 1017 1119 traelaffent3
1058 1079 1191 1123 quam
1224 1062 1414 1106 humane
1441 1060 1638 1106 infirmos

254 1134 422 1179 nostros
446 1131 691 1191 visitassent,
718 1131 925 1194 quicquid
946 1132 1014 1178 vel
1040 1133 1134 1177 usus
1159 1133 1407 1177 communis
1435 1131 1503 1178 vel
1524 1132 1631 1193 peri—

254 1205 318 1250 cia
334 1202 596 1267 phisicorum
615 1204 658 1249 in
680 1203 921 1249 remedium
942 1202 1199 1248 morborum
1223 1201 1460 1260 adinvenit,
1490 1202 1635 1247 secum

253 1273 478 1320 afferentes
498 1276 542 1318 ὃς
562 1290 692 1335 prout
711 1275 868 1335 cuique
889 1291 999 1335 opus
1019 1289 1109 1318 erat
1127 1274 1452 1335 impercientes3
1474 1287 1639 1334 quanta

254 1347 413 1408 pietate
437 1344 632 1389 infirmos
657 1345 825 1390 nostros
852 1361 896 1389 ut
915 1344 1026 1389 filios
1055 1345 1146 1389 suos
1166 1342 1475 1407 deploraffent,
1501 1342 1638 1405 sepul-

254 1417 356 1461 chra
383 1433 537 1461 eorum
562 1432 606 1460 ut
631 1416 879 1460 samstorum
903 1432 1157 1462 venerantes
1182 1417 1226 1460 δε
1250 1431 1403 1460 cetera.
1441 1416 1517 1459 Pro
1544 1414 1636 1476 qui-

252 1486 330 1533 bus
369 1485 572 1531 omnibus
608 1486 738 1530 nostri
775 1485 934 1531 laboris
978 1487 1257 1549 participium
1287 1488 1332 1531 ὃς
1360 1488 1507 1531 Deum
1539 1483 1636 1548 ipsis

252 1556 553 1604 retributorem
587 1558 909 1615 constituentes,
954 1575 1043 1603 non
1086 1556 1172 1603 fine
1216 1557 1403 1602 lacrimis
1445 1555 1499 1602 ab
1539 1554 1636 1618 ipfis

251 1628 383 1688 divisi,
418 1630 461 1673 in
496 1627 565 1673 die
589 1629 954 1673 Annunciationis
994 1627 1217 1673 dominice
1249 1628 1344 1674 vela
1380 1628 1635 1686 levavimus,
1654 1645 1741 1676 Mart.
1759 1655 1806 1685 25

252 1703 297 1746 ὃς
325 1719 404 1763 per
428 1699 615 1746 diem&
639 1703 817 1745 noetem
841 1700 1047 1762 prospere
1074 1701 1344 1763 navigantes,
1370 1701 1507 1746 ventis
1532 1717 1638 1744 con-

252 1773 386 1818 trariis
399 1773 453 1817 ·in
476 1788 654 1833 portum
678 1772 844 1816 Veteris
863 1772 1063 1817 Civitatis
1089 1772 1230 1817 sumus
1262 1772 1431 1818 revecsti.
1471 1772 1510 1816 A
1545 1788 1635 1833 quo

253 1842 412 1889 eodem
437 1841 507 1887 die
532 1842 635 1886 feria
660 1843 789 1887 tercia
814 1841 1076 1900 recedenteS,
1101 1843 1204 1888 velis
1230 1842 1437 1904 aquilone
1462 1858 1633 1888 tumen·
1652 1847 1741 1876 Mart·
1759 1857 1805 1883 27·

253 1914 377 1973 tibus,
407 1913 542 1958 hostia
565 1911 781 1970 Tiberina,
818 1913 1046 1976 Tagetam,
1072 1914 1208 1972 Baias,
1244 1914 1495 1975 Neapolim,
1523 1915 1633 1959 Prin-

251 1988 459 2049 cipatum,
481 1984 700 2046 Apuliam,
720 1983 985 2041 Calabriam,
1000 1984 1203 2041 Siciliam,
1218 2002 1308 2047 quo
1325 1983 1628 2043 tendebamus,

251 2057 540 2118 relinquentes
565 2055 620 2101 ad
644 2056 801 2113 levam,
828 2057 944 2101 sexto
972 2055 1152 2101 tandem
1177 2055 1259 2114 die,
1300 2055 1403 2100 feria
1429 2056 1630 2116 secunda,
1651 2067 1709 2106 Ap·
1726 2076 1754 2095 2-

250 2126 441 2188 pluribus
477 2126 704 2191 defatigati
738 2127 933 2189 periculis
956 2145 1007 2172 ex
1030 2127 1254 2189 impericia
1279 2125 1470 2172 ducfforis
1494 2129 1539 2172 in
1564 2129 1630 2173 in-

250 2198 398 2255 sulam,
436 2216 521 2260 que
553 2198 707 2244 dicitur
731 2199 984 2261 Lampeosa,
1023 2197 1133 2243 duce
1162 2198 1334 2243 Christo
1361 2197 1631 2258 devenimus,

249 2287 274 2314 a
297 2268 495 2315 Barbaria
527 2270 844 2332 quinquaginta
879 2268 1115 2315 miliaribus
1151 2268 1391 2314 distantem.
1431 2268 1515 2316 Ubi
1539 2287 1631 2316 cur-

249 2341 378 2386 sarios
415 2342 636 2388 lanuenses
678 2341 721 2386 in
756 2341 881 2404 galea
920 2358 1005 2386 una
1039 2340 1215 2385 feliciter
1239 2341 1496 2398 invenimus,
1541 2342 1630 2403 qui,

250 2411 486 2474 depredata
503 2411 700 2458 Barbaria
718 2415 762 2458 &
782 2413 918 2474 captis
937 2413 1194 2470 Sarracenis,
1217 2412 1469 2473 tempestate
1488 2414 1632 2458 coacli

247 2483 332 2528 illic
353 2485 395 2529 in
420 2501 550 2546 portu
577 2485 753 2547 recepti,
782 2484 921 2528 socios
952 2501 975 2528 a
1002 2483 1042 2528 se
1068 2482 1226 2529 divisos
1252 2481 1557 2545 expeclabant.
1592 2486 1631 2530 Α

248 2552 402 2616 quibus
436 2553 491 2600 de
517 2573 660 2600 errore
699 2555 844 2600 nostro
878 2557 923 2600 ὅς
962 2552 1274 2599 inminentibus
1310 2554 1506 2616 periculis
1547 2556 1629 2601 suf-

246 2625 437 2671 ficienter
471 2626 676 2685 instruffl,
717 2642 869 2688 quarta
897 2626 999 2671 feria
1031 2626 1171 2672 versus
1196 2625 1388 2671 Siciliam
1432 2627 1628 2671 trecentis
1649 2628 1751 2676 »xp-4.

247 2696 481 2743 miliaribus
516 2715 540 2742 a
582 2715 705 2760 tergo
743 2698 935 2743 relinstam
973 2714 1123 2759 proras
1162 2695 1404 2742 direximus.
1448 2696 1629 2742 Emensis

246 2769 375 2832 igitur
412 2784 498 2815 120
524 2767 759 2814 miliaribus
785 2768 995 2816 Maltham
1019 2768 1201 2814 insulam
1227 2767 1505 2826 devenimus3
1543 2785 1628 2831 qua
