2216 3435
541 250 922 284 HODOEPORICON
957 253 988 285 S.
1026 253 1350 286 WILLIBALDI.
1543 259 1632 309 251

270 384 612 431 munificentiam
635 385 679 428 in
703 383 743 428 se
767 384 1051 446 provocabat,
1072 388 1130 431 ita
1155 403 1201 431 ut
1221 405 1371 434 amore
1391 391 1435 434 ὃς
1471 391 1639 437 honore

270 457 379 501 inter
411 471 563 499 omnes
597 452 982 514 habereturaillos‚
1018 454 1158 518 sicque
1189 456 1345 503 diutius
1372 459 1524 507 diurne
1558 464 1641 509 sol-

268 524 497 572 licitudinis
517 541 630 583 cura,
646 523 856 570 elucubris
870 525 1108 572 litterarum
1128 527 1270 573 studiis
1291 529 1549 590 inherendo,
1571 533 1641 579 die

269 598 489 657 nosstuque
519 613 693 641 eatenus
726 597 876 659 vigore
902 599 946 642 ὃς
972 598 1234 644 Γεᾶὶ1ῑι1ε11ῃ13
1274 601 1416 663 rigore
1449 619 1643 648 mentem

269 665 508 725 edomaret,
545 682 591 711 ut
615 666 668 711 de
699 666 768 712 die
794 668 837 711 in
864 665 979 713 diem
1004 667 1061 713 ad
1085 670 1265 715 meliora
1299 671 1456 717 celestis
1493 674 1641 719 militie

265 737 543 782 instrumenta
565 737 806 800 proficeret.
832 737 848 766 ὸ

265 899 352 944 Vll.
383 902 505 943 Pater
528 900 734 960 consentit,
761 899 800 943 δ’
825 917 900 944 una
925 918 1009 944 cum
1023 902 1121 958 filio
1157 903 1410 947 Wunebaldo
1435 904 1640 966 confilium

728 973 1013 1032 prcy‘icffcendi
1038 975 1128 1016 init.
1148 982 1161 1000 ⁶

329 1094 557 1155 Postquam
579 1093 648 1139 ille
672 1091 937 1152 adolescens,
964 1094 1122 1140 Christi
1145 1095 1413 1154 vernaculus,
1443 1095 1545 1142 sicut
1568 1098 1632 1143 su-

264 1182 341 1227 pra
354 1163 552 1222 diximus,
566 1164 738 1227 ignotas
762 1165 1122 1227 peregrinationis
1146 1166 1235 1212 vias
1254 1165 1438 1228 probare
1459 1166 1634 1214 volebat

260 1251 389 1297 atque
415 1251 608 1282 externas
645 1237 929 1281 terminorum
965 1236 1132 1281 tellures
1157 1235 1275 1282 adire
1304 1237 1634 1301 speculariqued

264 1304 447 1367 optabat
481 1324 656 1352 necnon
688 1307 993 1352 immaniffima
1017 1307 1145 1352 maris
1173 1306 1463 1354 discriminare
1490 1309 1636 1357 decre—

262 1393 380 1422 verat
393 1394 570 1439 equora,
582 1378 720 1422 statim
736 1388 748 1405 θ
769 1377 838 1422 ille
849 1378 923 1422 ista
935 1376 1078 1422 cordis
1098 1378 1156 1422 sui
1174 1377 1452 1438 clandestina,
1473 1383 1638 1427 cunffls

264 1447 447 1506 occulta,
473 1448 632 1493 carnali
655 1448 731 1492 suo
758 1447 960 1493 revelavit
983 1449 1107 1510 patri,
1138 1447 1305 1510 atquef
1321 1448 1440 1494 illum
1468 1449 1635 1497 obnixis

261 1516 486 1581 flagitabat
496 1517 709 1580 precibus,
732 1535 777 1563 ut
790 1519 935 1564 votive
956 1518 1025 1563 sue
1046 1519 1279 1564 voluntatis
1299 1518 1508 1566 defiderio
1530 1539 1635 1568 con-

259 1587 396 1633 filium
420 1590 490 1635 seu
515 1590 772 1636 consensum
794 1588 1009 1652 preberet,
1029 1591 1074 1634 δε
1099 1601 1179 1636 utg
1197 1590 1367 1637 transire
1384 1593 1399 1620 h
1416 1592 1637 1639 licentiam

261 1659 382 1705 daret
412 1662 457 1705 ὃς
480 1661 569 1723 ipse
589 1661 732 1706 secum
758 1676 956 1739 pergeret
980 1678 1101 1723 pater
1131 1662 1219 1706 eius
1254 1661 1472 1723 polcebat.
1501 1665 1636 1710 Cum-

260 1749 344 1793 que
368 1731 503 1789 illum,
539 1731 593 1777 acl
618 1733 725 1777 tanti
750 1733 891 1794 operis
916 1732 1088 1776 initium
1113 1748 1318 1794 tanteque
1345 1735 1429 1780 vite
1455 1751 1634 1782 conver-

258 1802 469 1848 sationem
498 1801 739 1860 invitando,
777 1820 802 1848 a
827 1803 956 1848 leculi
982 1802 1292 1866 voluptatibus,
1326 1822 1350 1849 a
1374 1805 1528 1851 mundi
1556 1806 1630 1852 cle-

258 1874 379 1933 liciis,
415 1892 439 1919 a
475 1874 724 1936 temporalis
760 1875 845 1920 vire
880 1872 987 1918 falfis
1020 1873 1266 1921 divitiarum
1298 1876 1509 1938 prosperis
1541 1878 1634 1941 sug-

258 1945 454 2008 gerendo
469 1946 693 2009 segregare
706 1943 895 2002 volebat,
916 1947 960 1990 ὃς
978 1944 1114 2004 illum,
1131 1946 1141 1973 ¹'
1165 1945 1406 2007 opitulante
1420 1948 1634 2008 Domino,

258 2015 314 2062 ad
340 2020 453 2062 red‘te
477 2017 793 2061 constitutionis
820 2016 1009 2060 formam
1026 2018 1071 2061 ὃς
1089 2015 1144 2060 ad
1169 2016 1328 2060 celestis
1353 2017 1502 2062 militie
1533 2020 1634 2064 tiro-

257 2089 419 2133 cinium
455 2087 652 2134 divinum
687 2087 893 2133 inchoare
924 2088 1139 2133 lervitium
1160 2089 1489 2167 propriamque
1516 2088 1633 2136 dele-

257 2177 347 2204 rere
371 2159 555 2222 patriam
581 2160 625 2203 ὅς
656 2159 804 2221 patula
830 2160 972 2204 lecum
1002 2160 1360 2237 peregrinationis
1388 2161 1634 2222 perquirere

258 2248 352 2275 rura
385 2228 583 2293 rogabat,
619 2231 663 2274 ὃς
697 2228 751 2274 fic
781 2230 903 2275 illum
928 2230 1121 2291 primitus
1152 2228 1322 2275 blandis
1356 2231 1634 2276 oraculorum

258 2300 400 2346 studiis
433 2299 701 2362 alloquendo
735 2300 959 2359 invitabat,
984 2317 1045 2358 ut,
1080 2302 1288 2346 comitatu
1324 2300 1512 2346 filiorum
1544 2304 1632 2348 eius

258 2369 485 2435 fungens,j
508 2372 713 2435 egregiak
735 2371 898 2417 adiret!
920 2372 1039 2428 Petri,
1078 2371 1375 2434 apostolorum
1412 2374 1631 2436 principis,

256 2443 420 2499 limina,
447 2458 550 2487 tunc
572 2442 643 2488 ille
664 2441 720 2487 ad
740 2444 950 2505 primitus,
974 2443 1047 2488 illo
1067 2443 1323 2506 postulante,
1355 2445 1536 2506 petitum
1555 2462 1630 2490 ne-

304 2604 330 2624 av
353 2594 386 2624 C.
407 2591 601 2624 habebatur.
628 2613 672 2616 0—
691 2593 721 2625 b.
747 2595 779 2625 C.
799 2592 898 2636 profi·
984 2592 1050 2625 illo.
1070 2611 1110 2615 —
1132 2592 1164 2624 h.
1179 2591 1310 2624 transire
1328 2593 1361 2624 A.
1382 2591 1415 2624 in
1433 2594 1468 2625 C.
1484 2613 1528 2616 «-
1549 2593 1568 2625 1.
1592 2595 1626 2626 C.

257 2645 331 2678 ciet.
355 2665 400 2669 -—
427 2656 455 2677 c.
480 2644 607 2678 ‘Titulus
626 2647 656 2677 d.
682 2645 715 2678 in
733 2647 780 2687 C.⁹
803 2647 833 2678 P.
858 2665 898 2669 —
984 2645 1064 2677 illos.
1095 2668 1109 2669 ἶ
1140 2646 1164 2688 j.
1178 2646 1210 2678 C.
1224 2644 1364 2688 fugiens.
1383 2664 1428 2668 ——
1444 2645 1474 2677 k.
1489 2647 1523 2678 C.
1536 2658 1628 2690 egre-

257 2698 289 2729 d.
310 2700 345 2731 C.
365 2698 623 2742 specularetque.
652 2719 696 2722 —
727 2710 754 2731 e.
787 2700 819 2731 C.
840 2698 900 2730 sta-
984 2699 1069 2744 gius.
1088 2698 1162 2731 -Ι,
1184 2699 1216 2731 C.
1237 2699 1315 2730 add.
1336 2698 1492 2744 presagia.

259 2751 396 2797 timque-
418 2771 462 2776 —-
482 2751 503 2785 f.
523 2754 556 2786 C.
572 2752 627 2786 ast.
648 2772 692 2776 —-
710 2764 742 2798 g.
759 2753 792 2784 C.
804 2750 902 2784 addit
