2216 3435
656 217 723 249 DE
757 217 894 250 LOCIS
927 216 1148 249 SANCTIS.
1497 215 1583 266 157

210 364 255 407 in
292 362 422 408 estivo
458 361 633 407 solstitio
669 361 912 407 meridiano
948 379 1160 424 tempore,
1191 361 1248 407 ad
1279 379 1473 408 centrum
1503 364 1584 409 celi

210 434 298 478 sole
322 434 614 495 perveniente,
641 432 840 479 umbram
860 451 950 478 non
970 433 1090 491 facit,
1116 433 1290 477 solstitio
1311 434 1428 478 enim
1450 435 1581 479 trans-

209 502 351 562 miffo,
387 503 509 565 quod
543 504 599 548 est
622 504 739 548 Villa
768 504 848 550 kal.
876 504 978 562 iulij,
1004 505 1131 549 ternis
1160 502 1308 549 diebus
1338 505 1583 563 interieclis,

208 574 418 636 paulatim
438 573 711 619 decrescente
731 573 814 633 die,
842 573 1041 619 umbram
1060 576 1252 636 primum
1272 574 1373 619 facit
1393 573 1581 633 brevem,

208 643 367 690 deinde
392 643 591 707 processu
618 643 788 690 dierum
807 646 1070 708 longiorem.
1092 648 1237 706 Itaque
1256 644 1336 690 hec
1361 645 1581 704 columna,

207 732 342 777 quam
376 715 474 760 solis
513 715 679 760 claritas
714 717 759 760 in
795 717 927 762 estivo
970 717 1146 761 solstitio
1183 714 1431 760 meridianis
1466 716 1583 761 horis

207 786 350 831 stantis
375 787 419 831 in
444 803 594 832 centro
618 786 739 845 celi‚b
769 805 792 832 e
816 788 997 850 regione
1023 785 1205 849 desuper
1230 786 1580 850 circumfulgens,

205 874 256 903 ex
300 858 423 902 omni
469 873 591 919 parte
638 857 894 903 circumfusa
944 858 1179 920 perlustrat,
1228 857 1582 916 Hierosolymam

205 926 385 973 urbems
407 929 451 973 in
483 931 613 973 medio
650 947 751 974 terre
788 928 907 974 fitam
939 927 1023 974 effe
1056 929 1324 991 protestatur.
1369 927 1498 975 Unde
1536 931 1581 974 ὃς

204 999 563 1062 Psalmographus
598 1016 779 1062 propter
804 1001 947 1044 saneta
972 1000 1172 1062 paffionis
1197 1002 1242 1044 ὃς
1265 1000 1580 1046 Γείῂπεὲᾞῡῃὶε

202 1070 316 1129 loca,
366 1087 450 1131 que
485 1072 597 1115 intra
639 1071 777 1133 ipsam
824 1071 951 1116 eliam
998 1072 1292 1129 continentur,
1340 1072 1579 1117 vaticinans

203 1142 337 1186 canit:
381 1145 494 1185 ‘Deus
531 1159 673 1197 autem,
716 1161 783 1187 rex
826 1147 964 1202 noster,
996 1160 1085 1186 ante
1112 1144 1256 1203 secula
1302 1160 1487 1203 operatus
1527 1148 1579 1204 est

190 1214 367 1273 salutem
390 1216 428 1256 in
449 1214 578 1256 medio
604 1230 720 1271 terre,
746 1212 789 1257 id
815 1213 871 1258 est
895 1213 939 1257 in
961 1213 1245 1271 Hierusalem,
1268 1231 1352 1275 que
1375 1213 1579 1259 mediter-

201 1300 331 1329 ranea
355 1285 399 1328 ὃς
424 1281 654 1328 umbilicus
680 1300 787 1329 terre
813 1283 982 1330 dicitur.

198 1458 309 1504 XIV.
337 1464 402 1504 ‘De
426 1460 582 1522 eccleficz
607 1462 750 1504 sancfle
771 1462 927 1505 Μαι-ἵε
952 1464 991 1505 in
1014 1462 1121 1505 valle
1140 1463 1327 1522 Iosaplzat
1346 1465 1573 1522 fabricata,

504 1534 544 1575 in
569 1550 645 1590 qua
671 1549 956 1576 monumentum
982 1536 1068 1576 eius
1091 1535 1270 1578 habetur.

262 1642 520 1687 Sancfforum
571 1642 772 1688 locorum
826 1643 994 1688 sedulus
1048 1644 1367 1705 frequentator,
1410 1646 1578 1691 sanequs

197 1713 412 1771 Arculfus,
449 1716 593 1757 sunere
618 1716 774 1759 marie
809 1716 1003 1778 eccleficrm
1051 1720 1089 1760 in
1129 1717 1238 1761 valle
1262 1719 1453 1778 Iosaplzat
1495 1716 1576 1763 fre-

198 1782 448 1846 quentabat,
492 1785 610 1829 cuius
649 1784 878 1847 dupliciter
908 1785 1147 1832 fabricated
1167 1787 1348 1832 inferior
1377 1806 1474 1851 pars
1500 1788 1575 1834 sub

195 1854 370 1917 lapideo
393 1853 587 1900 tabulato
615 1854 799 1901 mirabili
823 1856 1012 1903 rotunda
1040 1858 1245 1903 struelura
1270 1859 1327 1904 est
1353 1859 1574 1918 fabricata,

194 1927 238 1972 in
275 1927 393 1971 cuius
429 1926 624 1971 orientali
660 1944 780 1989 parte
819 1928 1015 1973 altarium
1052 1928 1246 1988 habetur,
1281 1929 1336 1975 ad
1378 1930 1573 1978 dextram

195 2015 298 2044 vero
331 1998 419 2043 eius
457 2013 625 2059 partem
662 1999 804 2044 sancle
836 2000 968 2045 Marie
1006 2001 1175 2045 saxeum
1212 2002 1317 2045 inest
1341 2005 1573 2063 sepulcrum

194 2086 396 2128 vacuum,
434 2072 476 2115 in
511 2088 598 2132 quo
637 2070 873 2133 aliquando
909 2073 1143 2133 requievit&
1182 2072 1358 2134 sepulta.
1396 2074 1479 2120 Sed
1519 2075 1573 2122 de

195 2138 355 2186 eodem
403 2143 620 2204 sepulcro,
663 2142 896 2204 quomodo
943 2144 1011 2189 vel
1057 2160 1145 2205 quo
1189 2160 1387 2206 tempore
1434 2163 1507 2192 aut
1548 2167 1573 2194 a

195 2210 350 2272 quibus
381 2214 574 2275 personis
606 2215 801 2260 sancium
829 2215 1137 2276 corpusculum
1161 2216 1249 2260 eius
1274 2213 1320 2260 sit
1344 2214 1572 2277 sublatum,

193 2283 261 2328 vel
300 2283 343 2329 in
385 2302 474 2346 quo
514 2285 616 2330 loco
658 2286 1011 2332 resurreetionem
1044 2288 1281 2349 exspeciat,
1323 2289 1477 2346 nullus,
1527 2307 1572 2335 ut

194 2354 375 2413 fertur,f
402 2372 480 2417 pro
520 2372 639 2401 certo
671 2357 772 2402 scire
806 2357 960 2417 potest.
993 2358 1122 2403 Hanc
1146 2358 1397 2404 inferiorem
1423 2377 1571 2407 rotun-

194 2424 297 2470 dam
344 2426 497 2471 Sancffe
544 2427 677 2472 Marie
725 2428 945 2474 ecclesiam
988 2431 1208 2487 intrantes,
1256 2430 1375 2474 illam
1421 2429 1571 2476 vident

192 2513 361 2559 petram
379 2496 434 2542 ad
459 2496 654 2542 dextram
675 2501 843 2560 parietis
870 2501 1085 2557 insertam,
1113 2501 1236 2563 supra
1262 2518 1393 2563 quam
1416 2503 1569 2546 Domi-

238 2620 266 2641 a.
295 2609 326 2641 L.
361 2611 421 2642 IX.
449 2630 490 2634 —
516 2611 544 2643 b.
571 2613 625 2652 B„
657 2613 686 2644 P.
717 2624 840 2654 12943,
925 2613 1039 2645 santii<
1069 2612 1225 2657 pertinet,
1255 2613 1298 2646 al.
1334 2613 1491 2657 pausavit.
1526 2633 1566 2637 —

194 2662 242 2703 V.‚
261 2663 296 2694 R.
324 2662 399 2706 poli,
431 2683 471 2687 —-
494 2675 520 2696 c.
547 2665 592 2703 L.,
609 2665 652 2698 al.
673 2666 773 2698 orbis.
796 2686 838 2690 —
923 2668 944 2698 s.
978 2668 1007 2699 Ι).
1041 2679 1162 2709 12943,
1187 2669 1235 2700 ed.
1261 2675 1295 2700 ut
1323 2667 1420 2700 refert
1449 2667 1567 2699 Hiero-

189 2715 220 2748 d.
250 2715 282 2748 L.
313 2715 446 2750 fabrice.
481 2737 521 2741 —
564 2730 589 2751 e.
626 2719 660 2752 B.
687 2719 784 2752 addit
807 2721 837 2752 <Sc
923 2731 1054 2767 nymus.
