2216 3435
556 197 602 230 12
1075 194 1364 227 ORDINACIO

544 362 566 388 e
595 343 814 388 contrario
852 340 1002 387 habuit
1036 359 1155 387 arma
1188 343 1259 387 sua
1294 340 1505 388 debiliora
1541 344 1736 401 exterius,
1763 345 1923 392 scilicet

544 432 734 471 carnem,
760 416 804 459 δε
830 414 1017 459 forciora
1043 415 1230 470 interius,
1258 413 1413 459 scilicet
1440 412 1661 474 deitatem,
1693 432 1777 477 que
1802 415 1926 462 latuit

546 485 617 531 sub
645 504 786 532 carne.

612 562 733 604 Item:
773 556 971 621 Qiando
999 557 1079 603 Eva
1104 559 1272 619 accepit
1297 575 1484 620 pomum
1509 557 1564 604 de
1596 559 1736 622 ligno,
1779 557 1926 605 claufit

545 647 724 675 manum
766 630 884 674 suam
925 629 1065 675 versus
1109 629 1293 692 lignum,
1336 629 1528 675 Christus
1561 648 1583 676 e
1618 632 1838 676 contrario
1879 633 1923 676 in

543 718 670 747 cruce
714 699 936 747 avertebat
980 718 1132 746 manus
1176 701 1267 745 suas
1299 719 1323 746 a
1353 701 1475 763 ligno
1506 703 1550 747 &
1584 720 1736 748 manus
1777 702 1926 749 habuit

543 789 725 836 apertas,
756 789 800 817 ut
819 773 984 829 innuat,
1011 770 1132 833 quod
1153 770 1361 818 debemus
1381 789 1572 819 avertere
1591 791 1743 819 manus
1764 775 1926 820 nostras

543 862 568 889 a
583 843 706 890 rebus
727 842 972 906 prohibiti83
993 861 1069 907 per
1083 860 1270 905 pomum
1289 860 1435 889 autem
1455 842 1718 907 significatur
1737 845 1928 908 qualibet

546 933 607 961 res
632 915 863 979 prohibita.

611 991 732 1033 item:
765 987 959 1033 Christus
991 989 1035 1032 in
1068 1005 1194 1034 cruce
1220 988 1400 1034 inclinat
1431 989 1471 1034 se
1504 987 1559 1034 ad
1593 989 1791 1035 osculum
1821 989 1926 1035 offe-

545 1076 640 1104 rens
672 1076 828 1120 pacem
860 1061 1092 1121 peccatori,
1129 1059 1279 1105 dilatat
1312 1059 1488 1106 brachia
1518 1061 1563 1105 in
1589 1078 1715 1107 cruce
1746 1060 1803 1107 ad
1833 1079 1926 1107 am-

546 1130 732 1192 plexum.
760 1130 877 1175 Dicit
907 1131 1023 1175 enim
1053 1152 1073 1170 <r
1103 1134 1226 1192 t75<0n
1262 1136 1349 1176 veni
1380 1127 1667 1193 vocare-'iustos
1685 1136 1766 1195 sed
1783 1152 1927 1194 pecca-

544 1219 649 1246 tores
676 1222 698 1241 υ
730 1199 864 1264 (Luc,
889 1216 934 1260 V,
964 1205 1061 1264 32),
1087 1203 1131 1247 ὃς
1156 1200 1255 1247 alibi
1283 1201 1401 1261 dicit,
1435 1225 1457 1244 <c
1488 1206 1859 1266 fflsc1ius-gaudgum
1886 1208 1926 1249 in

544 1292 666 1335 regno
693 1275 770 1318 celi
793 1276 917 1335 super
942 1293 1017 1319 uno
1040 1292 1252 1335 peccatore
1280 1296 1302 1314 n
1332 1275 1469 1335 (Luc,
1502 1289 1584 1334 XV,
1614 1279 1678 1337 7).
1710 1279 1926 1340 Apertum

546 1346 602 1391 cst
627 1346 716 1389 eius
739 1345 848 1390 latus
874 1343 929 1390 ad
959 1344 1247 1407 operiendum
1273 1347 1360 1391 eius
1386 1347 1608 1392 secretum.

610 1420 731 1462 Item:
759 1416 921 1463 Unicus
944 1417 1022 1461 fuit
1041 1416 1186 1463 clavus
1207 1415 1369 1462 defixus
1389 1420 1433 1463 ὃς
1453 1418 1677 1464 transfixus
1696 1437 1773 1482 per
1793 1420 1926 1483 pedes

545 1487 715 1543 Christi,
754 1489 852 1549 quia
886 1505 962 1549 per
993 1487 1125 1549 pedes
1158 1487 1417 1551 significatur
1447 1506 1621 1552 corpus,
1663 1492 1782 1553 quod
1809 1510 1928 1539 nunc

545 1558 642 1614 huc,
668 1576 784 1604 nunc
803 1559 903 1604 illuc
924 1561 1111 1615 vertitur,
1146 1558 1248 1604 ficut
1268 1559 1401 1622 pedes
1425 1578 1541 1606 nunc
1561 1561 1660 1621 huc,
1687 1580 1803 1609 nunc
1826 1564 1927 1611 illuc

545 1631 688 1676 ferunt
712 1647 883 1693 corpus,
930 1631 1128 1676 Dileccio
1155 1649 1310 1676 aucem
1336 1633 1474 1689 unius,
1500 1633 1659 1678 scilicet
1683 1635 1781 1693 Dei,
1809 1637 1927 1698 prin-

544 1702 738 1765 cipaliter
773 1701 903 1747 debet
933 1700 1017 1747 esse
1043 1703 1086 1747 in
1124 1702 1272 1761 corde,
1315 1705 1359 1748 ὅ(
1388 1701 1490 1748 ideo
1523 1705 1672 1750 unicus
1704 1706 1849 1753 clavus
1883 1709 1926 1753 in

543 1772 726 1835 pedibus
753 1774 847 1832 fuit,
872 1776 946 1835 qui
973 1791 1048 1819 cor
1067 1773 1292 1837 fignificat,
1318 1775 1363 1819 in
1389 1791 1479 1835 quo
1499 1775 1557 1820 est
1582 1777 1731 1822 caritas
1757 1795 1857 1837 una,
1882 1781 1926 1824 in

544 1862 629 1906 qua
654 1862 739 1890 una
765 1844 1001 1891 fundantur
1026 1863 1180 1891 omnes
1208 1846 1290 1891 alie
1309 1847 1496 1892 virtuteS.
1529 1847 1646 1893 Sicut
1666 1849 1783 1895 enim
1803 1851 1928 1896 multi

543 1916 649 1961 rami
680 1934 731 1962 ex
768 1934 854 1962 una
890 1916 1032 1962 radice
1068 1916 1304 1980 prodeunt,
1342 1915 1395 1962 sic
1427 1919 1471 1962 <Sc
1503 1918 1638 1964 multe
1668 1921 1843 1967 virtutes
1877 1940 1927 1968 ex

545 2005 629 2033 una
670 1989 845 2033 caritate
893 1988 1134 2050 prodeunt,
1182 2006 1266 2050 que
1314 1988 1454 2034 defixa
1495 1990 1553 2034 est
1594 1991 1637 2035 in
1685 1991 1832 2039 corde.
1882 1997 1925 2039 ln

544 2057 850 2122 designacione
873 2061 1004 2124 igitur
1037 2061 1160 2106 unius
1192 2062 1377 2106 caritatis
1408 2061 1486 2107 fuit
1517 2063 1666 2108 unicus
1706 2063 1851 2111 clavus
1881 2067 1925 2112 in

543 2129 739 2194 pedibus.

611 2206 732 2249 Item:
775 2204 847 2249 Per
883 2222 1037 2250 manus
1075 2203 1364 2267 fignificantur
1401 2221 1549 2266 opera,
1592 2208 1693 2268 quia
1724 2207 1924 2255 manibus

544 2292 791 2337 operamur,
823 2275 938 2321 unde
970 2275 1059 2321 duo
1087 2276 1260 2322 fuerunt
1284 2275 1395 2321 clavi
1423 2275 1466 2320 in
1491 2277 1690 2324 manibus
1718 2279 1774 2325 ad
1799 2279 1925 2345 signi-

544 2344 782 2403 ficandum,
813 2347 935 2408 quod
961 2347 1050 2393 duo
1078 2346 1239 2394 debent
1265 2345 1351 2392 effe
1377 2364 1511 2410 opera
1537 2349 1680 2395 nostra
1700 2349 1832 2411 bona,
1859 2353 1926 2399 vel

543 2417 586 2462 in
612 2418 700 2463 vita
724 2419 877 2477 aciiva,
902 2419 970 2465 vel
994 2419 1349 2482 contemplativa.
1643 2418 1654 2440 ¹

611 2492 743 2535 Item:
784 2491 1011 2536 Ternarius
1034 2491 1112 2537 fuit
1152 2491 1377 2537 clavorum
1419 2491 1462 2536 in
1499 2489 1807 2555 defignacione
1830 2496 1924 2541 Tri-

544 2576 702 2606 nitatis.

612 2635 744 2678 Item:
783 2635 1001 2679 Dominus
1031 2636 1075 2679 in
1106 2652 1233 2680 cruce
1260 2635 1490 2682 inclinavit
1523 2637 1564 2682 se
1601 2635 1657 2682 ad
1691 2653 1849 2683 terram
1878 2639 1924 2683 ὃς

545 2703 698 2752 direxit
720 2705 764 2750 in
790 2720 946 2751 terram
970 2707 1107 2752 visum
1130 2706 1186 2753 ad
1207 2705 1554 2773 fignificandum‚
1583 2707 1706 2773 quod
1731 2709 1818 2774 ipse
1843 2709 1924 2756 fuit

1948 1213 2186 1252 Afifioa,c.2
