2216 3435
501 200 600 257 xviij
1051 219 1348 257 PRAEFATIO.

498 354 672 409 Faustini
686 356 874 410 leguntur,
895 376 1006 414 quum
1022 364 1114 404 mihi
1127 375 1270 420 parum
1291 368 1378 408 utile
1384 369 1480 423 fore
1499 371 1624 429 visum
1644 375 1742 428 fft,
1750 374 1791 429 si
1809 375 1886 414 loca

495 419 572 459 iam
580 421 783 479 serviliter
805 427 1038 485 transcripta
1058 429 1134 487 ipse
1152 431 1353 488 iteraffim‚
1374 449 1457 488 quae
1476 437 1604 478 verbis
1623 437 1710 478 XX
1731 453 1753 478 a
1775 439 1886 480 Che-

497 484 596 525 bron
615 486 674 542 fic
705 488 904 542 incipiunt:
945 509 960 529 «
1004 492 1133 547 Igitur
1166 495 1382 550 longitudo
1417 497 1496 540 five
1532 501 1703 542 latitudo
1737 501 1886 544 Iudaeae

497 566 513 586 «
534 563 686 604 quanta
717 553 776 606 fit,
797 555 822 595 s.
843 557 1128 613 Hieronymus
1151 560 1437 604 determinavit
1458 565 1497 605 in
1520 567 1695 620 quadam
1716 569 1886 623 epistola

495 632 511 651 «
537 616 583 656 ad
609 617 870 673 Dardanum,
891 637 940 662 ex
962 639 1042 677 qua
1063 639 1137 666 nos
1157 627 1254 667 huic
1275 630 1404 682 operi,
1422 645 1513 684 quae
1533 631 1751 674 necessaria
1771 635 1885 675 vide-

494 697 509 717 «
532 681 680 722 bantur
694 686 1031 740 excerpfimus,in
1049 704 1128 743 qua
1145 691 1332 734 adversus
1345 692 1506 737 Iudaeos
1520 698 1569 737 de
1578 697 1715 739 Terra
1726 699 1884 753 Repro-

493 763 508 783 «
534 747 726 789 miffionis
749 751 870 791 etiam
893 753 1048 794 addidit
1068 755 1156 795 haec
1168 787 1266 798 .....
1288 758 1391 800 Haec
1413 760 1705 816 Hieronymus.
1732 781 1748 800 »
1771 764 1881 819 ¹Quin

490 813 601 852 etiam
624 815 820 856 adduntur
854 829 1025 873 exem-pta
1055 822 1227 872 quaedam
1251 839 1295 862 ex
1315 823 1453 865 Flavio
1487 826 1648 884 Iosepho,
1680 827 1749 869 De
1770 829 1879 870 bello

491 877 738 930 iudaico,lib.
753 880 1223 939 III,cap.3‚&postquam
1235 897 1350 941 caput
1359 888 1564 931 humanum
1575 908 1656 932 cum
1669 895 1761 934 urbe
1778 894 1879 934 Hie-

490 944 685 1001 rosolyma,
697 955 739 985 ut
757 948 913 1000 regionis
933 951 1065 1003 capite,
1083 954 1332 1004 comparavit,
1353 953 1406 995 his
1425 956 1554 997 verbis
1571 959 1752 1011 paginam
1771 960 1879 1000 clau-

484 1010 559 1049 dit:
584 1026 599 1046 «
618 1010 828 1053 Hacstenus
842 1012 1048 1068 Iosephus.
1067 1015 1177 1072 Quae
1192 1017 1347 1058 idcirco
1362 1019 1654 1062 relationihuic
1670 1023 1879 1066 inserenda

487 1075 641 1126 putavi,
664 1087 708 1116 ut
734 1078 945 1118 veritatem
976 1080 1146 1122 studiose
1170 1083 1469 1136 inquirentibus
1496 1086 1694 1127 maiorem
1714 1086 1876 1131 Iudaeus

484 1139 637 1180 relator
660 1141 708 1181 de
720 1139 868 1184 Iudaeae
884 1142 956 1185 fitu
968 1145 1090 1186 fidem
1103 1148 1265 1189 faceret.
1282 1166 1297 1185 »
1314 1149 1527 1204 Sequuntur
1548 1154 1672 1193 verba
1688 1157 1875 1208 quaedam,

483 1221 525 1244 ex
547 1205 726 1259 Eucherq'
746 1208 1061 1251 Commentario
1091 1214 1130 1253 in
1167 1214 1316 1254 Libros
1347 1215 1524 1270 Regum,
1546 1218 1588 1257 de
1603 1219 1716 1272 fonte
1737 1220 1873 1262 Siloah.

481 1270 668 1311 Caeterum
695 1288 763 1312 non
784 1278 1092 1326 praetereundum
1127 1281 1180 1333 est
1198 1281 1348 1321 eundem
1380 1289 1567 1323 auHorem
1596 1284 1634 1323 in
1644 1285 1732 1343 suis
1747 1287 1873 1344 super

481 1336 657 1377 Sanfflam
687 1338 923 1393 Scripturam
945 1346 1215 1386 commentariis
1240 1347 1359 1387 multa
1383 1348 1639 1404 geographica
1664 1351 1874 1409 inseruiffl’,

477 1418 559 1455 quae
596 1419 665 1443 non
705 1407 834 1459 magni
860 1409 978 1461 pretij
1010 1411 1261 1463 existimanda
1283 1413 1393 1470 sunt,
1428 1430 1541 1467 quum
1561 1432 1606 1457 ea
1640 1433 1683 1457 ex
1720 1417 1874 1476 Eusebij

477 1465 771 1523 Hieronymique
789 1471 1062 1514 Onomastico
1074 1476 1295 1530 plerumque
1316 1478 1359 1518 de
1374 1481 1491 1520 verbo
1512 1482 1567 1521 ad
1577 1483 1739 1522 verbum
1760 1491 1872 1522 tran-

470 1531 616 1586 scripta
627 1533 719 1590 fint.

526 1662 790 1706 EDITIONEM
800 1676 944 1708 tantum
954 1685 1068 1710 unam
1078 1673 1260 1725 novimus,
1269 1689 1382 1727 quam
1389 1676 1427 1716 in
1438 1676 1563 1717 Nova
1572 1676 1769 1718 Biblioth.
1782 1692 1867 1718 ma-

471 1727 770 1782 nuscriptorum
785 1731 995 1785 librorum,
1007 1733 1076 1787 t.I,
1090 1737 1192 1778 dedit
1202 1738 1398 1794 Philippus
1413 1740 1545 1782 Labbe
1556 1741 1718 1799 (Parifl,
1736 1742 1865 1795 1657).

469 1793 649 1834 Eumdem
682 1807 819 1837 textum
853 1800 945 1853 typis
973 1802 1146 1857 exprfft
1182 1803 1362 1857 Ugolinus
1390 1807 1428 1846 in
1456 1807 1582 1847 Thes.
1614 1807 1865 1861 Antiquitat.

468 1859 669 1900 sacrarum
702 1862 863 1915 (Venet,
896 1866 1026 1919 1747).
1056 1867 1102 1906 In
1137 1878 1299 1922 utraque
1328 1882 1450 1912 autem
1476 1873 1629 1913 editione
1655 1882 1733 1912 tam
1762 1888 1864 1913 men-

469 1925 576 1982 dosus
596 1937 712 1966 textus
731 1928 884 1981 legitur,
900 1940 941 1970 ut
955 1933 1142 1984 quaedam,
1158 1944 1228 1974 aut
1242 1935 1345 1975 nullo
1359 1937 1474 1988 modo,
1491 1948 1560 1978 aut
1573 1937 1792 1993 difficillime
1806 1938 1865 1978 in-

466 1991 584 2044 telligi
598 1992 744 2047 posfint,
758 1995 977 2050 prasertim
999 2013 1110 2050 quum
1135 1999 1280 2040 nullum
1301 2001 1420 2042 alium
1446 2002 1689 2044 habuerimus
1708 2003 1863 2044 codicem

463 2057 780 2113 manuscriptum,
800 2061 904 2102 cuius
936 2063 1078 2103 auxilio
1102 2074 1257 2118 pravas
1283 2066 1443 2110 leniones
1475 2072 1759 2122 corrigeremus,
1790 2068 1866 2124 nist

462 2121 569 2162 illum
603 2123 724 2180 ipsum
759 2140 863 2178 quem
907 2129 1082 2184 excripfit
1123 2130 1196 2171 Ph.
1243 2131 1377 2173 Labbe
1427 2133 1672 2185 (Vaticanus,
1709 2134 1788 2188 636
1827 2148 1862 2185 a,

460 2203 506 2227 m.
518 2188 558 2246 s
581 2189 735 2238 XIII).
757 2190 836 2244 Etfi
853 2191 936 2233 huic
957 2195 1184 2251 brevffnzae
1206 2197 1447 2253 descriptioni
1464 2215 1643 2254 magnum
1663 2199 1773 2240 haud
1787 2200 1861 2240 tri-

460 2255 644 2294 buendum
655 2256 703 2308 stt
717 2268 949 2310 momentum,
964 2275 1034 2300 non
1050 2271 1172 2302 tamen
1185 2264 1328 2304 omnino
1341 2264 1499 2319 indigna
1514 2268 1576 2320 est,
1586 2280 1670 2319 quae
1681 2266 1859 2307 intentum

458 2317 599 2359 habeat
617 2320 759 2361 lectoris
779 2323 958 2364 animum.

458 2420 591 2466 Lipfiae,
622 2434 723 2465 1794,
749 2425 793 2466 11,
820 2426 918 2469 775),
947 2426 1003 2472 qui
1034 2427 1114 2462 nihil
1197 2436 1334 2474 patrum
1365 2431 1546 2477 Colonienfi,
1575 2440 1600 2467 t.
1635 2435 1679 2476 V,
1708 2445 1736 2468 c.
1775 2446 1858 2478 739-

456 2474 500 2507 ad
535 2475 626 2508 suam
670 2478 881 2522 probandam
918 2481 1111 2525 opinionem
1201 2485 1298 2529 740).
1323 2486 1398 2520 Sive
1421 2495 1534 2521 autem
1554 2487 1590 2520 fit
1615 2488 1776 2532 genuina,
1792 2489 1857 2523 five

457 2527 564 2561 affert,
584 2529 704 2563 Nullus
719 2540 808 2565 certe
824 2545 862 2565 ex
875 2534 1021 2580 antiquis
1033 2547 1115 2570 auc-
1197 2550 1277 2580 non,
1304 2540 1462 2585 Eucherij
1490 2540 1625 2586 epistola
1657 2541 1700 2575 ad
1727 2542 1856 2576 Fausti-

459 2581 590 2615 toribus
608 2583 650 2617 de
676 2584 740 2618 hoc
762 2585 875 2620 libello
901 2587 985 2621 inter
1012 2589 1113 2624 sanffl
1197 2601 1391 2635 num‚certe
1411 2594 1592 2640 descriptio
1607 2606 1685 2629 cum
1702 2595 1761 2629 illis
1774 2607 1855 2629 con-

455 2636 612 2680 Eucherij
649 2649 750 2682 opera
784 2640 988 2675 mentionem
1022 2643 1113 2678 facit.
1196 2645 1299 2690 gruit,
1331 2659 1408 2692 quae
1441 2647 1585 2692 episcopi
1620 2648 1852 2693 Lugdunenfis

455 2688 526 2733 (Cf.
549 2690 596 2722 A.
620 2691 762 2736 Schottij
783 2694 919 2739 Praefat.
938 2696 980 2728 ad
1002 2698 1113 2741 Opera
1196 2709 1349 2744 tempore
1372 2701 1414 2734 de
1444 2700 1622 2735 Palaestina
1647 2709 1728 2735 nota
1757 2709 1851 2735 erant

453 2741 476 2775 s.
519 2743 675 2788 Eucherij
716 2745 747 2778 in
783 2748 946 2782 Maxima
986 2750 1110 2784 Bibliot.
1198 2752 1304 2797 (Nota
1321 2755 1360 2787 A.
1379 2753 1564 2797 Molinier).
