2216 3435
786 290 1154 325 ITINERARIUM.

1567 276 1654 341 365

284 434 505 491 basilicama
529 434 654 474 Sanc‘le
674 433 814 474 Mario
852 434 899 473 ad
922 433 1092 473 Sanfflam
1127 432 1311 486 Sophiam,
1351 447 1429 484 que
1462 433 1536 472 fuit
1568 447 1656 486 pre-

284 494 444 544 torium,
456 493 523 533 ubi
536 493 758 533 adducitusb
778 493 832 533 est
848 493 1067 533 Dominus.
1088 491 1214 544 Super
1228 491 1289 530 his
1306 490 1406 530 locis
1428 491 1630 533 descendit
1644 504 1657 521 ί

280 566 345 592 ros
365 551 462 592 ficut
483 552 630 605 pluvia,
652 552 852 605 colligunt
881 566 975 591 eum
998 550 1159 600 medici,
1187 549 1225 589 δε
1246 549 1285 588 in
1309 549 1390 602 ipso
1423 561 1656 603 coquuntur

282 625 423 651 omnes
443 611 733 652 confeEfiones.
749 612 769 641 d
786 612 896 652 Nam
923 611 1038 650 multi
1062 610 1275 663 languores
1299 608 1482 648 sanantur
1501 623 1550 648 ex
1572 609 1653 662 ipso

282 684 385 709 rore.
400 683 413 701 e
430 668 517 722 Ipse
527 670 582 710 est
594 671 733 711 enimf
748 684 825 721 ros,
840 672 889 710 de
900 685 981 724 quo
998 669 1195 723 propheta
1206 668 1340 707 David
1353 668 1472 707 canit:
1488 668 1585 707 Sicut
1597 685 1654 708 ros

280 728 466 780 Hermon,
479 729 541 782 qui
553 730 776 787 destenditin
788 739 938 769 montem
950 742 972 770 g
986 729 1086 781 Syon.
1100 726 1172 775 (Ps.
1191 739 1360 776 CXXXII,
1372 726 1421 780 3.)
1452 725 1507 766 Et
1530 741 1655 779 prope

281 787 403 840 ipsam
420 789 549 840 ripam
562 791 578 819 ἢ
596 788 778 838 Iordanis,
794 788 900 842 quasl
925 787 1097 827 miliario
1116 787 1156 840 ij,
1178 788 1189 816 ἱ
1212 785 1266 825 est
1283 786 1371 825 fons
1392 785 1459 824 ubi
1478 785 1657 838 baptiza-

281 845 346 885 bat
360 845 514 886 sanetus
526 845 767 886 Iohannes.j
788 844 833 885 In
848 845 930 899 ipso
949 845 1040 884 loco
1054 844 1109 884 est
1125 843 1251 894 vallis,
1264 846 1278 873 k
1310 845 1348 882 in
1371 857 1450 896 qua
1470 844 1657 883 inventus

279 904 334 944 est
364 904 528 959 Helyas,
549 905 712 958 quando
745 906 779 944 ei
802 920 948 945 corvus
971 903 1175 943 deferebat
1197 916 1343 953 panem
1364 901 1402 941 &
1423 916 1576 942 carnes.
1610 901 1655 942 In

278 964 451 1003 circuitu
473 974 607 1003 autem
628 964 742 1004 vallis
764 962 883 1017 ipfius
905 963 1123 1003 multitudo
1140 962 1417 1001 habitancium
1439 961 1493 1000 ibi
1511 963 1524 990 l
1543 962 1657 1001 here-

280 1023 478 1062 mitarum.
512 1022 566 1062 Et
596 1023 647 1063 ibi
678 1038 805 1076 prope
828 1023 883 1062 est
903 1023 1056 1072 civitas,
1081 1035 1158 1074 que
1188 1031 1356 1060 vocatur
1378 1020 1616 1070 Salamaida,
1633 1032 1657 1049 ⁷²1

280 1080 346 1119 ubi
369 1082 643 1122 remanserunt
656 1097 672 1113 η
696 1083 774 1122 due
795 1082 908 1122 semis
927 1082 1052 1121 tribus
1073 1079 1252 1120 filiorum
1272 1077 1404 1129 Israel,
1426 1078 1656 1132 priusquam

278 1137 493 1180 tranfirent
518 1141 726 1181 Iordanem.
759 1140 805 1180 In
829 1156 910 1195 quo
933 1140 1025 1179 loco
1056 1150 1182 1179 terme
1207 1138 1333 1188 sunt,0
1353 1153 1431 1190 que
1461 1149 1657 1177 vocantur

279 1197 423 1253 Moyst,
454 1200 521 1239 ubi
552 1201 674 1239 etiam
704 1200 847 1253 leprofi
873 1201 1131 1248 mundantur,
1161 1199 1199 1237 &
1229 1198 1282 1237 ibi
1327 1197 1381 1236 est
1411 1196 1657 1237 dulciffimus

280 1267 414 1310 aquep
429 1259 531 1308 fons,
563 1260 630 1312 qui
666 1259 815 1299 bibitur
838 1269 998 1312 propter
1031 1258 1283 1299 catarciumq
1311 1257 1349 1297 δε
1380 1257 1530 1296 multos
1551 1255 1658 1296 sanat

278 1315 504 1369 languores.
545 1318 643 1357 Non
678 1318 797 1372 longe
831 1333 852 1358 a
887 1319 990 1357 mari
1009 1317 1241 1367 Salinarum,
1274 1317 1312 1355 in
1344 1316 1452 1370 quod
1486 1315 1659 1355 Iordanis

280 1375 517 1428 ingreditur,
547 1376 680 1417 subtus
713 1378 900 1417 Sodomam
933 1377 971 1417 &
1005 1376 1272 1426 Gomorram,r
1295 1376 1333 1414 in
1368 1375 1483 1414 cuius
1500 1374 1658 1414 littores

281 1433 462 1473 bitumen
480 1434 695 1488 &sulphur
715 1435 930 1489 colligitur.
954 1434 999 1475 In
1032 1450 1113 1489 quo
1137 1436 1234 1474 mari
1254 1433 1388 1473 mense
1409 1433 1506 1473 iulio
1528 1434 1566 1473 δέ
1586 1448 1657 1473 au-

275 1492 389 1544 gusto
428 1492 466 1533 &
496 1493 617 1547 usque
657 1495 792 1534 medio
828 1494 1038 1548 septembri
1065 1494 1291 1533 mediantet
1315 1504 1399 1533 tota
1426 1494 1489 1532 die
1525 1493 1656 1533 iacent

277 1550 433 1603 leprosi.
456 1551 522 1591 Ad
541 1551 749 1605 vesperum
771 1564 905 1593 autem
927 1553 1109 1593 lavantur
1139 1554 1178 1592 in
1207 1551 1296 1606 ipsis
1318 1552 1504 1603 termis‚u
1519 1551 1556 1592 &
1585 1552 1656 1592 ali-

275 1611 473 1663 quociens
495 1625 597 1664 quos
626 1611 746 1651 vultv
761 1611 968 1652 Dominus
984 1613 1163 1651 mundat.
1190 1612 1301 1652 Nam
1330 1626 1378 1651 ex
1396 1612 1656 1665 generalitate

275 1667 330 1708 est
342 1668 477 1722 aliqua
491 1670 712 1722 permiscia.
725 1683 746 1700 x
759 1669 804 1710 In
822 1686 904 1725 quo
919 1672 1017 1711 mari
1036 1671 1161 1711 nichil
1179 1671 1444 1722 vivificatur,y
1460 1686 1535 1711 nec
1551 1671 1658 1725 ligna

275 1740 350 1766 nec
393 1727 509 1781 palee
540 1729 593 1768 ibi
626 1740 777 1780 natant,
819 1744 951 1783 neque
982 1731 1108 1769 homo
1141 1730 1195 1769 ibi
1236 1741 1372 1770 natare
1415 1730 1564 1783 potest,
1603 1729 1657 1770 set

275 1786 470 1840 quicquid
496 1788 548 1827 ibi
573 1788 802 1841 proiecfftum
820 1789 953 1839 fuerit,
975 1789 1014 1828 in
1038 1789 1288 1841 profundum
1310 1790 1567 1843 demergitur.

329 1844 395 1885 De
412 1846 572 1887 Iordane
594 1847 714 1901 usque
735 1849 783 1888 ad
806 1848 944 1888 locum
966 1848 1096 1899 illum,
1117 1849 1157 1888 in
1179 1864 1261 1902 quo
1292 1849 1458 1902 Moyses
1489 1849 1538 1889 de
1565 1863 1655 1889 cor-

275 1919 374 1957 pore
394 1906 504 1956 exiit,
522 1905 609 1946 sunt
630 1906 772 1946 miliaz
787 1907 868 1961 viij.
885 1907 1044 1947 Exinde
1065 1923 1147 1947 non
1170 1908 1344 1948 multum
1364 1908 1484 1962 longe
1497 1924 1518 1948 a
1535 1910 1656 1962 Segor,

274 1963 361 2003 sunt
383 1964 501 2004 multi
524 1965 728 2005 heremite.
753 1966 944 2006 Vidimus
966 1967 1087 2006 etiam
1106 1967 1158 2006 ibi
1181 1978 1449 2007 monumentum
1472 1969 1655 2023 Absalon,

273 2021 342 2076 filij
369 2022 515 2063 David.
537 2024 770 2064 Tenuimus
782 2025 1266 2078 Theophaniamaaiuxta
1285 2027 1494 2066 Iordanem.
1525 2020 1580 2067 Et
1601 2028 1653 2067 ibi

272 2081 372 2120 fiunt
400 2082 634 2122 mirabiliabb
657 2084 723 2122 ubi
756 2084 982 2137 baptizatus
1010 2084 1064 2124 est
1096 2084 1303 2126 Dominus
1334 2087 1374 2125 in
1413 2085 1493 2140 ipsa
1522 2088 1654 2128 notste.

318 2236 350 2257 a.
367 2226 418 2265 V.,
432 2226 456 2257 I.
475 2236 540 2269 que
559 2225 601 2258 est
618 2224 649 2258 in
665 2226 754 2271 Syon
771 2226 801 2258 &
824 2226 918 2270 super

271 2277 445 2311 basilicam.
457 2298 503 2302 —-
515 2279 544 2311 b.
566 2280 615 2319 V.,
629 2280 652 2312 I.
666 2279 810 2312 auditus.
825 2299 865 2303 —
889 2291 916 2312 c.

1000 2227 1147 2261 lavantes
1164 2229 1244 2261 add.
1274 2231 1322 2270 V.,
1341 2230 1366 2262 I.
1388 2248 1426 2252 —
1448 2241 1479 2272 p.
1509 2241 1595 2273 aque
1623 2232 1655 2262 d.

1000 2281 1034 2314 in
1053 2283 1085 2314 P.
1105 2302 1151 2306 —
1170 2294 1205 2324 q.
1232 2294 1278 2326 pr.
1297 2290 1417 2315 catarc.
1440 2284 1472 2314 d.
1499 2282 1532 2316 in
1552 2284 1598 2323 P.,
1618 2284 1654 2315 L.

273 2332 320 2374 P„
332 2331 364 2363 L.
375 2342 450 2363 cum
465 2343 523 2375 pen
540 2331 600 2364 hec
615 2331 687 2365 loca
706 2332 865 2365 ascendit.
878 2352 916 2358 »—

271 2384 302 2417 d.
325 2396 380 2428 per
405 2384 595 2417 smodochia
619 2387 700 2418 add.
732 2387 787 2426 V.,
814 2388 840 2419 I.
876 2406 917 2410 -

271 2449 298 2470 e.
313 2449 351 2470 ex
362 2437 430 2482 ipso
445 2449 516 2470 rore
529 2440 558 2471 d.
575 2438 607 2471 in
621 2439 670 2480 V.,
684 2440 721 2480 L,
733 2439 788 2483 qui
800 2439 921 2472 habent

270 2490 336 2523 ibi:
353 2490 406 2523 ubi
416 2491 505 2523 cadit
526 2490 591 2534 ipse
611 2503 721 2525 rOS.—
738 2492 757 2525 f.
774 2493 806 2526 P.
828 2505 919 2526 vero.

271 2555 357 2588 —g.
372 2550 519 2577 montem
531 2545 562 2576 d.
580 2544 613 2577 in
632 2545 806 2586 V.,I.—h.
825 2547 879 2587 V.,
895 2548 918 2579 Ι.

270 2595 302 2628 ἰη
325 2596 378 2629 illa
404 2596 484 2640 ripa.
504 2617 546 2621 —
573 2597 594 2630 i.
622 2598 745 2642 quasi...
782 2598 802 2642 ij
831 2601 862 2632 d.
885 2599 918 2632 in

271 2651 321 2689 V.,
346 2651 371 2683 J.
401 2669 442 2674 —
464 2652 488 2693 j.
513 2650 589 2684 inde
609 2652 708 2696 usque
738 2653 915 2686 Iordanem

269 2702 356 2735 milia
386 2702 454 2735 duo
472 2705 552 2736 add.
573 2706 628 2745 V.,
657 2707 680 2738 I.
702 2724 744 2730 —
763 2706 793 2738 k⁴
822 2707 872 2747 V.,
891 2708 915 2739 Ι.

270 2758 300 2790 in
319 2757 385 2802 ipsa
404 2758 496 2792 valle.
516 2778 557 2783 —
570 2759 589 2792 1.
615 2760 842 2793 habitancium
872 2761 916 2794 ibi

270 2813 303 2845 d.
321 2811 354 2844 in
377 2813 426 2853 V.,
445 2815 472 2845 I.
489 2833 532 2837 —-
553 2825 597 2845 m·
622 2815 666 2853 P„
686 2814 718 2846 L.
740 2813 915 2847 Salmaida.

273 2884 313 2889 —
334 2877 363 2898 n.
385 2866 473 2907 V.,I.
494 2866 694 2900 remiserunt.
711 2887 752 2891 —
773 2878 803 2900 ο.
828 2879 866 2900 ex
888 2868 917 2901 se

1001 2346 1082 2367 -r.
1104 2336 1153 2375 P„
1170 2336 1192 2367 L
1221 2336 1532 2369 Gomarram.-s.
1556 2339 1608 2377 V.,
1626 2339 1652 2370 I.

1001 2387 1043 2419 ad
1062 2387 1153 2420 cuius
1168 2388 1269 2420 littus,
1298 2408 1338 2412 —
1362 2396 1384 2422 t.
1404 2390 1436 2421 P.
1458 2389 1656 2433 septembrio

1003 2440 1181 2485 niediante5
1201 2443 1228 2474 I.
1250 2441 1396 2474 medium
1421 2442 1651 2486 septembrem.

1003 2513 1043 2518 —
1070 2506 1100 2526 u.
1135 2496 1159 2527 I.
1191 2494 1256 2539 ipse
1288 2502 1401 2528 terme.
1421 2515 1465 2519 —
1496 2508 1524 2528 v.
1546 2497 1595 2535 V.,
1630 2498 1653 2529 I.

1000 2559 1099 2592 quem
1120 2547 1200 2580 vult.
1223 2568 1266 2572 —
1287 2561 1317 2580 x.
1343 2560 1456 2581 nam...
1483 2549 1652 2593 permiseia

1001 2603 1032 2633 d.
1053 2600 1085 2633 in
1103 2602 1148 2641 P„
1167 2602 1201 2633 L.
1219 2614 1232 2639 ,¹
1252 2602 1278 2634 I.
1300 2602 1376 2635 hab.
1399 2603 1605 2646 primicis.—
1622 2616 1653 2648 y.

1004 2655 1049 2695 P„
1068 2655 1102 2686 l..
1124 2653 1154 2686 in
1192 2666 1259 2698 quo
1304 2655 1379 2688 loco
1422 2655 1580 2700 quicquid
1623 2657 1653 2689 in

1004 2719 1090 2740 mare
1132 2707 1271 2740 mittitur
1301 2719 1365 2740 non
1388 2708 1581 2742 vivificatur.
1610 2731 1654 2734 q

1005 2774 1032 2792 z.
1053 2761 1106 2801 V.,
1126 2762 1147 2793 Ι.
1167 2760 1416 2795 miliaria.—-aa.
1434 2770 1499 2795 ten.
1516 2763 1650 2806 Teoph.

1001 2816 1033 2847 d.
1053 2814 1085 2846 in
1104 2815 1149 2854 P„
1167 2815 1246 2849 l..—
1259 2816 1313 2848 bb.
1334 2816 1364 2849 ὀι
1384 2816 1465 2849 ibi...
1489 2816 1648 2849 mirabilia

1001 2869 1032 2900 d.
1050 2867 1082 2900 in
1096 2868 1140 2909 P.,
1157 2869 1189 2901 L.
