2216 3435
635 184 700 216 DE
735 183 872 216 LOCIS
905 183 1129 217 SANCT1s.
1483 189 1560 233 171

255 346 350 390 Hec
375 361 480 407 ergo
506 343 680 390 ecclefia
704 361 821 390 extra
846 345 1025 391 civitatis
1059 361 1231 389 murum
1255 345 1297 389 in
1323 344 1433 389 valle
1459 361 1563 389 con-

191 418 309 478 tigua
340 416 396 460 est
426 414 619 473 fundata,
654 433 736 477 que
765 415 1088 461 Beethlemitico
1114 416 1158 459 in
1182 431 1304 477 parte
1328 415 1565 476 aquilonali

188 485 432 531 monticulo
458 486 647 532 coheret.

285 665 339 709 V.
379 669 445 708 De
472 665 546 709 illa
572 665 743 725 ecclesia,
767 668 806 708 in
842 667 953 708 cuius
980 667 1168 708 interiore
1184 681 1304 723 parte
1317 666 1457 725 sandi

528 737 764 794 Hieronymi
778 736 1007 795 sepulcrum
1032 737 1208 779 liabetur.

251 866 319 910 De
350 864 546 926 sepulcro
574 880 751 925 quoque
776 863 908 907 sancii
934 863 1195 923 Hieronymi
1221 861 1342 908 simili
1369 864 1566 909 sollicitu-

187 934 286 980 dine
331 934 456 980 nobis
491 933 819 995 inquirentibus,
858 933 1056 978 Arculfus
1098 932 1152 978 fic
1196 935 1271 979 ait:
1313 935 1566 997 Sepulcrum

185 1006 319 1050 sancii
344 1006 619 1064 Hieronymi,
645 1004 698 1049 de
725 1022 813 1066 quo
835 1005 1059 1065 inquiritiS,
1086 1021 1171 1067 ego
1198 1006 1417 1067 conspexi,
1445 1006 1566 1067 quod

183 1077 227 1120 in
251 1076 323 1121 illa
354 1074 532 1121 habetur
565 1074 752 1134 ecclesia,
780 1092 864 1137 que
899 1091 1014 1120 extra
1047 1074 1233 1120 eandem
1269 1077 1566 1122 civitatiuncu-

182 1146 297 1191 lama
320 1148 364 1191 in
384 1147 495 1193 valle
520 1147 576 1192 est
600 1144 823 1204 fabricata,
852 1163 950 1207 que,
975 1147 1019 1190 in
1050 1145 1293 1191 meridiano
1320 1146 1452 1192 latere
1478 1146 1565 1207 fita,

184 1217 310 1280 supra
334 1218 564 1262 memorati
590 1216 717 1262 dorso
744 1216 969 1261 monticuli
988 1217 1044 1262 est
1063 1218 1382 1262 conterminata
1402 1218 1563 1264 Bethle-

183 1287 386 1334 hemitici.
432 1288 572 1351 Qod
611 1287 812 1333 videlicet:
871 1288 1133 1347 Hieronymi
1164 1288 1407 1350 sepulcrum
1441 1287 1563 1334 simili

184 1376 316 1422 opere
341 1375 388 1404 ut
406 1358 670 1405 Davidicum
695 1374 1033 1404 monumentum
1060 1358 1369 1422 compofitum,
1394 1360 1561 1406 nullum

184 1445 388 1475 ornatum
407 1429 550 1476 habet.

181 1607 252 1653 Vl.
290 1610 356 1652 ‘De
379 1612 638 1652 monumentis
666 1610 828 1653 illorum
853 1613 973 1654 trium
990 1613 1208 1669 pastorum,
1236 1628 1348 1668 quos,
1378 1613 1556 1671 miscente

419 1682 610 1735 Domino,
641 1681 793 1739 celestis
816 1681 1077 1741 circumfulfit
1101 1681 1301 1725 claritudo
1319 1701 1333 1732 ,-

650 1752 697 1794 de
723 1751 879 1813 ecclesia
905 1752 1079 1796 illorum.

248 1880 315 1924 De
331 1885 592 1925 monumentis
609 1880 783 1926 illorum
803 1881 1038 1943 pastorum,
1060 1898 1169 1942 quos
1191 1886 1320 1927 nocie
1342 1882 1566 1928 dominice

182 1951 413 1996 nativitatis
449 1951 608 1996 celestis
643 1950 919 1997 circumfulfit
947 1952 1175 2011 claritudo,
1202 1954 1401 1999 Arculfus
1438 1953 1565 1999 nobis

184 2022 360 2068 brevem
388 2023 573 2067 contulit
598 2023 938 2081 relatiunculam,
964 2024 1182 2085 inquiens:
1216 2025 1365 2069 Trium
1392 2025 1565 2070 illorum

182 2094 226 2138 in
256 2092 431 2138 ecclefia
454 2094 676 2156 pastorum
710 2095 786 2139 tria
825 2095 1094 2156 frequentavi
1129 2112 1416 2141 monumenta
1450 2098 1566 2141 iuxta

182 2166 332 2210 turrim
367 2163 516 2210 Gader
557 2165 853 2224 humatorum,
894 2183 977 2227 que
1020 2166 1135 2210 mille
1177 2167 1341 2211 circiter
1381 2165 1564 2229 paffibus

181 2252 333 2280 contra
373 2236 631 2281 orientalem
656 2236 834 2299 plagam
871 2236 994 2282 distat
1019 2255 1043 2282 a
1067 2237 1330 2296 Bethlehem,
1376 2256 1484 2300 quos
1522 2239 1562 2284 in

182 2305 343 2352 eodem
381 2306 498 2365 loco,
535 2307 735 2353 nascente
761 2309 974 2367 Domino,
1012 2308 1096 2353 hoc
1133 2309 1204 2366 est,
1240 2326 1379 2372 prope
1416 2311 1563 2354 turrim

181 2378 355 2440 Gregis,
404 2378 599 2441 angelice
650 2378 784 2424 lucisb
824 2379 988 2425 claritas
1036 2379 1339 2425 circumdedit:
1388 2382 1430 2425 in
1473 2398 1563 2442 quo

182 2447 336 2494 eadem
374 2447 549 2494 ecclefia
579 2449 638 2494 est
675 2449 869 2509 fundata,
906 2468 1058 2496 eorum
1090 2451 1312 2513 pastorum
1337 2453 1566 2497 continens

183 2519 391 2583 sepulcra.

232 2702 260 2722 a.
285 2691 330 2733 L.,
352 2693 387 2724 B.
405 2691 587 2724 civitatem.
607 2712 646 2715 —
663 2692 695 2724 b.
710 2692 746 2724 B.
767 2692 868 2724 vocis.
