2216 3435
612 189 697 253 196
1170 203 1429 237 ARCULFUS

605 351 800 409 mollem,
838 351 993 396 mirum
1030 352 1071 397 in
1109 350 1295 396 modum
1335 352 1460 398 facile
1492 368 1736 414 penetrans,
1768 350 1988 415 lapideam

603 422 724 468 illam
761 422 998 484 perforavit
1035 422 1291 468 columnam
1329 424 1528 469 exteriori
1565 440 1686 486 parte
1723 425 1831 482 eius,
1869 423 1989 468 cuius

606 494 764 540 ferrum
791 494 965 539 interius
990 494 1188 539 inherens
1214 511 1430 540 retentum
1456 495 1526 554 est,
1560 512 1641 542 nec
1667 512 1880 557 umquam
1905 494 1992 540 ullo

608 563 747 610 modo
787 566 942 610 retrahi
976 567 1131 628 potuit.
1160 566 1322 612 Hastile
1354 582 1500 612 autem
1534 568 1620 613 eius
1653 566 1707 612 ad
1734 568 1866 612 sanc'ti
1886 583 1993 612 con-

608 635 773 683 fefforis
798 637 995 682 collisum
1021 654 1315 683 marmoream
1336 638 1575 684 formulam
1595 640 1775 684 eXterius
1796 638 1997 684 confrac-

608 725 701 754 tum
726 708 794 754 est.
824 708 933 753 Illius
958 725 1138 770 quoque
1164 709 1313 755 miselli
1334 710 1644 755 homuncionis
1664 727 1816 772 equus,
1842 711 1885 756 in
1907 727 1996 772 quo

608 777 796 837 sedebat,
833 777 992 824 eodem
1023 796 1251 825 momento
1288 780 1365 827 sub
1403 800 1456 827 eo
1483 783 1526 827 in
1558 783 1814 845 pavimento
1840 779 1998 826 domus

610 849 767 895 cecidit
808 866 1017 896 mortuus.
1063 851 1151 913 lpse
1191 868 1339 897 autem
1380 851 1500 897 simul
1543 852 1727 898 misellus
1764 854 1805 898 in
1843 868 2000 897 terram

609 920 786 981 cadens,
802 938 955 967 manus
970 922 1012 967 in
1029 922 1149 967 illam
1168 940 1463 969 marmoream
1482 923 1591 970 misit
1604 924 1873 982 columnam,
1893 923 1998 969 eius-

609 1011 694 1056 que
714 992 852 1056 digiti,
878 991 994 1055 quasi
1020 995 1063 1038 in
1088 994 1264 1057 pollen‘1
1287 996 1356 1041 vel
1373 996 1512 1042 lutum
1530 996 1753 1054 intrantes,
1774 997 1819 1040 in
1844 994 2001 1041 eadem

609 1064 795 1128 impressi
832 1065 1041 1110 columna
1084 1065 1342 1113 inheserunt.
1380 1066 1521 1130 Qod
1555 1066 1708 1113 videns
1747 1067 1890 1125 miser,
1928 1067 2002 1128 qui

612 1136 825 1184 retrahere
847 1135 984 1182 denos
1005 1136 1190 1183 duarum
1209 1137 1370 1201 digitos
1390 1156 1602 1184 manuum
1621 1138 1677 1184 ad
1696 1139 1737 1184 se
1762 1156 1854 1185 non
1873 1153 2001 1201 pote-

613 1226 696 1265 rat,
724 1210 768 1254 ὅς
793 1210 835 1253 in
857 1226 1104 1255 marmorea
1124 1210 1257 1255 sanffl
1276 1209 1531 1256 confessoris
1550 1211 1793 1256 inherentes
1814 1209 2004 1255 formula

614 1281 846 1344 colligatos
871 1280 1067 1340 insertos,
1092 1299 1259 1327 nomen
1284 1282 1367 1326 Dei
1391 1283 1527 1326 eterni
1553 1283 1598 1327 ὃς
1617 1275 1809 1327 eiusdem
1835 1279 2004 1327 confes-

612 1353 732 1412 soris,
757 1368 892 1415 agens
917 1353 1218 1414 penitentiam,
1242 1353 1419 1398 invocat
1443 1355 1502 1413 &,
1529 1370 1574 1398 ut
1600 1352 1655 1399 ab
1680 1351 1840 1398 eodem
1864 1351 2004 1398 absol-

613 1440 783 1471 veretur
814 1422 1005 1480 vinculo,
1037 1423 1315 1469 illacrimatus
1347 1440 1558 1487 precatur.
1592 1425 1744 1488 Qam
1772 1426 1857 1470 eius
1881 1424 2003 1469 lacri-

616 1495 786 1541 mosam
816 1496 1105 1558 penitentiam
1137 1496 1378 1541 misericors
1404 1498 1623 1542 Dominus
1652 1497 1898 1558 suscipiens,
1931 1499 2005 1558 qui

614 1586 706 1613 non
734 1567 824 1614 vult
847 1569 1091 1630 peccatoris
1116 1584 1321 1628 mortem,
1353 1567 1424 1613 sed
1445 1585 1490 1614 ut
1508 1584 1786 1624 convertatur
1809 1570 1854 1613 ὃς
1874 1569 2005 1627 vivat,

615 1657 708 1685 non
743 1638 884 1684 solum
918 1637 973 1684 ab
1009 1639 1104 1702 ipso
1141 1640 1325 1702 presenti
1352 1658 1602 1686 marmoreo
1639 1638 1788 1686 vifibili
1823 1638 2007 1686 absolvit

614 1712 805 1770 vinculo,
826 1710 898 1757 sed
918 1713 1048 1757 etiam
1073 1730 1098 1757 a
1121 1729 1404 1775 peccatorum
1421 1712 1700 1759 invifibilibus
1719 1712 2007 1776 alligamentis

615 1785 703 1832 fide
728 1781 938 1832 salvatum
962 1783 1233 1843 subveniens,
1260 1784 1591 1830 misericorditer
1619 1783 1829 1830 liberavit.

685 1858 803 1903 Hinc
818 1858 965 1919 itaque
980 1857 1201 1902 manifeste
1217 1856 1468 1916 ostenditur,
1482 1872 1643 1920 quante
1656 1858 1701 1901 ὃς
1715 1856 1852 1918 qualis
1866 1856 2008 1902 hono-

618 1930 825 1977 rificentie
862 1929 989 1974 fuerit
1027 1928 1145 1991 apud
1182 1931 1327 1975 Deum
1364 1932 1601 1994 Georgius,
1636 1931 1746 1976 inter
1787 1944 2007 1975 tormenta

620 2000 855 2059 confessor,
885 2002 1004 2046 cuius
1035 2000 1334 2047 thoracidaml’
1358 2003 1401 2047 in
1432 2020 1475 2047 re
1506 2019 1660 2047 natura
1690 1998 2010 2064 impenetrabili

618 2072 935 2138 penetrabilem
975 2073 1238 2135 penitentias
1278 2074 1403 2133 fecit,
1444 2074 1733 2136 lanceamque
1781 2072 2007 2131 adversar-ij

619 2164 729 2209 eque
747 2143 1127 2207 impenetrabilem
1146 2144 1400 2191 mirabiliter
1425 2145 1526 2191 fecit
1544 2144 1878 2208 penetrabilem,
1896 2143 2006 2208 digi-

621 2217 774 2279 tosque
817 2216 1008 2262 eiusdem
1044 2216 1300 2262 homunculi
1341 2215 1536 2261 infirmos
1578 2218 1621 2261 in
1663 2215 1819 2262 eadem
1854 2231 2008 2261 natura

619 2287 971 2351 impenetrabiles
996 2304 1197 2352 potenter
1228 2286 1517 2351 penetrabiles
1544 2287 1658 2344 fecit,
1692 2305 1804 2350 quos
1828 2287 1873 2331 in
1898 2304 2008 2332 mar-

624 2378 746 2406 more
758 2361 997 2407 vinculatos
1014 2361 1156 2423 primo
1168 2360 1188 2388 ‘¹'
1208 2361 1354 2423 &ipse
1374 2359 1504 2405 durus
1519 2360 1730 2405 retrahere
1744 2376 1837 2405 non
1850 2358 2010 2421 potuit,

621 2431 694 2478 sed
726 2431 887 2477 eodem
914 2449 1147 2477 momento
1183 2431 1309 2478 valde
1344 2432 1589 2494 perterritus
1627 2433 1670 2476 ὃς
1701 2430 1856 2476 exinde
1894 2430 2010 2475 miti-

622 2520 761 2567 gatus,
797 2505 1010 2566 penitens,
1035 2504 1134 2549 Deo
1167 2505 1434 2562 miserante,‘³
1465 2504 1648 2549 retraxit.
1680 2504 1839 2548 Mirum
1873 2501 2006 2560 ditstu,

675 2643 705 2663 a.
732 2632 766 2663 B.
799 2629 930 2674 polline,
956 2631 1049 2662 Bern.
1082 2628 1203 2674 poline,
1231 2630 1269 2661 G.
1356 2628 1489 2661 cletain.
1516 2648 1557 2652 —
1582 2640 1610 2660 c.
1637 2629 1750 2669 Rern„
1773 2626 1818 2660 al.
1844 2626 2004 2671 potentia.

627 2683 796 2729 paludem,
825 2683 870 2716 al.
905 2682 1025 2728 palme,
1056 2683 1198 2727 politice.
1229 2702 1272 2706 —
1360 2702 1402 2706 —
1437 2681 1469 2714 d.
1500 2683 1612 2722 Bet-n„
1648 2680 1754 2724 Gregf.
1789 2679 1939 2725 primule,
1966 2700 2009 2705 —

628 2740 659 2771 b.
680 2737 731 2770 Al.
751 2736 923 2779 torneiam,
940 2736 1147 2778 toradicam,
1164 2736 1275 2769 thora—
1361 2748 1386 2769 e.
1406 2734 1456 2769 Al.
1476 2735 1637 2768 donante.

2199 577 2216 1251 --—-.1ffl=mnnm-·aemdfim
2203 543 2207 549 <
2207 503 2212 507 =

2211 1604 2216 1616 -
2208 1546 2216 1587 .—
2203 1407 2216 1542 ..ἐζ-...ψ
2206 1327 2216 1403 ..fan-
2211 1318 2216 1323 .
2209 1278 2216 1306 ι.-
