2216 3435
665 140 750 185 128
1064 152 1361 185 AN‘roNJNUS
1395 153 1626 186 MARTYR

654 297 716 336 vel
750 296 933 349 Diaspoli
969 298 1145 348 civitate,
1175 312 1254 350 que
1293 298 1516 350 antiquitus
1551 299 1760 339 dicebatur
1795 300 1969 351 Azotus,
2001 302 2039 340 in

655 372 735 409 qua
757 355 969 409 requiescit
991 355 1145 396 sanetus
1165 357 1372 410 Georgius
1394 369 1551 411 martyr.
1574 356 1620 397 In
1639 358 1718 411 ipsa
1734 360 1798 398 via
1819 374 1899 399 non
1919 360 2040 414 longe

655 431 677 456 a
705 416 868 455 civitate
898 415 970 455 stat
999 416 1222 468 columpna
1252 430 1476 456 marmorea
1507 418 1543 457 in
1577 432 1656 471 qua
1688 418 1896 460 Dominus
1931 421 2038 473 prius

655 475 876 514 ducebatur
903 476 949 514 ad
983 474 1283 528 flagellandum.
1318 474 1417 530 Que
1439 475 1595 529 fugiens
1620 476 1748 516 levata
1769 477 1824 516 est
1846 479 1893 518 ad
1915 479 2043 518 nubes

656 534 695 574 &
725 532 905 587 deposita
935 535 973 573 in
997 534 1079 587 ipso
1110 534 1214 573 loco.
1248 533 1301 573 Et
1324 535 1361 573 in
1392 545 1548 574 tantum
1580 536 1837 589 cognoscitur
1863 552 1944 577 non
1967 536 2044 578 effe

656 594 751 646 quia
779 608 861 633 non
892 595 1014 634 habet
1044 592 1209 634 basltem
1237 594 1303 633 ubi
1333 594 1453 634 debet
1482 593 1558 634 effe
1590 595 1769 646 fundata,
1800 595 1852 635 set
1887 595 1938 636 slc
1974 597 2046 637 stat

656 654 769 706 {uper
798 664 942 693 terram
973 653 1011 693 &
1039 654 1222 707 agitatur.
1260 652 1304 692 In
1328 654 1443 694 cuius
1466 654 1694 695 summitate
1716 670 1813 695 crux
1845 657 1971 695 ferrea
1991 655 2046 695 est

656 712 793 766 polita,
815 713 853 753 &
875 713 1022 753 sursum
1045 728 1113 767 per
1136 713 1281 752 scalam
1303 713 1540 765 ascenditur,
1574 715 1611 754 δε
1632 714 1734 755 fiunt
1758 716 1809 755 ibi
1834 716 2047 756 luminaria

655 771 693 811 &
731 772 949 823 incensum,
985 772 1022 812 δε
1058 773 1289 812 demoniaci
1327 773 1381 812 ibi
1413 773 1643 813 liberantur.
1681 775 1792 814 Nam
1825 774 1863 814 &
1894 775 1932 814 in
1966 774 2047 827 ipsa

657 832 858 884 provintia
893 832 1033 873 beatus
1069 832 1124 872 est
1161 832 1369 886 Georgius
1410 845 1569 887 martyr.
1611 833 1754 886 ltaque
1793 846 1986 874 exeuntes
2025 849 2047 874 a

656 891 766 930 Siloa
793 892 917 942 fonte,
952 893 1137 932 venimus
1166 893 1205 931 in
1229 907 1367 946 agrum
1391 895 1458 947 qui
1482 906 1740 948 comparatus
1762 894 1817 934 est
1838 895 1887 934 de
1910 894 2046 947 precio

655 950 858 1005 sanguinis
892 951 1080 1002 Domini,
1110 953 1177 1005 qui
1210 964 1379 992 vocatur
1409 953 1731 1004 Acheldemach,
1762 955 1840 993 hoc
1871 954 1926 993 est
1955 966 2048 1007 ager

656 1009 873 1063 sanguinis,
895 1012 934 1050 in
957 1026 1039 1064 quo
1063 1011 1310 1064 sepeliuntur
1332 1027 1474 1052 omnes
1507 1014 1718 1067 peregrini.
1751 1013 1804 1053 Et
1835 1014 1937 1052 inter
1968 1011 2048 1065 ipsa

656 1069 865 1123 sepulchra
895 1071 1042 1110 cellule
1077 1070 1281 1110 servorum
1306 1071 1401 1122 Dei,
1432 1073 1499 1112 ubi
1526 1072 1627 1112 fiunt
1649 1072 1776 1112 multe
1797 1073 1978 1122 virtutes,
2009 1070 2047 1111 &

657 1143 728 1182 per
748 1129 840 1169 loca
864 1130 963 1169 infra
984 1130 1065 1183 ipsa
1084 1130 1292 1183 sepulchra
1314 1132 1431 1170 vinee
1454 1131 1492 1171 &
1515 1133 1707 1185 pomaria.
1731 1131 2047 1172 Revertentibus

656 1189 774 1229 nobis
810 1190 848 1229 in
886 1190 1108 1240 civitatem,
1144 1191 1329 1231 venimus
1370 1192 1417 1230 ad
1456 1191 1647 1244 piscinam
1688 1191 1928 1231 natatoriam
1968 1205 2047 1244 que

657 1250 839 1303 quinque
863 1250 1041 1303 porticus
1063 1251 1197 1300 habet,
1229 1250 1266 1290 δε
1298 1252 1336 1289 111
1369 1266 1449 1291 11110
1478 1265 1618 1291 60111111
1641 1252 1697 1291 est
1723 1249 1883 1290 bafilica
1903 1250 2048 1290 831186

659 1308 808 1359 Mai-ie,
831 1310 898 1348 ubi
923 1309 1050 1349 multe
1072 1310 1175 1349 fiunt
1196 1311 1374 1350 virtutes.

710 1367 798 1422 Ipsa
818 1383 913 1408 vero
936 1369 1087 1422 piscina
1107 1370 1232 1408 modo
1256 1370 1401 1409 iacotata
1423 1370 1477 1409 est
1498 1371 1537 1409 in
1560 1371 1745 1421 stercore,
1778 1371 1845 1410 ubi
1863 1370 2048 1409 lavantur

658 1429 797 1468 omnia
826 1443 904 1482 que
935 1427 1155 1482 necessaria
1183 1428 1280 1468 sunt.
1314 1429 1505 1469 Vidimus
1527 1429 1565 1469 &
1591 1431 1631 1469 in
1654 1445 1735 1469 uno
1760 1429 1909 1483 angulo
1933 1440 2046 1469 tene-

659 1487 773 1527 broso
806 1489 1021 1527 cathenam
1053 1489 1221 1527 ferream
1251 1503 1345 1528 cum
1368 1503 1447 1542 qua
1469 1488 1504 1527 se
1527 1488 1731 1543 laqueavit
1753 1489 1893 1528 infelix
1914 1487 2047 1529 Iudas.

659 1545 764 1587 Item
795 1548 1037 1588 exeuntibus
1067 1548 1114 1586 ad
1150 1558 1308 1600 portam
1339 1549 1583 1587 natatoriam
1611 1563 1796 1588 venimus
1828 1549 1875 1587 ad
1909 1549 2048 1588 locum

658 1607 725 1646 ubi
750 1607 907 1647 1311191113
926 1607 1140 1661 requiescit
1162 1605 1335 1647 Yficius.

710 1665 772 1706 Ibi
811 1667 932 1706 etiam
973 1677 1189 1720 erogantur
1229 1667 1472 1719 pauperibus
1516 1681 1661 1719 panes,
1701 1681 1803 1720 quos
1839 1667 2049 1720 deputavit

658 1726 775 1766 beata
796 1726 967 1766 Helena.
1001 1727 1080 1766 Via
1104 1741 1182 1779 que
1215 1727 1327 1765 ducit
1349 1725 1562 1765 Bethleem
1590 1727 1644 1780 iij.
1677 1727 1849 1766 miliario
1871 1727 1920 1765 ab
1947 1726 2049 1765 Hie-

657 1785 826 1825 rusalem
858 1786 961 1825 iacet
994 1785 1164 1835 Rachel,
1196 1799 1296 1825 uxor
1317 1783 1454 1836 Iacob,
1487 1797 1614 1825 mater
1644 1785 1795 1825 scilicet
1815 1784 1972 1839 Ioseph.
1995 1784 2049 1825 Et

659 1844 872 1885 Beniamin
902 1845 1116 1898 requiescit
1147 1846 1185 1883 in
1217 1843 1365 1884 finibus
1388 1845 1530 1885 Rama.
1554 1844 1599 1884 In
1633 1845 1714 1898 ipso
1738 1845 1831 1884 loco
1854 1845 1893 1884 in
1915 1845 2050 1884 media

658 1905 723 1943 via
752 1905 834 1944 vidi
866 1919 1014 1958 aquam
1045 1904 1200 1957 surgere
1232 1902 1340 1957 quasi
1372 1904 1549 1945 sestarios
1580 1905 1646 1958 vij.
1685 1904 1808 1944 Unde
1839 1903 2050 1957 complent

658 1978 801 2004 omnes
833 1964 1055 2003 satietatem
1089 1963 1268 2013 bibendi,
1300 1963 1337 2002 ἃ*
1367 1979 1443 2003 1166
1474 1964 1669 2002 minuitur
1698 1978 1774 2003 nec
1804 1974 1984 2016 augetur,
2011 1961 2049 2002 &

658 2023 715 2062 est
735 2023 862 2063 suavis
885 2024 932 2062 ad
956 2024 1193 2076 potandum.
1227 2021 1281 2061 Et
1299 2023 1441 2062 dicunt
1462 2024 1572 2076 quod
1597 2023 1753 2075 fugiens
1776 2022 1893 2061 beata
1914 2021 2050 2061 Maria

659 2083 698 2122 in
730 2082 940 2136 Egyptum
976 2082 1014 2122 &
1044 2081 1186 2122 sederit
1220 2083 1273 2121 ibi
1310 2097 1403 2121 cum
1434 2096 1572 2135 puero,
1603 2081 1640 2121 &
1675 2080 1809 2121 sitiens
1839 2082 1980 2132 oravit,
2010 2080 2049 2120 &
2074 2082 2077 2086 ’

659 2143 858 2182 continuo
882 2141 962 2195 ipsa
983 2156 1087 2195 aqua
1109 2142 1324 2181 emanavit.
1358 2141 1412 2181 Et
1442 2142 1482 2180 in
1505 2141 1588 2194 ipso
1619 2142 1713 2180 1060
1736 2141 1860 2180 modo
1883 2138 2050 2180 ecclesia

659 2201 887 2241 constructa
909 2202 975 2241 est.
1007 2200 1108 2241 Inde
1143 2201 1265 2254 usque
1290 2201 1503 2240 Bethleem
1525 2200 1695 2239 miliaria
1717 2200 1802 2239 tria.
1836 2199 2049 2239 Bethleem

659 2261 773 2301 locus
804 2260 1161 2314 splendidissimus,
1192 2260 1287 2299 servi
1312 2260 1394 2299 Dei
1426 2259 1554 2299 multi.
1587 2258 1646 2298 Ibi
1679 2259 1734 2298 est
1762 2259 1951 2312 spelunca
1981 2259 2048 2299 ubi

658 2331 777 2360 natus
795 2320 850 2359 est
870 2319 1092 2370 Dominus,
1113 2319 1151 2359 &
1170 2319 1395 2373 presepium
1415 2334 1463 2358 ex
1481 2333 1577 2358 auro
1601 2319 1637 2358 δε
1660 2330 1826 2372 argento
1849 2330 2050 2369 ornatum,

660 2379 860 2433 &iugiter
878 2381 929 2419 ibi
949 2380 1036 2419 sunt
1054 2379 1279 2419 luminaria.
1305 2379 1369 2420 Os
1387 2393 1481 2418 vero
1501 2377 1622 2431 ipsius
1639 2378 1828 2431 spelunce
1846 2378 2047 2432 angustus.

659 2439 924 2479 Hieronimus
961 2439 1150 2492 presbiter
1184 2439 1222 2478 in
1260 2438 1468 2492 loquendo
1505 2439 1668 2491 peritus,
1703 2438 2048 2491 interpretacione

659 2499 802 2549 clarus,
834 2500 935 2539 inter
955 2500 1126 2539 6111119103
1147 2498 1294 2538 relator
1314 2497 1570 2551 conspicuus,
1604 2498 1642 2536 in
1667 2498 1748 2550 ipso
1771 2511 1839 2536 ore
1860 2497 2048 2550 spelunce

661 2569 816 2611 petram
847 2558 1055 2611 sculpivit,
1090 2558 1129 2598 δι
1159 2558 1210 2598 ob
1242 2557 1507 2597 devotionem
1537 2556 1757 2597 Salvatoris
1793 2557 1944 2596 ibidem
1978 2553 2047 2595 fibi

661 2629 973 2657 monumentum
1015 2618 1122 2668 fecit,
1162 2617 1334 2656 miliario
1370 2616 1480 2656 secus
1517 2616 1742 2656 Bethleem.
1777 2614 1824 2655 In
1860 2615 2047 2655 suburbio

660 2677 795 2716 iacent
818 2676 954 2717 David
987 2676 1026 2717 &
1047 2677 1239 2717 Salomon
1271 2675 1378 2723 filjus
1399 2676 1497 2726 eius,
1528 2675 1566 2715 &
1587 2675 1815 2729 appellatur
1843 2674 1957 2714 locus
1979 2673 2047 2713 ille

660 2734 821 2776 bafilica
850 2736 985 2777 8311611
1008 2736 1161 2777 David.
1193 2737 1260 2776 Set
1290 2735 1328 2775 &
1358 2735 1529 2776 infantes
1551 2749 1654 2788 quos
1686 2734 1838 2774 occidit
1860 2733 2046 2773 Herodes
