<?xml version="1.0" encoding="UTF-8"?>
<!DOCTYPE html PUBLIC "-//W3C//DTD XHTML 1.0 Transitional//EN"
    "http://www.w3.org/TR/xhtml1/DTD/xhtml1-transitional.dtd">
<html xmlns="http://www.w3.org/1999/xhtml" xml:lang="en" lang="en">
 <head>
  <title>
</title>
<meta http-equiv="Content-Type" content="text/html;charset=utf-8" />
  <meta name='ocr-system' content='tesseract 3.04.00' />
  <meta name='ocr-capabilities' content='ocr_page ocr_carea ocr_par ocr_line ocrx_word'/>
</head>
<body>
  <div class='ocr_page' id='page_1' title='image "./p1itinerahierosoly1tobl_0337.png"; bbox 0 0 2216 3435; ppageno 0'>
   <div class='ocr_carea' id='block_1_1' title="bbox 0 0 26 3435">
    <p class='ocr_par' dir='ltr' id='par_1_1' title="bbox 0 0 26 3435">
     <span class='ocr_line' id='line_1_1' title="bbox 0 0 26 3435; baseline 0 0"><span class='ocrx_word' id='word_1_1' title='bbox 0 0 26 3435; x_wconf 95' lang='lat' dir='ltr'> </span> 
     </span>
    </p>
   </div>
   <div class='ocr_carea' id='block_1_2' title="bbox 577 273 1657 325">
    <p class='ocr_par' dir='ltr' id='par_1_2' title="bbox 577 273 1657 325">
     <span class='ocr_line' id='line_1_2' title="bbox 577 273 1657 325; baseline 0.001 -18"><span class='ocrx_word' id='word_1_2' title='bbox 577 273 955 307; x_wconf 91' lang='lat' dir='ltr'>HODOEPORICON</span> <span class='ocrx_word' id='word_1_3' title='bbox 991 275 1025 306; x_wconf 90' lang='lat' dir='ltr'>S.</span> <span class='ocrx_word' id='word_1_4' title='bbox 1068 273 1388 306; x_wconf 90' lang='lat' dir='ltr'>WILLIBALDI.</span> <span class='ocrx_word' id='word_1_5' title='bbox 1572 277 1657 325; x_wconf 73' lang='lat'>275</span> 
     </span>
    </p>
   </div>
   <div class='ocr_carea' id='block_1_3' title="bbox 365 354 1630 359">
    <p class='ocr_par' dir='ltr' id='par_1_3' title="bbox 365 354 1630 359">
     <span class='ocr_line' id='line_1_3' title="bbox 365 354 1630 359; baseline 0 0"><span class='ocrx_word' id='word_1_6' title='bbox 365 354 1630 359; x_wconf 95' lang='lat' dir='ltr'> </span> 
     </span>
    </p>
   </div>
   <div class='ocr_carea' id='block_1_4' title="bbox 403 461 1543 593">
    <p class='ocr_par' dir='ltr' id='par_1_4' title="bbox 403 461 1543 593">
     <span class='ocr_line' id='line_1_4' title="bbox 403 461 1543 523; baseline -0.001 -16"><span class='ocrx_word' id='word_1_7' title='bbox 403 461 589 507; x_wconf 76' lang='lat' dir='ltr'>XXXIII.</span> <span class='ocrx_word' id='word_1_8' title='bbox 622 464 765 523; x_wconf 65' lang='lat' dir='ltr'>Roma,</span> <span class='ocrx_word' id='word_1_9' title='bbox 791 479 923 506; x_wconf 82' lang='lat' dir='ltr'>coram</span> <span class='ocrx_word' id='word_1_10' title='bbox 939 479 1051 522; x_wconf 78' lang='lat' dir='ltr'>papa</span> <span class='ocrx_word' id='word_1_11' title='bbox 1065 464 1348 523; x_wconf 77' lang='lat' dir='ltr'><em>peregrinatio</em></span> <span class='ocrx_word' id='word_1_12' title='bbox 1374 463 1543 506; x_wconf 74' lang='lat' dir='ltr'>breviter</span> 
     </span>
     <span class='ocr_line' id='line_1_5' title="bbox 803 535 1141 593; baseline 0.003 -17"><span class='ocrx_word' id='word_1_13' title='bbox 803 535 1105 593; x_wconf 80' lang='lat' dir='ltr'>perstringitur.</span> <span class='ocrx_word' id='word_1_14' title='bbox 1123 541 1141 559; x_wconf 81' lang='lat'>‘²</span> 
     </span>
    </p>
   </div>
   <div class='ocr_carea' id='block_1_5' title="bbox 295 634 1672 2618">
    <p class='ocr_par' dir='ltr' id='par_1_5' title="bbox 295 634 1671 2104">
     <span class='ocr_line' id='line_1_6' title="bbox 360 634 1664 699; baseline 0.002 -18"><span class='ocrx_word' id='word_1_15' title='bbox 360 636 451 682; x_wconf 86' lang='lat' dir='ltr'>Post</span> <span class='ocrx_word' id='word_1_16' title='bbox 475 636 553 682; x_wconf 88' lang='lat' dir='ltr'>hec</span> <span class='ocrx_word' id='word_1_17' title='bbox 573 637 719 698; x_wconf 89' lang='lat' dir='ltr'>itaque</span> <span class='ocrx_word' id='word_1_18' title='bbox 742 653 849 681; x_wconf 89' lang='lat' dir='ltr'>unus</span> <span class='ocrx_word' id='word_1_19' title='bbox 866 635 882 665; x_wconf 68' lang='lat' dir='ltr'><em>b</em></span> <span class='ocrx_word' id='word_1_20' title='bbox 899 635 1132 699; x_wconf 81' lang='lat' dir='ltr'>presbyter,</span> <span class='ocrx_word' id='word_1_21' title='bbox 1166 636 1253 698; x_wconf 91' lang='lat' dir='ltr'>qui,</span> <span class='ocrx_word' id='word_1_22' title='bbox 1281 634 1335 681; x_wconf 89' lang='lat' dir='ltr'>de</span> <span class='ocrx_word' id='word_1_23' title='bbox 1361 636 1571 699; x_wconf 85' lang='lat' dir='ltr'>Hispania</span> <span class='ocrx_word' id='word_1_24' title='bbox 1594 654 1664 683; x_wconf 90' lang='lat' dir='ltr'>ve-</span> 
     </span>
     <span class='ocr_line' id='line_1_7' title="bbox 296 705 1665 766; baseline -0.001 -13"><span class='ocrx_word' id='word_1_25' title='bbox 296 710 431 766; x_wconf 88' lang='lat' dir='ltr'>niens,</span> <span class='ocrx_word' id='word_1_26' title='bbox 468 705 524 752; x_wconf 89' lang='lat' dir='ltr'>ad</span> <span class='ocrx_word' id='word_1_27' title='bbox 554 709 759 753; x_wconf 53' lang='lat' dir='ltr'>Sannum</span> <span class='ocrx_word' id='word_1_28' title='bbox 792 706 1070 753; x_wconf 64' lang='lat' dir='ltr'>Benedicium</span> <span class='ocrx_word' id='word_1_29' title='bbox 1106 706 1164 752; x_wconf 90' lang='lat' dir='ltr'>ibi</span> <span class='ocrx_word' id='word_1_30' title='bbox 1194 705 1412 766; x_wconf 87' lang='lat' dir='ltr'>manebat,</span> <span class='ocrx_word' id='word_1_31' title='bbox 1446 707 1665 752; x_wconf 81' lang='lat' dir='ltr'>licentiam</span> 
     </span>
     <span class='ocr_line' id='line_1_8' title="bbox 297 776 1665 841; baseline 0 -18"><span class='ocrx_word' id='word_1_32' title='bbox 297 776 480 841; x_wconf 89' lang='lat' dir='ltr'>rogabat</span> <span class='ocrx_word' id='word_1_33' title='bbox 510 776 564 823; x_wconf 89' lang='lat' dir='ltr'>ab</span> <span class='ocrx_word' id='word_1_34' title='bbox 594 776 751 823; x_wconf 84' lang='lat' dir='ltr'>abbate</span> <span class='ocrx_word' id='word_1_35' title='bbox 783 779 1015 824; x_wconf 86' lang='lat' dir='ltr'>Petronace</span> <span class='ocrx_word' id='word_1_36' title='bbox 1039 777 1094 823; x_wconf 86' lang='lat' dir='ltr'>ad</span> <span class='ocrx_word' id='word_1_37' title='bbox 1132 779 1318 823; x_wconf 85' lang='lat' dir='ltr'>Romam</span> <span class='ocrx_word' id='word_1_38' title='bbox 1349 794 1541 840; x_wconf 81' lang='lat' dir='ltr'>pergere.</span> <span class='ocrx_word' id='word_1_39' title='bbox 1577 779 1665 823; x_wconf 83' lang='lat' dir='ltr'>Sta-</span> 
     </span>
     <span class='ocr_line' id='line_1_9' title="bbox 296 847 1668 912; baseline 0 -18"><span class='ocrx_word' id='word_1_40' title='bbox 296 850 460 910; x_wconf 89' lang='lat' dir='ltr'>timque</span> <span class='ocrx_word' id='word_1_41' title='bbox 489 848 571 907; x_wconf 91' lang='lat' dir='ltr'>ille,</span> <span class='ocrx_word' id='word_1_42' title='bbox 601 848 772 893; x_wconf 88' lang='lat' dir='ltr'>licentia</span> <span class='ocrx_word' id='word_1_43' title='bbox 803 849 1028 910; x_wconf 88' lang='lat' dir='ltr'>postulata,</span> <span class='ocrx_word' id='word_1_44' title='bbox 1061 847 1245 912; x_wconf 88' lang='lat' dir='ltr'>rogabat</span> <span class='ocrx_word' id='word_1_45' title='bbox 1268 847 1588 906; x_wconf 89' lang='lat' dir='ltr'>Willibaldum,</span> <span class='ocrx_word' id='word_1_46' title='bbox 1622 865 1668 894; x_wconf 91' lang='lat' dir='ltr'>ut</span> 
     </span>
     <span class='ocr_line' id='line_1_10' title="bbox 295 919 1668 984; baseline 0 -18"><span class='ocrx_word' id='word_1_47' title='bbox 295 938 396 966; x_wconf 89' lang='lat' dir='ltr'>cum</span> <span class='ocrx_word' id='word_1_48' title='bbox 416 938 469 966; x_wconf 90' lang='lat' dir='ltr'>eo</span> <span class='ocrx_word' id='word_1_49' title='bbox 489 936 687 984; x_wconf 82' lang='lat' dir='ltr'>pergeret</span> <span class='ocrx_word' id='word_1_50' title='bbox 707 922 751 964; x_wconf 64' lang='grc' dir='ltr'>ὃς</span> <span class='ocrx_word' id='word_1_51' title='bbox 771 921 893 965; x_wconf 88' lang='lat' dir='ltr'>illum</span> <span class='ocrx_word' id='word_1_52' title='bbox 912 919 1087 966; x_wconf 90' lang='lat' dir='ltr'>duceret</span> <span class='ocrx_word' id='word_1_53' title='bbox 1111 920 1166 966; x_wconf 91' lang='lat' dir='ltr'>ad</span> <span class='ocrx_word' id='word_1_54' title='bbox 1186 922 1390 966; x_wconf 54' lang='lat' dir='ltr'>sanetum</span> <span class='ocrx_word' id='word_1_55' title='bbox 1416 922 1594 966; x_wconf 90' lang='lat' dir='ltr'>Petrum.</span> <span class='ocrx_word' id='word_1_56' title='bbox 1625 921 1668 966; x_wconf 82' lang='lat' dir='ltr'>Et</span> 
     </span>
     <span class='ocr_line' id='line_1_11' title="bbox 296 990 1668 1055; baseline 0 -18"><span class='ocrx_word' id='word_1_57' title='bbox 296 992 363 1037; x_wconf 89' lang='lat' dir='ltr'>ille</span> <span class='ocrx_word' id='word_1_58' title='bbox 376 992 516 1037; x_wconf 89' lang='lat' dir='ltr'>statim</span> <span class='ocrx_word' id='word_1_59' title='bbox 532 1001 545 1018; x_wconf 56' lang='grc' dir='ltr'><em>ί</em></span> <span class='ocrx_word' id='word_1_60' title='bbox 568 990 846 1052; x_wconf 86' lang='lat' dir='ltr'>petitionibus</span> <span class='ocrx_word' id='word_1_61' title='bbox 861 992 948 1037; x_wconf 89' lang='lat' dir='ltr'>eius</span> <span class='ocrx_word' id='word_1_62' title='bbox 962 992 1218 1037; x_wconf 82' lang='lat' dir='ltr'>consensum</span> <span class='ocrx_word' id='word_1_63' title='bbox 1232 992 1300 1036; x_wconf 88' lang='lat' dir='ltr'>seu</span> <span class='ocrx_word' id='word_1_64' title='bbox 1315 990 1516 1036; x_wconf 55' lang='lat' dir='ltr'>effeetum</span> <span class='ocrx_word' id='word_1_65' title='bbox 1533 991 1553 1019; x_wconf 72' lang='lat' dir='ltr'><em>d</em></span> <span class='ocrx_word' id='word_1_66' title='bbox 1566 1010 1668 1055; x_wconf 91' lang='lat' dir='ltr'>pro-</span> 
     </span>
     <span class='ocr_line' id='line_1_12' title="bbox 298 1059 1667 1125; baseline 0.001 -18"><span class='ocrx_word' id='word_1_67' title='bbox 298 1059 505 1107; x_wconf 85' lang='lat' dir='ltr'>mittebat.</span> <span class='ocrx_word' id='word_1_68' title='bbox 542 1061 748 1122; x_wconf 86' lang='lat' dir='ltr'>Cumque</span> <span class='ocrx_word' id='word_1_69' title='bbox 776 1062 834 1106; x_wconf 90' lang='lat' dir='ltr'>illi</span> <span class='ocrx_word' id='word_1_70' title='bbox 858 1078 1102 1125; x_wconf 82' lang='lat' dir='ltr'>pergerent,</span> <span class='ocrx_word' id='word_1_71' title='bbox 1119 1073 1131 1090; x_wconf 75' lang='lat'>‘³</span> <span class='ocrx_word' id='word_1_72' title='bbox 1161 1061 1217 1107; x_wconf 90' lang='lat' dir='ltr'>ad</span> <span class='ocrx_word' id='word_1_73' title='bbox 1247 1065 1417 1123; x_wconf 80' lang='lat' dir='ltr'>‘Romam</span> <span class='ocrx_word' id='word_1_74' title='bbox 1442 1080 1667 1122; x_wconf 87' lang='lat' dir='ltr'>venerunt,</span> 
     </span>
     <span class='ocr_line' id='line_1_13' title="bbox 297 1130 1669 1194; baseline 0 -15"><span class='ocrx_word' id='word_1_75' title='bbox 297 1150 426 1194; x_wconf 84' lang='lat' dir='ltr'>atque</span> <span class='ocrx_word' id='word_1_76' title='bbox 449 1132 564 1176; x_wconf 91' lang='lat' dir='ltr'>illico</span> <span class='ocrx_word' id='word_1_77' title='bbox 598 1130 813 1177; x_wconf 78' lang='lat' dir='ltr'>bafilicam</span> <span class='ocrx_word' id='word_1_78' title='bbox 832 1133 976 1178; x_wconf 50' lang='lat' dir='ltr'>sancii</span> <span class='ocrx_word' id='word_1_79' title='bbox 995 1134 1099 1178; x_wconf 90' lang='lat' dir='ltr'>Petri</span> <span class='ocrx_word' id='word_1_80' title='bbox 1122 1134 1341 1191; x_wconf 79' lang='lat' dir='ltr'>intrantes,</span> <span class='ocrx_word' id='word_1_81' title='bbox 1366 1134 1481 1178; x_wconf 92' lang='lat' dir='ltr'>sacra</span> <span class='ocrx_word' id='word_1_82' title='bbox 1509 1134 1669 1179; x_wconf 85' lang='lat' dir='ltr'>celestis</span> 
     </span>
     <span class='ocr_line' id='line_1_14' title="bbox 297 1202 1667 1265; baseline 0.001 -16"><span class='ocrx_word' id='word_1_83' title='bbox 297 1202 552 1261; x_wconf 85' lang='lat' dir='ltr'>clavicularij</span> <span class='ocrx_word' id='word_1_84' title='bbox 584 1202 906 1264; x_wconf 88' lang='lat' dir='ltr'>postulaverunt</span> <span class='ocrx_word' id='word_1_85' title='bbox 941 1202 1120 1265; x_wconf 89' lang='lat' dir='ltr'>pres1dia</span> <span class='ocrx_word' id='word_1_86' title='bbox 1155 1204 1350 1265; x_wconf 86' lang='lat' dir='ltr'>illiusque</span> <span class='ocrx_word' id='word_1_87' title='bbox 1375 1205 1415 1249; x_wconf 91' lang='lat' dir='ltr'>se</span> <span class='ocrx_word' id='word_1_88' title='bbox 1441 1221 1667 1250; x_wconf 89' lang='lat' dir='ltr'>commen-</span> 
     </span>
     <span class='ocr_line' id='line_1_15' title="bbox 298 1271 1668 1338; baseline 0.001 -19"><span class='ocrx_word' id='word_1_89' title='bbox 298 1272 462 1320; x_wconf 87' lang='lat' dir='ltr'>dabant</span> <span class='ocrx_word' id='word_1_90' title='bbox 480 1274 554 1335; x_wconf 92' lang='lat' dir='ltr'>pio</span> <span class='ocrx_word' id='word_1_91' title='bbox 568 1271 591 1311; x_wconf 83' lang='lat' dir='ltr'><em>f</em></span> <span class='ocrx_word' id='word_1_92' title='bbox 606 1290 786 1335; x_wconf 91' lang='lat' dir='ltr'>precum</span> <span class='ocrx_word' id='word_1_93' title='bbox 808 1275 1065 1335; x_wconf 87' lang='lat' dir='ltr'>patrocinio.</span> <span class='ocrx_word' id='word_1_94' title='bbox 1078 1275 1192 1319; x_wconf 86' lang='lat' dir='ltr'>Tum</span> <span class='ocrx_word' id='word_1_95' title='bbox 1212 1274 1282 1320; x_wconf 89' lang='lat' dir='ltr'>ille</span> <span class='ocrx_word' id='word_1_96' title='bbox 1299 1275 1414 1320; x_wconf 86' lang='lat' dir='ltr'>sacer</span> <span class='ocrx_word' id='word_1_97' title='bbox 1433 1276 1668 1338; x_wconf 84' lang='lat' dir='ltr'>apostolice</span> 
     </span>
     <span class='ocr_line' id='line_1_16' title="bbox 296 1342 1668 1407; baseline 0.001 -19"><span class='ocrx_word' id='word_1_98' title='bbox 296 1342 403 1388; x_wconf 89' lang='lat' dir='ltr'>sedis</span> <span class='ocrx_word' id='word_1_99' title='bbox 428 1343 639 1405; x_wconf 79' lang='lat' dir='ltr'>pontifex,</span> <span class='ocrx_word' id='word_1_100' title='bbox 680 1345 918 1407; x_wconf 81' lang='lat' dir='ltr'>Gregorius</span> <span class='ocrx_word' id='word_1_101' title='bbox 947 1347 1006 1403; x_wconf 86' lang='lat' dir='ltr'>Ill,</span> <span class='ocrx_word' id='word_1_102' title='bbox 1034 1344 1332 1390; x_wconf 88' lang='lat' dir='ltr'>venerandum</span> <span class='ocrx_word' id='word_1_103' title='bbox 1364 1346 1503 1391; x_wconf 87' lang='lat' dir='ltr'>virum</span> <span class='ocrx_word' id='word_1_104' title='bbox 1527 1345 1668 1391; x_wconf 91' lang='lat' dir='ltr'>Willi-</span> 
     </span>
     <span class='ocr_line' id='line_1_17' title="bbox 297 1413 1667 1478; baseline 0.004 -20"><span class='ocrx_word' id='word_1_105' title='bbox 297 1413 476 1459; x_wconf 91' lang='lat' dir='ltr'>baldum</span> <span class='ocrx_word' id='word_1_106' title='bbox 500 1414 585 1460; x_wconf 89' lang='lat' dir='ltr'>illic</span> <span class='ocrx_word' id='word_1_107' title='bbox 604 1413 689 1460; x_wconf 79' lang='lat' dir='ltr'>esse</span> <span class='ocrx_word' id='word_1_108' title='bbox 707 1416 996 1477; x_wconf 87' lang='lat' dir='ltr'>comperiens,</span> <span class='ocrx_word' id='word_1_109' title='bbox 1019 1417 1213 1478; x_wconf 86' lang='lat' dir='ltr'>precepit</span> <span class='ocrx_word' id='word_1_110' title='bbox 1236 1416 1356 1461; x_wconf 89' lang='lat' dir='ltr'>illum</span> <span class='ocrx_word' id='word_1_111' title='bbox 1375 1415 1430 1461; x_wconf 90' lang='lat' dir='ltr'>ad</span> <span class='ocrx_word' id='word_1_112' title='bbox 1450 1417 1490 1461; x_wconf 91' lang='lat' dir='ltr'>se</span> <span class='ocrx_word' id='word_1_113' title='bbox 1510 1417 1667 1463; x_wconf 91' lang='lat' dir='ltr'>venire.</span> 
     </span>
     <span class='ocr_line' id='line_1_18' title="bbox 298 1485 1668 1550; baseline 0.001 -20"><span class='ocrx_word' id='word_1_114' title='bbox 298 1486 502 1547; x_wconf 89' lang='lat' dir='ltr'>Cumque</span> <span class='ocrx_word' id='word_1_115' title='bbox 519 1486 604 1531; x_wconf 90' lang='lat' dir='ltr'>illic</span> <span class='ocrx_word' id='word_1_116' title='bbox 622 1485 801 1533; x_wconf 72' lang='lat' dir='ltr'>venisset</span> <span class='ocrx_word' id='word_1_117' title='bbox 817 1486 873 1532; x_wconf 91' lang='lat' dir='ltr'>ad</span> <span class='ocrx_word' id='word_1_118' title='bbox 886 1488 1082 1532; x_wconf 63' lang='lat' dir='ltr'>fancorum</span> <span class='ocrx_word' id='word_1_119' title='bbox 1102 1487 1257 1532; x_wconf 88' lang='lat' dir='ltr'>summi</span> <span class='ocrx_word' id='word_1_120' title='bbox 1281 1487 1504 1545; x_wconf 87' lang='lat' dir='ltr'>sacerdotij</span> <span class='ocrx_word' id='word_1_121' title='bbox 1519 1499 1540 1526; x_wconf 66' lang='lat' dir='ltr'><em>g</em></span> <span class='ocrx_word' id='word_1_122' title='bbox 1556 1505 1668 1550; x_wconf 92' lang='lat' dir='ltr'>pon-</span> 
     </span>
     <span class='ocr_line' id='line_1_19' title="bbox 299 1555 1669 1621; baseline 0.001 -18"><span class='ocrx_word' id='word_1_123' title='bbox 299 1555 472 1616; x_wconf 87' lang='lat' dir='ltr'>tificem,</span> <span class='ocrx_word' id='word_1_124' title='bbox 497 1557 637 1602; x_wconf 88' lang='lat' dir='ltr'>statim</span> <span class='ocrx_word' id='word_1_125' title='bbox 657 1575 799 1620; x_wconf 91' lang='lat' dir='ltr'>prono</span> <span class='ocrx_word' id='word_1_126' title='bbox 820 1558 938 1604; x_wconf 93' lang='lat' dir='ltr'>vultu</span> <span class='ocrx_word' id='word_1_127' title='bbox 958 1559 1000 1603; x_wconf 92' lang='lat' dir='ltr'>in</span> <span class='ocrx_word' id='word_1_128' title='bbox 1024 1574 1182 1604; x_wconf 89' lang='lat' dir='ltr'>terram</span> <span class='ocrx_word' id='word_1_129' title='bbox 1202 1559 1242 1604; x_wconf 90' lang='lat' dir='ltr'>se</span> <span class='ocrx_word' id='word_1_130' title='bbox 1260 1557 1467 1621; x_wconf 82' lang='lat' dir='ltr'>vergebat</span> <span class='ocrx_word' id='word_1_131' title='bbox 1485 1561 1530 1604; x_wconf 89' lang='lat'>&amp;</span> <span class='ocrx_word' id='word_1_132' title='bbox 1549 1559 1669 1604; x_wconf 86' lang='lat' dir='ltr'>illum</span> 
     </span>
     <span class='ocr_line' id='line_1_20' title="bbox 298 1627 1671 1694; baseline 0.001 -19"><span class='ocrx_word' id='word_1_133' title='bbox 298 1627 517 1675; x_wconf 81' lang='lat' dir='ltr'>salutabat.</span> <span class='ocrx_word' id='word_1_134' title='bbox 538 1630 816 1692; x_wconf 85' lang='lat' dir='ltr'>Protinusque</span> <span class='ocrx_word' id='word_1_135' title='bbox 830 1630 899 1675; x_wconf 91' lang='lat' dir='ltr'>ille</span> <span class='ocrx_word' id='word_1_136' title='bbox 922 1631 1015 1692; x_wconf 87' lang='lat' dir='ltr'>pius</span> <span class='ocrx_word' id='word_1_137' title='bbox 1032 1631 1302 1693; x_wconf 91' lang='lat' dir='ltr'>populorum</span> <span class='ocrx_word' id='word_1_138' title='bbox 1320 1631 1564 1693; x_wconf 85' lang='lat' dir='ltr'>speculator</span> <span class='ocrx_word' id='word_1_139' title='bbox 1593 1633 1671 1694; x_wconf 90' lang='lat' dir='ltr'>piis</span> 
     </span>
     <span class='ocr_line' id='line_1_21' title="bbox 297 1698 1671 1765; baseline 0.003 -21"><span class='ocrx_word' id='word_1_140' title='bbox 297 1698 529 1745; x_wconf 89' lang='lat' dir='ltr'>verborum</span> <span class='ocrx_word' id='word_1_141' title='bbox 554 1699 904 1746; x_wconf 79' lang='lat' dir='ltr'>viciffitudinibus</span> <span class='ocrx_word' id='word_1_142' title='bbox 926 1702 1088 1747; x_wconf 87' lang='lat' dir='ltr'>itineris</span> <span class='ocrx_word' id='word_1_143' title='bbox 1108 1702 1167 1746; x_wconf 89' lang='lat' dir='ltr'>sui</span> <span class='ocrx_word' id='word_1_144' title='bbox 1192 1701 1392 1747; x_wconf 88' lang='lat' dir='ltr'>ordinem</span> <span class='ocrx_word' id='word_1_145' title='bbox 1417 1703 1671 1765; x_wconf 87' lang='lat' dir='ltr'>investigare</span> 
     </span>
     <span class='ocr_line' id='line_1_22' title="bbox 298 1769 1669 1835; baseline 0.002 -20"><span class='ocrx_word' id='word_1_146' title='bbox 298 1772 412 1833; x_wconf 90' lang='lat' dir='ltr'>cepit</span> <span class='ocrx_word' id='word_1_147' title='bbox 431 1769 484 1816; x_wconf 90' lang='lat' dir='ltr'>ab</span> <span class='ocrx_word' id='word_1_148' title='bbox 509 1771 608 1817; x_wconf 89' lang='lat' dir='ltr'>illo:</span> <span class='ocrx_word' id='word_1_149' title='bbox 641 1771 872 1834; x_wconf 89' lang='lat' dir='ltr'>quomodo</span> <span class='ocrx_word' id='word_1_150' title='bbox 890 1772 1131 1835; x_wconf 87' lang='lat' dir='ltr'>septuplum</span> <span class='ocrx_word' id='word_1_151' title='bbox 1145 1789 1362 1818; x_wconf 88' lang='lat' dir='ltr'>annorum</span> <span class='ocrx_word' id='word_1_152' title='bbox 1388 1773 1602 1818; x_wconf 89' lang='lat' dir='ltr'>calculum</span> <span class='ocrx_word' id='word_1_153' title='bbox 1626 1774 1669 1818; x_wconf 91' lang='lat' dir='ltr'>in</span> 
     </span>
     <span class='ocr_line' id='line_1_23' title="bbox 298 1842 1669 1907; baseline 0.001 -20"><span class='ocrx_word' id='word_1_154' title='bbox 298 1843 479 1890; x_wconf 81' lang='lat' dir='ltr'>externis</span> <span class='ocrx_word' id='word_1_155' title='bbox 512 1844 702 1889; x_wconf 87' lang='lat' dir='ltr'>terminis</span> <span class='ocrx_word' id='word_1_156' title='bbox 733 1843 888 1889; x_wconf 89' lang='lat' dir='ltr'>telluris</span> <span class='ocrx_word' id='word_1_157' title='bbox 914 1842 1147 1905; x_wconf 89' lang='lat' dir='ltr'>probando</span> <span class='ocrx_word' id='word_1_158' title='bbox 1174 1861 1432 1906; x_wconf 80' lang='lat' dir='ltr'>peragraret,</span> <span class='ocrx_word' id='word_1_159' title='bbox 1464 1861 1537 1889; x_wconf 89' lang='lat' dir='ltr'>aut</span> <span class='ocrx_word' id='word_1_160' title='bbox 1560 1862 1669 1907; x_wconf 90' lang='lat' dir='ltr'>quo-</span> 
     </span>
     <span class='ocr_line' id='line_1_24' title="bbox 299 1914 1669 1978; baseline 0 -19"><span class='ocrx_word' id='word_1_161' title='bbox 299 1914 436 1960; x_wconf 89' lang='lat' dir='ltr'>modo</span> <span class='ocrx_word' id='word_1_162' title='bbox 467 1931 544 1976; x_wconf 91' lang='lat' dir='ltr'>per</span> <span class='ocrx_word' id='word_1_163' title='bbox 573 1914 708 1959; x_wconf 90' lang='lat' dir='ltr'>multa</span> <span class='ocrx_word' id='word_1_164' title='bbox 732 1930 980 1976; x_wconf 88' lang='lat' dir='ltr'>temporum</span> <span class='ocrx_word' id='word_1_165' title='bbox 1014 1914 1148 1976; x_wconf 86' lang='lat' dir='ltr'>spatia</span> <span class='ocrx_word' id='word_1_166' title='bbox 1179 1915 1437 1977; x_wconf 87' lang='lat' dir='ltr'>perniciosas</span> <span class='ocrx_word' id='word_1_167' title='bbox 1470 1933 1669 1978; x_wconf 86' lang='lat' dir='ltr'>pagano-</span> 
     </span>
     <span class='ocr_line' id='line_1_25' title="bbox 299 1984 1669 2049; baseline -0.001 -16"><span class='ocrx_word' id='word_1_168' title='bbox 299 2004 393 2033; x_wconf 90' lang='lat' dir='ltr'>rum</span> <span class='ocrx_word' id='word_1_169' title='bbox 426 1986 653 2049; x_wconf 85' lang='lat' dir='ltr'>pravitates</span> <span class='ocrx_word' id='word_1_170' title='bbox 692 1984 963 2047; x_wconf 87' lang='lat' dir='ltr'>penetrando</span> <span class='ocrx_word' id='word_1_171' title='bbox 999 1984 1215 2044; x_wconf 88' lang='lat' dir='ltr'>evaderet,</span> <span class='ocrx_word' id='word_1_172' title='bbox 1246 1985 1474 2049; x_wconf 88' lang='lat' dir='ltr'>diligenter</span> <span class='ocrx_word' id='word_1_173' title='bbox 1505 1985 1560 2032; x_wconf 89' lang='lat' dir='ltr'>ab</span> <span class='ocrx_word' id='word_1_174' title='bbox 1596 1987 1669 2032; x_wconf 88' lang='lat' dir='ltr'>illo</span> 
     </span>
     <span class='ocr_line' id='line_1_26' title="bbox 300 2056 598 2104; baseline -0.007 0"><span class='ocrx_word' id='word_1_175' title='bbox 300 2056 598 2104; x_wconf 85' lang='lat' dir='ltr'>sciscitabatur.</span> 
     </span>
    </p>

    <p class='ocr_par' dir='ltr' id='par_1_6' title="bbox 297 2126 1672 2618">
     <span class='ocr_line' id='line_1_27' title="bbox 362 2126 1671 2191; baseline -0.002 -16"><span class='ocrx_word' id='word_1_176' title='bbox 362 2130 603 2189; x_wconf 89' lang='lat' dir='ltr'>Statimque</span> <span class='ocrx_word' id='word_1_177' title='bbox 628 2143 730 2172; x_wconf 89' lang='lat' dir='ltr'>tunc</span> <span class='ocrx_word' id='word_1_178' title='bbox 746 2127 762 2154; x_wconf 62' lang='lat' dir='ltr'><em>h</em></span> <span class='ocrx_word' id='word_1_179' title='bbox 779 2127 847 2172; x_wconf 84' lang='lat' dir='ltr'>ille</span> <span class='ocrx_word' id='word_1_180' title='bbox 874 2126 994 2190; x_wconf 89' lang='lat' dir='ltr'>agilis</span> <span class='ocrx_word' id='word_1_181' title='bbox 1020 2127 1176 2173; x_wconf 89' lang='lat' dir='ltr'>Christi</span> <span class='ocrx_word' id='word_1_182' title='bbox 1199 2128 1453 2174; x_wconf 90' lang='lat' dir='ltr'>vernaculus</span> <span class='ocrx_word' id='word_1_183' title='bbox 1479 2128 1671 2191; x_wconf 86' lang='lat' dir='ltr'>glorioso</span> 
     </span>
     <span class='ocr_line' id='line_1_28' title="bbox 298 2198 1671 2264; baseline -0.001 -20"><span class='ocrx_word' id='word_1_184' title='bbox 298 2200 496 2264; x_wconf 86' lang='lat' dir='ltr'>gentium</span> <span class='ocrx_word' id='word_1_185' title='bbox 515 2198 809 2262; x_wconf 87' lang='lat' dir='ltr'>gubernatori,</span> <span class='ocrx_word' id='word_1_186' title='bbox 837 2199 1016 2261; x_wconf 88' lang='lat' dir='ltr'>sapienti</span> <span class='ocrx_word' id='word_1_187' title='bbox 1036 2199 1284 2244; x_wconf 89' lang='lat' dir='ltr'>sermonum</span> <span class='ocrx_word' id='word_1_188' title='bbox 1309 2198 1513 2244; x_wconf 89' lang='lat' dir='ltr'>industria</span> <span class='ocrx_word' id='word_1_189' title='bbox 1533 2199 1671 2244; x_wconf 90' lang='lat' dir='ltr'>humi-</span> 
     </span>
     <span class='ocr_line' id='line_1_29' title="bbox 297 2269 1672 2330; baseline -0.001 -12"><span class='ocrx_word' id='word_1_190' title='bbox 297 2274 390 2319; x_wconf 89' lang='lat' dir='ltr'>liter</span> <span class='ocrx_word' id='word_1_191' title='bbox 414 2269 703 2330; x_wconf 78' lang='lat' dir='ltr'>edisserendo,</span> <span class='ocrx_word' id='word_1_192' title='bbox 728 2271 878 2317; x_wconf 85' lang='lat' dir='ltr'>seriem</span> <span class='ocrx_word' id='word_1_193' title='bbox 903 2271 958 2315; x_wconf 89' lang='lat' dir='ltr'>sui</span> <span class='ocrx_word' id='word_1_194' title='bbox 990 2271 1149 2316; x_wconf 87' lang='lat' dir='ltr'>itineris</span> <span class='ocrx_word' id='word_1_195' title='bbox 1175 2288 1224 2315; x_wconf 85' lang='lat' dir='ltr'>ex</span> <span class='ocrx_word' id='word_1_196' title='bbox 1253 2269 1404 2316; x_wconf 89' lang='lat' dir='ltr'>ordine</span> <span class='ocrx_word' id='word_1_197' title='bbox 1430 2271 1672 2316; x_wconf 87' lang='lat' dir='ltr'>intimavit:</span> 
     </span>
     <span class='ocr_line' id='line_1_30' title="bbox 300 2341 1672 2407; baseline -0.002 -19"><span class='ocrx_word' id='word_1_198' title='bbox 300 2343 415 2407; x_wconf 91' lang='lat' dir='ltr'>quali</span> <span class='ocrx_word' id='word_1_199' title='bbox 453 2341 590 2388; x_wconf 87' lang='lat' dir='ltr'>modo</span> <span class='ocrx_word' id='word_1_200' title='bbox 627 2342 781 2388; x_wconf 86' lang='lat' dir='ltr'>multas</span> <span class='ocrx_word' id='word_1_201' title='bbox 819 2341 1050 2406; x_wconf 90' lang='lat' dir='ltr'>migrando</span> <span class='ocrx_word' id='word_1_202' title='bbox 1088 2341 1241 2386; x_wconf 86' lang='lat' dir='ltr'>mundi</span> <span class='ocrx_word' id='word_1_203' title='bbox 1284 2342 1392 2386; x_wconf 85' lang='lat' dir='ltr'>istius</span> <span class='ocrx_word' id='word_1_204' title='bbox 1435 2341 1672 2402; x_wconf 84' lang='lat' dir='ltr'>permeavit</span> 
     </span>
     <span class='ocr_line' id='line_1_31' title="bbox 301 2411 1670 2475; baseline -0.002 -16"><span class='ocrx_word' id='word_1_205' title='bbox 301 2413 557 2472; x_wconf 77' lang='lat' dir='ltr'>mansiones,</span> <span class='ocrx_word' id='word_1_206' title='bbox 587 2415 632 2458; x_wconf 73' lang='grc' dir='ltr'>ὅ(</span> <span class='ocrx_word' id='word_1_207' title='bbox 662 2412 893 2475; x_wconf 90' lang='lat' dir='ltr'>quomodo</span> <span class='ocrx_word' id='word_1_208' title='bbox 925 2413 1089 2458; x_wconf 89' lang='lat' dir='ltr'>almum</span> <span class='ocrx_word' id='word_1_209' title='bbox 1119 2411 1301 2458; x_wconf 81' lang='lat' dir='ltr'>altiffimi</span> <span class='ocrx_word' id='word_1_210' title='bbox 1339 2412 1533 2457; x_wconf 89' lang='lat' dir='ltr'>etherum</span> <span class='ocrx_word' id='word_1_211' title='bbox 1564 2411 1670 2473; x_wconf 83' lang='lat' dir='ltr'>plas-</span> 
     </span>
     <span class='ocr_line' id='line_1_32' title="bbox 302 2481 1670 2531; baseline -0.003 0"><span class='ocrx_word' id='word_1_212' title='bbox 302 2486 477 2531; x_wconf 88' lang='lat' dir='ltr'>matoris</span> <span class='ocrx_word' id='word_1_213' title='bbox 503 2485 690 2530; x_wconf 86' lang='lat' dir='ltr'>natalem</span> <span class='ocrx_word' id='word_1_214' title='bbox 713 2485 722 2512; x_wconf 75' lang='lat'>¹&#39;</span> <span class='ocrx_word' id='word_1_215' title='bbox 744 2483 955 2531; x_wconf 89' lang='lat' dir='ltr'>adventus</span> <span class='ocrx_word' id='word_1_216' title='bbox 983 2484 1039 2528; x_wconf 89' lang='lat' dir='ltr'>sui</span> <span class='ocrx_word' id='word_1_217' title='bbox 1065 2483 1213 2528; x_wconf 88' lang='lat' dir='ltr'>locum</span> <span class='ocrx_word' id='word_1_218' title='bbox 1230 2485 1272 2529; x_wconf 87' lang='lat' dir='ltr'>in</span> <span class='ocrx_word' id='word_1_219' title='bbox 1295 2483 1542 2528; x_wconf 81' lang='lat' dir='ltr'>Bethlehem</span> <span class='ocrx_word' id='word_1_220' title='bbox 1565 2481 1670 2527; x_wconf 86' lang='lat' dir='ltr'>ado-</span> 
     </span>
     <span class='ocr_line' id='line_1_33' title="bbox 301 2553 1671 2618; baseline -0.003 -16"><span class='ocrx_word' id='word_1_221' title='bbox 301 2556 453 2615; x_wconf 91' lang='lat' dir='ltr'>rando,</span> <span class='ocrx_word' id='word_1_222' title='bbox 480 2573 613 2618; x_wconf 90' lang='lat' dir='ltr'>opem</span> <span class='ocrx_word' id='word_1_223' title='bbox 638 2554 899 2618; x_wconf 88' lang='lat' dir='ltr'>postulando</span> <span class='ocrx_word' id='word_1_224' title='bbox 925 2553 1233 2617; x_wconf 84' lang='lat' dir='ltr'>lustrandoque</span> <span class='ocrx_word' id='word_1_225' title='bbox 1260 2553 1602 2616; x_wconf 88' lang='lat' dir='ltr'>perambulabat,</span> <span class='ocrx_word' id='word_1_226' title='bbox 1627 2555 1671 2598; x_wconf 73' lang='grc' dir='ltr'>ὅ(</span> 
     </span>
    </p>
   </div>
   <div class='ocr_carea' id='block_1_6' title="bbox 300 2672 1671 2826">
    <p class='ocr_par' dir='ltr' id='par_1_7' title="bbox 300 2672 1671 2826">
     <span class='ocr_line' id='line_1_34' title="bbox 344 2672 1666 2717; baseline -0.003 -10"><span class='ocrx_word' id='word_1_227' title='bbox 344 2687 371 2707; x_wconf 80' lang='lat' dir='ltr'>a.</span> <span class='ocrx_word' id='word_1_228' title='bbox 401 2673 525 2708; x_wconf 79' lang='lat' dir='ltr'>‘Titulus</span> <span class='ocrx_word' id='word_1_229' title='bbox 543 2676 574 2708; x_wconf 79' lang='lat' dir='ltr'>d.</span> <span class='ocrx_word' id='word_1_230' title='bbox 601 2675 633 2707; x_wconf 90' lang='lat' dir='ltr'>in</span> <span class='ocrx_word' id='word_1_231' title='bbox 654 2675 702 2716; x_wconf 85' lang='lat' dir='ltr'>C.‚</span> <span class='ocrx_word' id='word_1_232' title='bbox 722 2676 753 2707; x_wconf 92' lang='lat' dir='ltr'>P.</span> <span class='ocrx_word' id='word_1_233' title='bbox 787 2695 829 2699; x_wconf 90' lang='lat'>—-</span> <span class='ocrx_word' id='word_1_234' title='bbox 863 2676 892 2707; x_wconf 95' lang='lat' dir='ltr'>b.</span> <span class='ocrx_word' id='word_1_235' title='bbox 910 2675 942 2707; x_wconf 90' lang='lat' dir='ltr'>F.</span> <span class='ocrx_word' id='word_1_236' title='bbox 1074 2673 1096 2706; x_wconf 75' lang='lat' dir='ltr'>f.</span> <span class='ocrx_word' id='word_1_237' title='bbox 1117 2673 1172 2717; x_wconf 86' lang='lat' dir='ltr'>pio</span> <span class='ocrx_word' id='word_1_238' title='bbox 1193 2675 1224 2705; x_wconf 83' lang='lat' dir='ltr'>d.</span> <span class='ocrx_word' id='word_1_239' title='bbox 1244 2673 1276 2705; x_wconf 89' lang='lat' dir='ltr'>in</span> <span class='ocrx_word' id='word_1_240' title='bbox 1292 2674 1326 2706; x_wconf 91' lang='lat' dir='ltr'>C.</span> <span class='ocrx_word' id='word_1_241' title='bbox 1349 2692 1390 2696; x_wconf 89' lang='lat'>—</span> <span class='ocrx_word' id='word_1_242' title='bbox 1410 2684 1444 2716; x_wconf 87' lang='lat' dir='ltr'>g.</span> <span class='ocrx_word' id='word_1_243' title='bbox 1470 2674 1502 2704; x_wconf 68' lang='lat'>(5.</span> <span class='ocrx_word' id='word_1_244' title='bbox 1520 2672 1666 2704; x_wconf 80' lang='lat' dir='ltr'>sacerdo-</span> 
     </span>
     <span class='ocr_line' id='line_1_35' title="bbox 300 2725 1671 2761; baseline -0.003 0"><span class='ocrx_word' id='word_1_245' title='bbox 300 2737 388 2761; x_wconf 84' lang='lat' dir='ltr'>tunc.</span> <span class='ocrx_word' id='word_1_246' title='bbox 408 2747 444 2752; x_wconf 91' lang='lat'><strong>—</strong></span> <span class='ocrx_word' id='word_1_247' title='bbox 459 2739 488 2760; x_wconf 91' lang='lat' dir='ltr'>c.</span> <span class='ocrx_word' id='word_1_248' title='bbox 508 2729 612 2760; x_wconf 82' lang='lat' dir='ltr'>statim</span> <span class='ocrx_word' id='word_1_249' title='bbox 631 2729 662 2761; x_wconf 86' lang='lat' dir='ltr'>d.</span> <span class='ocrx_word' id='word_1_250' title='bbox 677 2727 710 2760; x_wconf 87' lang='lat' dir='ltr'>in</span> <span class='ocrx_word' id='word_1_251' title='bbox 722 2729 758 2761; x_wconf 93' lang='lat' dir='ltr'>C.</span> <span class='ocrx_word' id='word_1_252' title='bbox 781 2747 822 2753; x_wconf 86' lang='lat'>—</span> <span class='ocrx_word' id='word_1_253' title='bbox 839 2728 872 2761; x_wconf 90' lang='lat' dir='ltr'>d.</span> <span class='ocrx_word' id='word_1_254' title='bbox 892 2728 943 2760; x_wconf 93' lang='lat' dir='ltr'>seu</span> <span class='ocrx_word' id='word_1_255' title='bbox 1028 2726 1098 2759; x_wconf 77' lang='lat' dir='ltr'>talis</span> <span class='ocrx_word' id='word_1_256' title='bbox 1121 2725 1215 2759; x_wconf 84' lang='lat' dir='ltr'>sedis.</span> <span class='ocrx_word' id='word_1_257' title='bbox 1238 2746 1280 2749; x_wconf 41' lang='lat'>*—</span> <span class='ocrx_word' id='word_1_258' title='bbox 1312 2726 1341 2758; x_wconf 90' lang='lat' dir='ltr'>h.</span> <span class='ocrx_word' id='word_1_259' title='bbox 1363 2733 1441 2758; x_wconf 87' lang='lat' dir='ltr'>tunc</span> <span class='ocrx_word' id='word_1_260' title='bbox 1462 2728 1492 2758; x_wconf 82' lang='lat' dir='ltr'>d.</span> <span class='ocrx_word' id='word_1_261' title='bbox 1518 2725 1551 2757; x_wconf 88' lang='lat' dir='ltr'>in</span> <span class='ocrx_word' id='word_1_262' title='bbox 1573 2726 1608 2757; x_wconf 91' lang='lat' dir='ltr'>C.</span> <span class='ocrx_word' id='word_1_263' title='bbox 1631 2744 1671 2748; x_wconf 88' lang='lat'>—-</span> 
     </span>
     <span class='ocr_line' id='line_1_36' title="bbox 303 2779 1372 2826; baseline -0.003 -12"><span class='ocrx_word' id='word_1_264' title='bbox 303 2780 456 2814; x_wconf 62' lang='lat' dir='ltr'>effefium</span> <span class='ocrx_word' id='word_1_265' title='bbox 474 2782 505 2814; x_wconf 86' lang='lat' dir='ltr'>d.</span> <span class='ocrx_word' id='word_1_266' title='bbox 521 2781 553 2814; x_wconf 86' lang='lat' dir='ltr'>in</span> <span class='ocrx_word' id='word_1_267' title='bbox 565 2782 600 2815; x_wconf 93' lang='lat' dir='ltr'>C.</span> <span class='ocrx_word' id='word_1_268' title='bbox 621 2800 644 2805; x_wconf 89' lang='lat'>-</span> <span class='ocrx_word' id='word_1_269' title='bbox 664 2793 694 2814; x_wconf 90' lang='lat' dir='ltr'>e.</span> <span class='ocrx_word' id='word_1_270' title='bbox 708 2782 742 2814; x_wconf 91' lang='lat' dir='ltr'>C.</span> <span class='ocrx_word' id='word_1_271' title='bbox 759 2788 942 2826; x_wconf 82' lang='lat' dir='ltr'>pergentes.</span> <span class='ocrx_word' id='word_1_272' title='bbox 1027 2780 1045 2814; x_wconf 88' lang='grc' dir='ltr'>ἰ.</span> <span class='ocrx_word' id='word_1_273' title='bbox 1068 2780 1212 2813; x_wconf 86' lang='lat' dir='ltr'>natalem</span> <span class='ocrx_word' id='word_1_274' title='bbox 1234 2781 1266 2812; x_wconf 85' lang='lat' dir='ltr'>d.</span> <span class='ocrx_word' id='word_1_275' title='bbox 1287 2779 1319 2812; x_wconf 90' lang='lat' dir='ltr'>in</span> <span class='ocrx_word' id='word_1_276' title='bbox 1339 2781 1372 2812; x_wconf 92' lang='lat' dir='ltr'>C.</span> 
     </span>
    </p>
   </div>
  </div>
 </body>
</html>
