2216 3435
387 529 488 559 Turris
513 530 603 558 Ader.

407 736 542 772 Hebron,
566 734 611 764 se-

386 778 519 817 pulcrum
534 778 631 807 Iacob.

385 1107 442 1136 Ubi
470 1106 622 1147 Philippus

426 1149 592 1189 baptizavit.

382 1317 529 1357 Spelunca
557 1319 609 1347 du-

458 1359 534 1398 filex,

390 1604 492 1642 Pugna
515 1613 583 1633 cum

439 1645 539 1675 Golia.

388 1746 639 1786 Eleutheropolis.

389 1816 565 1853 Sepulcrum
585 1815 607 1845 s.

422 1857 588 1887 Zachariae.

389 1899 545 1930 Ascalona.

390 2035 484 2065 Gaza.

389 2250 537 2280 Tabatha.

389 2317 516 2357 Raphia.

665 163 726 206 70
1209 157 1526 190 THEODosms

665 302 748 349 Sed
766 305 810 348 ὅ(
829 304 945 348 iuxta
966 304 1230 359 Bethlehem,
1258 304 1315 347 ait
1336 302 1668 360 Hierony1n11s‚0
1686 302 1834 348 locum
1856 301 1954 361 elle,
1980 301 2051 348 ubi

666 375 734 421 vel
760 374 1020 438 angelorum
1055 392 1159 439 grex
1186 376 1229 419 in
1267 391 1361 419 ortu
1388 374 1573 418 Domini
1610 375 1781 432 cecinit,
1814 374 1883 420 vel
1922 373 2050 420 Iacob

666 464 821 510 greges
848 447 943 492 suos
970 448 1102 509 pavit,
1131 463 1219 508 quo
1246 447 1289 490 in
1315 443 1484 508 lignum
1507 444 1751 490 futurorum
1772 444 1899 491 Iacob
1923 447 2054 492 erexit

667 523 806 564 surr-im
823 521 941 564 order
955 535 1028 564 aut
1043 520 1192 564 turrim
1209 518 1368 581 gregis,
1388 515 1460 561 ubi
1476 516 1627 561 dicunt
1644 517 1826 563 Hebreis
1842 518 2054 580 templum

667 589 919 636 edificatum
944 588 1040 636 effe.
1080 588 1213 653 Qiasi
1241 587 1438 650 quodam
1464 589 1671 633 vaticinio
1709 587 1823 634 diela
1855 587 1902 634 sit
1933 590 2055 634 turris

669 663 1025 726 congregationis
1053 663 1192 707 future
1220 660 1274 706 ad
1302 659 1529 722 templum.

733 733 804 779 Ad
829 734 914 778 hoc
942 734 1262 796 estsepulcrum,
1291 733 1333 776 in
1360 748 1450 792 quo
1479 732 1669 779 curavit&
1704 732 1854 795 Ioseph
1880 732 2056 795 sepelire

668 810 806 851 Iacob:
845 805 965 867 quod
992 809 1286 851 olor-alimmum
1302 815 1314 831 ⁶
1338 802 1491 849 dicunt
1516 803 1674 849 distans
1700 822 1724 849 a
1751 804 1955 850 Calvaria
1980 821 2056 866 per

668 878 843 941 triginta
868 878 1075 923 milliaria.
1115 877 1235 922 Cura
1258 877 1375 921 enim
1396 875 1474 919 fuit
1494 876 1647 921 sanclis
1672 876 1837 938 sepeliri
1864 877 1906 920 in
1932 892 2056 932 terra,

667 951 711 994 in
738 966 822 1011 qua
848 949 1038 996 scribunt
1067 949 1290 994 Christum
1318 947 1666 1006 resurrecturum,
1697 964 1741 992 ut
1774 964 1875 992 cum
1908 964 1962 993 eo
1994 966 2056 993 re-

667 1021 926 1085 surgerent.)

733 1093 842 1139 XXI.
881 1096 920 1138 Α
948 1093 1171 1138 Ierusalem
1199 1090 1361 1154 usqued
1388 1094 1456 1136 ubi
1488 1094 1707 1153 baptizavit
1742 1092 1960 1152 Philippus
1991 1111 2055 1137 eu-

666 1171 845 1225 nuchum,
872 1165 1068 1211 milliaria
1094 1163 1297 1210 sedecim.
1336 1161 1439 1208 Inde
1476 1164 1609 1225 usque
1634 1163 1689 1209 ad
1722 1161 2056 1219 Terebinthum,

667 1256 752 1300 que
790 1237 1035 1300 appellatur
1071 1238 1151 1282 ilex
1185 1238 1401 1292 Mambre,
1440 1235 1637 1280 milliaria
1673 1234 1776 1281 cluo.
1830 1236 1901 1280 De
1923 1236 2054 1281 Tere-

666 1308 822 1355 bintho
849 1309 981 1370 usque
1007 1307 1063 1354 ad
1083 1311 1317 1371 speluncam
1344 1310 1556 1369 duplicem,
1585 1305 1657 1352 ubi
1681 1307 1955 1370 requiescunt
1979 1324 2055 1370 pa-

666 1381 862 1438 triarche,
884 1380 1080 1426 milliaria
1103 1396 1303 1441 quatuor.
1341 1381 1409 1424 De
1436 1378 1640 1442 spelunca
1664 1378 1829 1441 duplici
1853 1378 1987 1440 usque
2010 1379 2055 1424 in

668 1450 854 1498 Hebron
880 1452 1076 1497 milliaria
1102 1450 1206 1497 cluo.
1247 1450 1306 1497 Ibi
1331 1449 1539 1496 habitavit
1559 1450 1704 1497 David
1728 1451 1893 1513 septem
1913 1451 2054 1510 annis,

670 1523 849 1588 quando
878 1524 988 1587 fugit
1012 1542 1036 1569 a
1060 1525 1171 1569 Saul.
1903 1512 1916 1527 ⁶

734 1596 862 1642 XXII.
899 1599 938 1641 Α
965 1612 1092 1658 porta
1118 1594 1256 1641 urbis‘
1281 1595 1415 1657 usque
1453 1598 1518 1640 ubi
1548 1599 1752 1656 pugnavit
1791 1597 1932 1640 ‘David
1971 1613 2055 1640 cum

672 1672 796 1716 Golia
819 1670 865 1714 in
891 1685 1044 1714 monte
1069 1666 1312 1730 ‘Bethuscms
1331 1684 1415 1729 que
1432 1669 1737 1730 interpretatur
1764 1666 1982 1725 lucerna,g

735 1744 804 1787 De
828 1740 1035 1786 Bethasan
1065 1739 1198 1801 usque
1222 1740 1563 1801 Eleutheropolim
1591 1738 1725 1783 millia
1753 1738 1987 1800 quinque.ll

734 1812 804 1860 Ab
829 1812 1149 1874 Eleutheropoli
1170 1811 1303 1872 usque
1325 1812 1369 1857 in
1388 1811 1554 1870 locum,
1574 1812 1639 1855 uhi
1664 1813 1944 1872 iacessunc‘lus
1968 1814 2056 1856 Ζα-

669 1890 844 1943 clmrios,
870 1884 1006 1930 millia
1030 1883 1112 1941 sex,
1138 1885 1182 1928 ὅ(
1208 1882 1262 1928 de
1286 1882 1379 1945 ipso
1404 1882 1506 1928 loco
1544 1881 1678 1944 usque
1709 1881 1766 1927 acl
1802 1883 2054 1944 cAscalonam

671 1958 803 2004 millia
828 1956 996 2020 viginti.

735 2029 878 2075 XXIII.
906 2029 974 2073 De
994 2028 1212 2073 Ascalona
1231 2026 1364 2087 usque
1383 2024 1439 2071 ad
1460 2028 1612 2087 Goqcim
1632 2024 1765 2070 millia
1784 2023 2058 2070 duodecim.¹'

672 2105 781 2147 Inter
807 2100 1070 2145 Ascalonam
1095 2101 1139 2144 &
1164 2100 1337 2144 Gazam
1362 2097 1557 2143 civitates
1585 2096 1686 2156 due,
1720 2094 1765 2140 id
1793 2096 1864 2155 est,
1901 2100 2057 2141 c-Antio-

669 2176 774 2219 noda
801 2173 846 2217 δί
873 2175 1090 2219 Waiumu.
1133 2173 1171 2217 Α
1196 2171 1322 2215 Gaza
1346 2169 1513 2214 circiter
1541 2169 1735 2230 quinque
1770 2166 1969 2213 milliaria
1999 2167 2057 2212 est

670 2241 892 2301 ‘Tabatlzaff
916 2244 1035 2290 vicus
1062 2241 1118 2288 ad
1143 2242 1327 2288 austrum
1350 2239 1463 2299 situs,
1488 2257 1540 2285 ex
1565 2257 1654 2302 quo
1680 2254 1798 2285 ortus
1825 2238 1882 2284 est
1906 2237 2057 2285 beatus

671 2316 912 2363 Hilarion.k
937 2317 1006 2361 De
1049 2317 1173 2362 Gaza
1213 2314 1347 2376 usque
1386 2311 1442 2359 ad
1479 2316 1682 2375 Raphiam
1728 2310 1863 2357 millia
1902 2311 2058 2374 viginti

716 2515 744 2535 a.
773 2504 870 2544 [οι-(1.,
890 2501 1047 2535 Ieremias
1080 2503 1115 2535 L.
1146 2520 1190 2525 —
1218 2501 1250 2533 b.
1271 2499 1320 2532 Sic
1451 2498 1472 2531 f.
1517 2499 1550 2531 P.
1581 2499 1738 2538 Buzana,
1777 2497 1810 2529 V.
1846 2495 1986 2539 Bizima,
2019 2498 2057 2530 L.

668 2568 745 2599 eg03
782 2558 828 2598 L.,
848 2557 932 2588 Lov.
954 2555 1086 2588 furavit.
1112 2575 1156 2580 —-
1185 2566 1213 2587 c.
1237 2552 1318 2586 Mff.
1405 2551 1554 2593 Bezima‚
1583 2553 1668 2585 Lov.
1700 2550 1824 2584 Birma.
1855 2570 1897 2574 —
1928 2561 1961 2594 g.
1986 2550 2059 2583 Sine

669 2609 911 2655 Abraymium.
933 2629 972 2633 -—
1005 2609 1040 2641 d.
1069 2609 1102 2641 V.
1123 2608 1165 2640 ad
1185 2606 1317 2652 piscina.
1402 2605 1523 2639 ultimis
1542 2617 1615 2639 voc.
1646 2607 1694 2646 L.,
1728 2606 1811 2638 Lov.
1834 2623 1877 2628 —
1903 2603 1935 2636 h.
1961 2602 2056 2637 Alias

669 2683 712 2688 -
732 2675 762 2696 e.
783 2665 833 2707 L.,
855 2665 938 2696 [οι-υ.
956 2670 1081 2695 tantum
1095 2662 1194 2694 habet
1211 2668 1319 2706 porta,
1400 2669 1459 2692 xv.
1487 2678 1530 2683 —
1557 2660 1576 2692 i.
1608 2660 1642 2692 L.
1672 2669 1785 2701 xxnn,
1806 2659 1889 2691 Lov.
1910 2668 2052 2691 xxvnu.

675 2718 704 2748 P.
740 2723 837 2760 portu
867 2714 1007 2759 Burgui,
1046 2715 1078 2746 V.
1109 2721 1205 2758 porta
1236 2712 1331 2746 Bur—⁷
1413 2732 1446 2737 -
1465 2713 1488 2755 j.
1512 2714 1543 2745 l..
1565 2711 1750 2745 Thalutha.
1784 2731 1826 2736 —
1847 2711 1879 2743 k.
1911 2712 1945 2744 L.
1969 2710 2053 2744 Yla-

668 2769 752 2813 gius.
1403 2765 1486 2809 ridij.
