2216 3435
448 353 522 381 1217

400 846 478 883 Aug.
499 853 523 873 1.

399 1130 523 1166 Aug.2

406 2642 484 2679 Aug.
500 2649 529 2679 4.

543 171 607 234 64
925 183 990 216 DE
1026 182 1237 216 ITINERE
1273 182 1542 216 FRIsoNUM.

545 332 669 379 beate
703 333 897 396 Virginis
935 333 975 378 se
1010 331 1162 378 vidisse
1196 331 1457 378 testabantur
1494 334 1536 378 in
1571 350 1682 392 aere,
1718 350 1928 396 tanquam

546 406 617 450 sue
644 403 836 450 vindiele
869 404 1226 468 congratulantis.
1265 404 1357 450 Erat
1390 420 1536 450 autem
1562 405 1643 451 hec
1668 407 1816 452 civitas
1843 406 1928 451 for-

546 476 712 535 tissima,
757 477 875 522 cuius
901 476 984 522 due
1023 491 1165 538 partes
1190 492 1306 537 aqua
1333 475 1633 540 cingebantur,
1674 494 1766 524 tota
1802 495 1928 524 muro

547 549 697 594 turrito
723 548 897 604 vallata,
935 546 1063 610 spiffo
1096 549 1139 592 in
1178 563 1363 607 tantum,
1400 564 1447 593 ut
1472 549 1514 593 in
1540 550 1628 595 eius
1653 551 1812 596 vertice
1837 549 1928 595 duo

546 618 719 681 possent
744 618 817 666 sibi
842 621 1007 683 equites
1045 636 1283 666 occurrere.
1329 621 1424 666 Hec
1463 621 1641 667 vastatio
1677 638 1859 667 omnem
1884 622 1929 666 in

547 708 718 737 tantum
743 693 889 738 terruit
907 692 1112 747 vicinam,
1138 708 1184 736 ut
1205 691 1345 738 nullus
1362 692 1406 737 in
1432 692 1510 737 suis
1531 691 1720 754 presidiis
1744 694 1931 756 speraret

546 763 736 809 salutem.

610 836 706 880 Hiis
726 837 873 898 itaque
895 835 1093 898 petasiis,
1117 836 1160 880 in
1187 834 1256 881 die
1276 836 1408 880 santfli
1433 836 1540 882 Petri
1563 835 1619 882 ad
1638 836 1811 883 vincula
1830 853 1930 899 pro-

548 906 769 965 cedentes,
801 908 993 954 civitates
1018 909 1064 952 ὃς
1089 906 1256 969 oppida
1276 924 1484 953 terrarum
1510 908 1668 954 scilicet
1686 907 1930 968 Odiatiam,

546 979 793 1039 Harmund,
818 980 1043 1037 Kazalam,
1083 979 1219 1025 Saltus
1263 997 1443 1042 quoque
1477 982 1522 1025 ὅ(
1558 984 1750 1027 Arenam
1786 981 1930 1026 san<ste

544 1050 699 1097 Eulalie
718 1068 820 1097 cum
840 1052 1005 1115 Hispali
1024 1069 1188 1114 magna
1204 1052 1465 1098 transeuntes
1484 1051 1540 1097 ad
1559 1052 1717 1112 levam,
1736 1053 1932 1115 sequenti

545 1121 614 1168 die
638 1123 792 1170 Roden
826 1124 1116 1187 pervenimus.
1156 1125 1275 1169 latstis
1316 1125 1517 1170 anchoris
1554 1141 1710 1170 terram
1743 1141 1931 1188 propere

544 1195 891 1241 conscendimus.
935 1194 1167 1241 Conversis
1203 1197 1246 1240 in
1283 1196 1434 1260 fugam
1466 1195 1646 1255 civibus,
1683 1197 1813 1242 nostri
1843 1197 1931 1242 cas-

544 1283 657 1312 trum
698 1266 925 1325 invadunt,
967 1267 1112 1330 spoliis
1146 1267 1313 1313 vastant
1345 1270 1390 1313 &
1426 1267 1613 1331 ignibus,
1652 1284 1833 1331 totaque
1859 1268 1929 1314 illa

544 1342 674 1384 nocfle
708 1340 752 1385 in
773 1356 826 1384 eo
845 1339 1186 1402 permanserunt.
1213 1340 1341 1385 Mane
1368 1340 1486 1385 fac‘lo
1508 1340 1702 1402 plurimis
1722 1339 1779 1387 ad
1799 1358 1931 1387 naves

545 1428 644 1456 cum
670 1409 804 1473 preda
837 1409 1021 1469 reversis,
1059 1409 1319 1472 quibusdam
1351 1411 1424 1474 spe
1453 1411 1559 1457 lucri
1588 1430 1666 1475 per
1694 1413 1840 1459 vineas
1865 1413 1930 1458 in-

545 1499 670 1529 caute
696 1481 902 1545 dispersis,
928 1483 1150 1528 Sarraceni
1169 1482 1446 1529 multitudine
1474 1501 1637 1547 magna
1655 1502 1732 1547 per
1751 1488 1929 1531 no6³oem

545 1555 727 1600 colle-:effa
753 1555 921 1600 nostros
950 1555 1209 1601 invaserunt.
1237 1556 1380 1601 Paucis
1413 1557 1559 1618 itaque
1584 1554 1684 1601 cefis
1710 1557 1926 1619 utrinque,

545 1627 672 1672 miffis
698 1626 752 1672 de
779 1625 959 1673 navibus
985 1626 1163 1683 auxiliis,
1201 1643 1292 1672 tota
1318 1627 1388 1673 die
1412 1629 1542 1690 pauci
1567 1627 1621 1673 de
1645 1628 1795 1673 nostris
1827 1645 1929 1673 cum

544 1699 688 1744 multis
723 1700 963 1745 Sarracenis
1000 1698 1328 1756 commiserunt,
1366 1700 1424 1744 ita
1448 1715 1494 1743 ut
1518 1699 1647 1761 pauci
1682 1698 1737 1745 de
1761 1700 1927 1759 nostris,

543 1771 681 1816 Mauri
714 1770 891 1834 plurimi
929 1768 1114 1816 arcubus
1139 1786 1412 1815 morerentur
1435 1772 1479 1816 &
1503 1768 1672 1816 balistis.
1700 1771 1800 1817 Sole
1824 1788 1928 1817 vero

542 1843 630 1887 iam
655 1841 711 1888 ad
737 1843 940 1888 occasum
964 1857 1185 1905 vergente,
1224 1843 1445 1888 Sarraceni
1479 1842 1629 1888 fortius
1653 1841 1926 1907 conglobati,

544 1912 617 1959 diu
665 1914 877 1961 ventilatis
923 1911 1121 1973 confiliis,
1176 1914 1384 1977 clangore
1426 1912 1606 1959 horrido
1663 1915 1928 1974 intonantes,

543 1985 673 2032 velud
710 1987 847 2048 parati
888 1986 1038 2031 omnia
1078 1985 1251 2031 fortune
1288 1986 1578 2044 committere,
1621 2003 1721 2031 cum
1761 1987 1928 2049 impetu

544 2059 713 2103 nostros
752 2056 970 2117 infiliunt„
996 2055 1066 2102 sed
1106 2057 1246 2102 statim
1287 2058 1327 2103 in
1354 2057 1507 2121 fugam
1540 2055 1746 2115 conversi,
1787 2058 1929 2120 turpia

544 2130 640 2192 post
680 2145 853 2193 tergum
897 2128 1076 2175 vulnera
1120 2129 1408 2191 susceperunt.
1459 2129 1602 2174 Nostri
1649 2130 1781 2192 igitur
1824 2145 1929 2175 tunc

545 2199 726 2245 demum
750 2199 930 2246 navibus
957 2199 997 2245 se
1016 2200 1308 2262 suscipientes,
1336 2198 1555 2245 balistariis
1581 2199 1781 2246 ultimam
1806 2218 1927 2246 man-

546 2269 703 2318 davere
729 2270 984 2317 custodiam.
1019 2271 1112 2333 Qii
1137 2271 1306 2334 repulso
1333 2269 1618 2316 barbarorum
1641 2271 1808 2334 impetu
1834 2272 1930 2334 post

546 2359 700 2388 omnes
734 2341 917 2389 navibus
953 2343 1125 2402 invecli,
1160 2344 1349 2405 primam
1375 2345 1419 2388 ὃς
1443 2342 1641 2388 ultimam
1682 2358 1931 2389 meruerunt

547 2431 776 2459 coronam.
819 2415 946 2460 Tunc
975 2431 1079 2460 vero
1111 2415 1296 2460 vistores
1333 2415 1491 2459 mutuis
1528 2415 1568 2459 se
1606 2413 1805 2460 laudibus
1830 2413 1930 2460 effe-

546 2501 701 2544 renteS,
743 2484 850 2531 dum
892 2486 933 2531 se
974 2485 1205 2532 humiliant
1239 2486 1282 2531 in
1323 2484 1535 2543 laudibus,
1578 2487 1621 2531 in
1656 2486 1797 2550 gloria
1834 2486 1930 2549 plus

549 2557 682 2602 crevit
726 2555 997 2602 timidiffimis
1029 2555 1270 2618 quibusque
1310 2555 1492 2602 audacia
1524 2556 1748 2619 loquendi.
1801 2558 1931 2603 Mane

552 2627 665 2673 fafia
706 2627 809 2674 feria
844 2628 959 2674 sexta
1006 2628 1237 2674 stationem
1277 2627 1504 2686 solventes,
1557 2645 1709 2674 contra
1748 2629 1930 2674 insulam

552 2698 690 2746 Cadir
723 2716 874 2762 proras
914 2698 1160 2757 direximus,
1201 2716 1420 2761 portuque
1450 2702 1612 2762 recepti
1634 2701 1678 2745 in
1704 2701 1929 2765 magnani-
