2216 3435
583 233 673 281 274
789 230 1225 263 SANCTIMONIALIS
1264 230 1741 263 HEYDENHEIMENSIS

576 377 810 426 transivit.‘¹
843 379 1050 440 Cumque
1082 378 1351 425 venerandus
1381 379 1443 424 vir
1473 377 1751 424 Willibaldus
1783 381 1828 424 ὅ(
1851 379 1955 425 Tid-

575 450 823 507 berclitiis,‘’
848 454 920 514 qui
958 469 1059 497 cum
1090 468 1143 496 eo
1182 450 1390 514 pergebat
1423 469 1499 514 per
1537 453 1700 510 omnia,
1734 454 1954 515 pervenie-

575 522 709 568 banrs
740 523 795 570 ad
833 527 1020 569 staffilum
1052 525 1327 578 Benedifflum,
1370 540 1459 567 non
1492 523 1761 586 reperiebant
1791 522 1849 569 ibi
1884 522 1956 570 nifi

575 612 739 657 paucos
766 595 1010 640 monachos
1037 596 1081 639 ὅ(
1108 592 1312 640 abbatem
1338 596 1517 640 nomine
1546 597 1837 641 Petronacem.
1865 597 1956 642 Sta-

573 668 738 729 timque
769 668 838 713 ille
875 683 1040 725 magno
1084 667 1240 711 mentis
1272 665 1574 712 moderamine
1607 669 1651 712 &
1692 667 1954 731 dogmatum

573 739 754 802 ingenio
785 739 954 784 felicem
982 738 1159 783 ftatrum
1185 735 1534 796 contuberniam,
1551 740 1571 765 ¹¹
1593 738 1744 784 sedulis
1770 738 1955 803 disputa-

573 809 761 856 tionibus
774 809 1040 866 admonitus,
1058 820 1070 836 ⁶
1096 826 1185 853 non
1201 808 1340 853 solum
1356 808 1508 867 verbis,
1524 808 1594 855 sed
1610 827 1784 855 morum
1803 812 1954 858 venus-

574 898 658 928 tate
675 882 694 917 f
711 880 923 928 vilitando
951 880 1155 937 docebat,
1190 883 1235 926 ὅ(
1261 884 1372 926 reete
1397 881 1741 927 constitutionisg
1767 883 1954 929 formam

572 955 616 999 ὃ(
639 951 875 999 cenobialis
901 954 985 999 vite
1013 970 1216 998 normam
1242 954 1283 997 in
1311 953 1539 1014 semetipso
1567 953 1838 1000 ostendendo
1859 973 1955 1018 pre-

572 1023 716 1081 bebat,
743 1026 799 1070 ita
825 1042 869 1070 ut
905 1025 1107 1069 omnium
1133 1041 1331 1070 amorem
1359 1025 1426 1069 seu
1463 1025 1664 1070 timorem
1699 1026 1742 1070 in
1773 1026 1957 1089 seipsum

572 1096 862 1158 provocando
895 1095 1125 1142 accersiret.
1165 1096 1208 1141 Et
1233 1098 1275 1141 in
1302 1097 1447 1159 primo
1475 1113 1594 1141 anno
1630 1097 1730 1143 illuc
1766 1099 1956 1157 veniens,

573 1167 860 1214 cubicularius
897 1169 974 1214 fuit
999 1167 1186 1227 ecclesie,
1218 1171 1262 1214 ὃς
1287 1170 1330 1214 in
1358 1167 1549 1214 secundo
1582 1185 1671 1215 erat
1698 1167 1888 1215 decanus
1913 1171 1956 1216 in

576 1240 836 1285 monasterio
865 1242 909 1285 ὅ(
935 1241 1083 1302 postea
1108 1243 1212 1285 ocio
1230 1241 1245 1268 h
1270 1258 1409 1285 annos
1443 1239 1520 1285 fuit
1540 1242 1753 1302 portarius
1779 1242 1822 1286 in
1847 1240 1955 1287 duo-

571 1310 649 1357 bus
691 1312 982 1371 monasteriis,
1024 1329 1210 1374 quatuor
1252 1329 1392 1357 annos
1429 1328 1517 1356 erat
1554 1313 1767 1374 portarius
1802 1314 1846 1358 in
1881 1313 1956 1358 illo

572 1383 848 1441 monasterio,
885 1381 1007 1445 quod
1040 1384 1116 1429 stat
1149 1385 1272 1446 supra
1297 1384 1341 1429 in
1368 1398 1518 1429 monte
1550 1382 1675 1430 valde
1701 1384 1883 1444 excelso,
1912 1385 1957 1430 ὃς

570 1454 677 1499 alios
710 1472 897 1516 quatuor
932 1472 1022 1501 erat
1057 1457 1097 1500 in
1133 1456 1217 1502 alio
1254 1456 1533 1514 monasterio,
1573 1454 1695 1517 quod
1731 1457 1842 1502 infra
1878 1456 1957 1502 stat

573 1527 689 1572 iuxta
711 1545 888 1573 amnem
910 1531 1127 1589 Rapidum.
1148 1529 1158 1555 1'
1180 1527 1224 1572 Et
1247 1527 1301 1573 ab
1320 1527 1395 1573 illo
1415 1528 1677 1574 monasterio
1697 1528 1792 1573 sunt
1816 1526 1906 1574 duo
1937 1525 1955 1565 J'

571 1598 765 1645 milliaria
790 1599 845 1645 ad
871 1600 1004 1645 alium
1030 1600 1354 1658 monasterium,
1381 1599 1503 1662 quod
1524 1601 1602 1646 stat
1621 1601 1664 1645 in
1690 1616 1853 1647 monte.

634 1672 866 1717 Transaeta
881 1672 1027 1733 itaque
1048 1688 1150 1717 tunc
1180 1671 1354 1717 *decem
1375 1690 1594 1718 annorum
1613 1670 1955 1735 intercapedine,

570 1742 841 1789 venerandus
872 1743 941 1788 ille
972 1744 1034 1789 vir
1056 1741 1351 1799 Willibaldus,
1384 1745 1547 1789 sacram
1571 1744 1704 1789 saneti
1734 1741 1956 1789 Benedicti

570 1815 774 1878 regularis
793 1815 877 1861 vite
891 1815 1221 1871 institutionem,
1249 1833 1383 1877 quam
1401 1816 1718 1878 omnipotentis
1735 1815 1820 1861 Dei
1837 1815 1953 1860 auxi-

568 1886 628 1931 lio
662 1886 925 1948 illorumque
961 1885 1248 1945 adminiculo,
1281 1904 1391 1949 quos
1425 1888 1550 1950 super
1585 1887 1721 1952 longa
1751 1887 1955 1932 locorum

568 1956 704 2003 stadia
726 1960 771 2004 ὃς
797 1958 921 2022 super
951 1959 1087 2004 vastas
1122 1960 1373 2023 marginum
1404 1960 1494 2006 vias
1526 1961 1569 2005 in
1604 1958 1957 2022 redemptionem

570 2030 715 2075 anime
736 2031 843 2075 &in
869 2047 1003 2092 opem
1025 2031 1230 2094 presentis
1256 2031 1341 2077 vite
1366 2029 1626 2093 requirebat,
1654 2031 1778 2076 omni
1799 2029 1953 2088 modo,

569 2118 700 2163 prout
736 2102 828 2146 fore
856 2100 1029 2164 lpoffit,
1068 2100 1295 2148 observare
1325 2101 1579 2149 conabatur.
1618 2101 1662 2147 Et
1691 2118 1783 2147 non
1814 2101 1954 2147 solum

571 2173 673 2235 ipse,
712 2171 783 2218 sed
808 2174 853 2218 ὃ(
878 2173 984 2218 alios
1018 2190 1121 2219 cum
1152 2173 1322 2219 illomin
1350 2172 1600 2220 veneranda
1635 2173 1837 2237 regularis
1867 2174 1954 2220 vite

569 2244 746 2308 vestigia
769 2244 997 2307 preeundo
1023 2244 1302 2308 perducebat.

616 2498 646 2518 a.
673 2487 707 2519 C.
731 2485 900 2519 transibat.
928 2506 974 2510 —-
1002 2487 1032 2518 b.
1051 2485 1217 2519 C.Theo-
1305 2485 1461 2519 veritatis.
1501 2506 1546 2509 —
1587 2497 1620 2530 g.
1661 2486 1694 2519 C.
1731 2484 1951 2518 institutionis.

569 2538 793 2583 deberemus,
813 2539 1119 2584 P.DiapertuS.—
1140 2551 1169 2572 c.
1184 2540 1216 2573 C.
1304 2559 1349 2564 —-
1386 2540 1415 2572 h.
1448 2540 1484 2573 C.
1517 2540 1654 2584 septem.
1687 2559 1729 2563 ——
1761 2538 1782 2571 i.
1816 2540 1851 2572 C.
1884 2539 1953 2571 Ra-

570 2594 801 2636 permeabant.
821 2612 866 2616 -—
885 2593 918 2626 d.
941 2595 976 2627 C.
997 2592 1073 2625 felix
1092 2593 1117 2626 f.
1141 2604 1221 2626 con·
1305 2593 1408 2638 pitho.
1436 2614 1481 2618 —
1499 2595 1526 2637 j.
1559 2595 1592 2627 C.
1617 2592 1774 2638 quinque.
1795 2613 1839 2617 -
1860 2593 1892 2625 k.
1917 2594 1951 2626 C.

571 2644 774 2678 tubernium.
795 2665 841 2668 —
859 2657 885 2678 e.
906 2646 943 2679 C.
960 2644 1222 2690 disputationum
1306 2654 1428 2678 tamen.
1464 2665 1505 2670 —
1535 2646 1553 2678 l.
1585 2647 1620 2680 C.
1648 2646 1740 2679 ferre.
1774 2669 1804 2672 —
1841 2657 1885 2677 m.
1914 2648 1950 2681 C.

572 2698 867 2731 admonitionibus.
900 2719 946 2723 —-
975 2698 998 2732 f.
1021 2698 1072 2731 Sic
1089 2700 1159 2742 ed.;
1191 2699 1222 2731 F.
1305 2699 1384 2743 ipso.

571 2751 719 2784 moribus
757 2751 951 2796 venustatis5
997 2754 1034 2785 C.
1074 2751 1223 2784 moribus
1271 2794 1281 2797 ⁷⁷
