2216 3435
533 300 888 333 ITINERARIUM
924 301 956 332 S.
998 299 1322 332 WILLIBALDI.
1539 300 1627 350 295

257 447 407 505 meffem
433 447 491 490 ibi
514 446 694 501 multam,
735 449 942 504 operarios
967 462 1094 489 autem
1126 462 1296 505 paucos,
1323 445 1362 488 Θ
1389 463 1472 488 cum
1503 447 1632 505 neces-

245 522 346 578 sitas
381 517 706 576 irrecuperabilis
738 533 860 576 cogat
881 520 1079 576 pastorem
1114 516 1399 574 commifforum
1422 518 1503 576 fibi
1537 533 1632 574 quo-

254 588 440 631 rumlibet
456 590 650 631 rationem
674 588 851 642 reddere,
869 589 1197 647 subditorumque
1208 588 1386 646 sanguis
1409 589 1633 644 requiratur

257 677 279 702 a
297 663 497 719 prepofito
515 658 691 717 presule,
732 675 845 701 unum
863 662 1059 717 pastorem
1096 675 1175 701 tam
1203 658 1406 717 numeroso
1432 657 1534 700 ovili
1557 674 1631 700 non

248 730 360 788 poffe
371 730 582 789 sufficere;
613 730 838 789 ideoque,fi
857 731 971 772 ‘Deus
995 745 1141 772 annuat
1159 728 1198 771 5³
1215 733 1246 788 fi
1264 728 1478 787 apostolica
1498 730 1633 770 auc‘io-

253 804 356 844 ritas
372 803 599 859 permittat,
625 800 669 857 se
688 801 849 843 eundem
875 802 1158 859 episcopatum,
1173 802 1340 857 statutis
1365 802 1404 842 in
1421 816 1464 842 eo
1483 800 1633 842 duobus

252 871 465 930 episcopis,
494 872 705 929 decrevzffe
721 874 891 931 partiri,
926 887 967 914 ut
991 874 1119 914 minor
1140 874 1373 929 procuratio
1401 869 1440 912 ὃ·
1470 886 1631 928 gregem

254 945 411 985 munire
445 941 485 984 6²
514 946 711 1001 pastorem
749 943 880 985 valeat
903 942 1107 1002 absolvere
1120 961 1134 992 ,·
1165 942 1312 1000 effeque
1340 942 1447 1000 apud
1469 944 1632 999 castrum

258 1012 439 1070 Casinum
471 1016 696 1057 monachum
723 1015 927 1071 quemdam
963 1012 1273 1067 willibaldum,
1305 1016 1387 1070 qui,
1406 1014 1633 1071 postpofitis

255 1083 396 1126 divino
425 1087 554 1128 amori
569 1086 709 1143 patria
734 1083 773 1126 6³
798 1085 1047 1143 parentibus,
1078 1087 1167 1142 post
1180 1084 1362 1141 fraAEanz
1399 1083 1521 1141 longo
1545 1085 1633 1125 via-

256 1171 341 1197 rum
368 1153 569 1213 &sanc‘la
597 1156 832 1214 permeandi
863 1155 950 1198 loca
977 1155 1112 1198 labore
1143 1170 1296 1208 etatem,
1322 1156 1413 1197 ‘Deo
1440 1155 1498 1196 ibi
1521 1170 1632 1196 man-

259 1228 416 1284 cipatus
443 1227 619 1285 serviat,
656 1229 718 1269 cui
751 1243 863 1268 unum
899 1243 944 1267 ex
954 1226 1182 1282 statuendis
1207 1226 1500 1284 episcopatibus
1534 1224 1632 1268 velit

261 1299 515 1353 committere,
555 1317 565 1340 l
593 1298 676 1356 ipse
699 1298 883 1339 dominus
902 1313 1013 1355 papa
1032 1313 1116 1338 eum
1137 1298 1369 1354 monasterio
1383 1296 1630 1355 subtrac‘lunz

258 1368 329 1424 [ibi
341 1383 447 1410 curet
471 1369 750 1426 transmittere.
768 1369 929 1425 Prefuit
947 1368 1139 1427 tuncsedi
1160 1367 1370 1427 apostolice
1381 1367 1625 1426 Gregorius,

261 1439 431 1498 eiusdem
468 1441 641 1481 nominis
681 1442 837 1494 tertius,
874 1455 985 1497 papa
1019 1455 1109 1481 vero
1142 1442 1416 1497 nonagesimus
1450 1440 1624 1497 primus.

256 1509 353 1562 Hic,
380 1510 517 1551 audito
551 1525 629 1552 tant
662 1509 863 1552 laudabili
887 1509 1175 1569 archiprefitlis
1200 1511 1414 1567 ssonifacij
1437 1510 1627 1566 definierio

242 1583 462 1640 propofito,
494 1582 579 1622 eius
616 1581 869 1622 intentionem
899 1581 1104 1638 probavit,
1135 1581 1274 1640 sancii
1304 1579 1626 1640 transmiffionem

255 1649 500 1692 Willibaldi
524 1653 718 1709 promisit,
744 1649 783 1692 6³
810 1650 946 1709 longis
959 1653 1098 1708 fotum
1124 1651 1366 1710 amplexibus
1394 1651 1518 1710 pleno
1545 1655 1627 1711 fin-

244 1720 424 1778 gultibus
449 1721 612 1781 dimisit.

310 1789 437 1834 XVII.
464 1789 555 1834 Nec
578 1790 763 1853 longum
790 1790 937 1852 postea
958 1792 1124 1836 sanc‘ms
1149 1789 1442 1850 willibaldus,
1469 1790 1625 1838 decen-

246 1859 320 1903 nio
345 1860 432 1904 iam
465 1859 583 1922 apud
615 1859 823 1906 Cafinum
855 1878 1052 1906 montem
1092 1862 1290 1923 implem,
1320 1866 1491 1923 ‘Romam
1525 1879 1626 1907 cum
1645 1876 1757 1906 Roma.

246 1929 441 1990 quodam
473 1931 693 1976 confratre
720 1932 811 1988 sun,
835 1949 993 1993 genere
1020 1932 1231 1994 Hispano.
1270 1950 1320 1977 ex
1344 1933 1516 1978 licentia
1551 1932 1625 1978 ab-

244 1998 351 2045 batis
389 2001 447 2045 sui
473 2002 713 2046 petronacis
739 2001 854 2047 adiit.
896 2003 1032 2048 Cuius
1057 2001 1208 2047 audito
1242 2003 1447 2061 adventu,
1477 2002 1625 2049 beatus

244 2088 361 2133 papa
396 2089 495 2116 eum
536 2073 710 2117 vocavit
746 2074 803 2129 ὃς,
832 2073 926 2134 post
962 2073 1115 2118 multas
1150 2072 1443 2135 inquifitiones
1467 2077 1512 2120 ὃς
1544 2077 1624 2121 res-

246 2142 396 2203 ponsa,
429 2143 466 2187 ei
509 2143 639 2188 sancffi
679 2144 937 2205 petitionem
974 2144 1185 2203 Bonifacij
1223 2146 1427 2190 innotuit.
1472 2145 1515 2190 ld
1550 2149 1623 2191 du-

242 2231 325 2257 rum
367 2214 412 2257 &
449 2211 670 2275 propofite
713 2215 974 2259 contrarium
1017 2216 1102 2260 vite
1143 2216 1308 2260 [aneslus
1345 2215 1623 2263 Wiflibaldus

244 2300 461 2346 reputans,
489 2286 625 2329 intulit
641 2287 703 2346 se,
730 2289 798 2344 qui
821 2291 993 2346 propria
1020 2289 1180 2349 dimifit,
1210 2292 1278 2346 qui
1302 2290 1484 2332 mundum
1502 2292 1623 2349 pedi-

245 2358 314 2399 bus
328 2357 510 2416 subegit,
544 2374 619 2400 non
647 2357 758 2416 poffe
783 2359 919 2416 rursus
956 2360 1165 2401 mundanis
1189 2361 1358 2413 irretiri,
1386 2377 1454 2403 nec
1478 2364 1621 2418 quiete,

242 2444 356 2484 quam
399 2429 438 2469 in
480 2427 587 2470 valle
622 2427 876 2471 lacrimarum
904 2430 983 2489 fibi
1004 2432 1185 2488 paravit,
1217 2430 1318 2474 velle
1342 2433 1519 2490 privari,
1557 2450 1625 2475 nec

241 2497 313 2555 effe
329 2498 498 2556 providi
531 2497 570 2541 ὃ»
607 2515 730 2541 mente
753 2501 918 2558 integri,
962 2516 1016 2553 ut,
1048 2504 1137 2559 post
1172 2502 1367 2544 horrenda
1403 2505 1623 2563 naufragia

236 2584 354 2626 portu
381 2585 584 2628 occupato,
602 2570 666 2628 se,
706 2571 967 2613 titubantibus
992 2572 1118 2614 adltuc
1147 2574 1340 2631 vestigiis,
1367 2573 1508 2631 sevam
1526 2591 1622 2632 pre-

239 2640 414 2682 tendenti
433 2655 593 2682 mortem
615 2641 751 2682 credat
767 2640 934 2701 pelago.
969 2642 1044 2684 eAd
1063 2659 1172 2699 quem
1190 2659 1299 2702 papa
1319 2646 1385 2686 his
1404 2645 1466 2688 vel
1485 2646 1622 2705 liuius-

238 2710 348 2752 modi
367 2713 491 2753 utitur
509 2711 651 2753 dietis:
674 2711 857 2754 ‘Dilecslio
873 2714 956 2754 ‘Dei
966 2730 1042 2771 per
1060 2713 1314 2756 dilefflionem
1329 2718 1510 2773 proximi
1519 2732 1621 2775 pro-

239 2779 370 2823 batur.
412 2782 536 2823 Petro
562 2797 673 2840 ergo,
702 2785 907 2839 postquam
923 2783 973 2843 se
997 2799 1167 2826 amatum
1194 2799 1250 2827 ter
1276 2786 1444 2840 audivit,
1475 2789 1620 2847 gregis
