2216 3435
578 120 732 178 xxxviij
1119 131 1416 165 PRAEFATIO.

565 276 755 334 scriptum
776 282 820 324 (c.
841 275 882 318 V
879 276 914 323 I)
936 276 1139 330 reliquerit,
1159 276 1256 329 quod
1273 292 1315 315 ex
1330 275 1497 330 Arcuffo
1519 275 1560 328 (l.
1582 276 1615 327 I,
1637 291 1666 316 c.
1688 275 1861 324 XVIII)
1883 292 1965 316 cor-

579 342 653 395 rigi
666 341 850 396 potuiffet.
870 342 947 382 Pro
962 341 1091 382 critica
1106 341 1223 395 igitur
1239 341 1400 392 editione,
1417 357 1460 381 ea
1475 341 1572 381 nulli
1584 340 1755 381 habenda
1770 342 1831 396 est,
1843 356 1965 394 quan-

577 422 689 460 quam
718 407 847 447 variae
867 407 1027 447 lectiones
1047 423 1088 446 ex
1107 405 1285 461 impreſjis
1304 406 1411 446 libris
1430 406 1466 445 in
1489 415 1649 459 utraque
1670 406 1842 459 margine
1862 406 1962 447 exhi-

578 474 735 519 bentur;
760 473 887 513 lectori
906 473 998 512 enim
1019 472 1143 512 critico
1163 472 1317 512 dalmas
1324 472 1503 525 faciendi
1521 487 1655 512 curam
1676 472 1838 525 reliquit.

631 552 665 578 e.
682 538 792 592 1843.
811 537 848 577 F
847 537 1050 578 acillimam
1075 536 1121 591 J.
1135 536 1176 576 A.
1190 535 1303 587 Giles,
1315 537 1526 592 novissimus
1539 537 1652 577 Beda·
1672 537 1863 590 Operum
1889 538 1967 577 edi-

577 600 732 657 tor,stbi
746 602 824 659 ipse
841 602 1112 656 operamfecit,
1127 601 1201 653 qui,
1222 610 1264 640 ut
1280 599 1523 657 ipsefatetur
1550 602 1640 653 (vol.
1665 615 1703 654 4,
1722 610 1826 656 part.
1853 601 1966 653 VII),

577 668 825 706 tantummodo
854 667 984 707 Smith
1013 668 1198 706 editionem
1227 667 1365 721 rursus
1390 667 1479 722 typis
1514 667 1773 708 mandaverit.
1810 667 1966 718 Idcirco,

577 748 689 784 quum
711 732 919 773 variarum
939 733 1144 783 lectionum,
1160 747 1243 785 quae
1261 733 1403 786 quidem
1420 749 1488 772 non
1496 732 1580 788 stne
1598 733 1717 787 pretio
1720 733 1802 788 fint
1821 735 1865 774 {3⁵
1885 749 1966 773 cum

577 797 803 853 Monacenst
826 799 940 838 codice
965 799 1129 838 continuo
1155 807 1376 851 congruant,
1403 799 1581 838 modicum
1609 799 1703 854 sane
1732 814 1928 839 numerum
1950 815 1966 838 e

577 864 692 903 codice
711 864 925 921 inseruerit,
953 863 1014 904 hoc
1037 874 1110 918 pro
1129 864 1221 903 luxu
1243 864 1453 903 habendum
1474 864 1547 917 est,·
1577 867 1688 916 quum
1717 864 1809 903 enim
1830 865 1969 904 varias

577 929 736 969 lectiones
765 929 888 969 critice
916 935 1086 969 trac‘tare
1114 928 1305 983 debuiffet,
1351 928 1397 983 J.
1437 928 1552 968 Smith
1585 929 1769 968 editionem
1803 938 1969 969 tantum-

577 995 679 1034 modo
708 994 962 1052 transcripsit,
991 1010 1104 1048 neque
1125 996 1327 1049 quidquam
1347 994 1385 1033 in
1407 1010 1450 1034 ea
1471 994 1643 1034 attentius
1661 993 1831 1051 inspexit,
1855 995 1910 1034 ita
1930 1004 1973 1035 ut

577 1060 854 1115 typographicos
873 1076 1020 1100 errores
1046 1069 1104 1100 ut:
1134 1061 1184 1100 de
1206 1061 1307 1100 locis
1324 1070 1396 1115 pro
1427 1060 1476 1099 de
1502 1058 1667 1099 locustis
1699 1060 1743 1113 (c.
1765 1059 1906 1111 XIV),
1925 1062 1970 1101 δέ

576 1126 732 1181 ineptias
746 1136 788 1165 ut
806 1126 910 1166 ferro
935 1126 1164 1166 medicante
1180 1136 1252 1181 pro
1282 1125 1388 1165 ferro
1412 1125 1617 1165 mediante
1648 1125 1784 1165 iterum
1805 1125 1971 1166 ediderit.

634 1191 659 1232 f.
686 1191 799 1245 1839,
821 1189 987 1231 Parifiis.
1008 1191 1095 1231 Iam
1115 1191 1214 1231 nobis
1234 1192 1418 1244 agendum
1440 1192 1489 1240 est
1507 1191 1549 1230 de
1566 1189 1610 1230 F.
1628 1189 1793 1230 Michel
1810 1191 1972 1243 editione,

577 1257 614 1296 in
629 1257 825 1296 colleaione
844 1257 903 1296 cui
916 1256 1065 1296 titulus:
1081 1255 1312 1297 Mz'zmoires
1334 1256 1382 1295 de
1405 1255 1442 1295 la
1463 1255 1625 1296 societ&
1648 1255 1970 1310 gkographique,

579 1332 667 1362 tome
681 1321 756 1374 IV,
767 1332 806 1376 p.
822 1334 899 1376 704
909 1322 1039 1380 &stq·
1061 1321 1115 1361 Ab
1131 1322 1264 1362 editore
1283 1337 1353 1361 non
1372 1320 1538 1376 expreffi
1557 1321 1694 1361 dicitur
1713 1337 1762 1360 an
1784 1320 1970 1362 Libellus

578 1388 694 1428 Bedae
719 1388 935 1428 tribuendus
957 1386 1023 1443 stt.
1056 1387 1230 1427 Primum
1259 1387 1368 1427 etiam
1397 1387 1514 1426 locum
1545 1386 1740 1426 recentiori
1767 1386 1972 1427 Bernardo

579 1453 693 1493 locum
713 1453 821 1503 dedit,
841 1453 879 1492 in
900 1469 967 1506 quo
987 1462 1108 1493 tamen
1130 1453 1289 1492 dicitur:
1313 1469 1328 1489 <‹
1354 1451 1488 1491 Amodo
1509 1452 1551 1491 de
1571 1451 1668 1491 libro
1687 1451 1853 1505 Arculfi,
1874 1452 1971 1508 epis-

582 1537 597 1555 <
619 1519 697 1572 copi
714 1517 856 1558 Galliae
873 1518 1093 1572 temporibus
1108 1518 1235 1558 Bedae.
1253 1534 1268 1554 »
1293 1517 1337 1557 F.
1354 1517 1596 1575 Michelsolo
1608 1517 1766 1574 codices.
1787 1517 1971 1572 Faustina

582 1584 627 1624 Β.
653 1597 667 1623 1
703 1600 745 1623 ex
774 1584 994 1624 Britannico
1023 1583 1167 1640 Museo
1199 1583 1285 1639 usus
1314 1584 1374 1638 est,
1407 1592 1515 1635 atque
1544 1583 1600 1623 ad
1630 1582 1766 1622 calcem
1798 1583 1972 1639 cuiusque

576 1649 728 1703 paginae
749 1649 886 1690 varias
905 1649 1066 1690 lebtiones
1088 1665 1130 1689 ex
1147 1649 1262 1689 codice
1276 1647 1537 1704 Lincolniensts
1554 1647 1709 1702 Collegij
1722 1649 1972 1688 tantummodo

581 1714 764 1756 adiunxit.

866 1886 1189 1914 FRAGMENTUM
1220 1885 1425 1913 ARCULFO
1458 1884 1686 1912 ADDITUM.

636 2018 787 2058 Praeter
808 2018 979 2072 epitomen
1001 2018 1114 2057 Beda:
1141 2018 1239 2070 quod
1265 2017 1302 2056 in
1324 2016 1590 2072 Herbipolenfi
1613 2017 1728 2056 codice
1758 2017 1975 2069 continetur,

581 2084 790 2135 historicum
805 2083 1162 2136 geographicumque
1183 2081 1308 2138 simul
1309 2083 1582 2136 fragmentum
1609 2083 1717 2122 etiam
1737 2082 1774 2121 in
1798 2081 1972 2125 Bruxel—

582 2149 677 2189 lenfi
692 2149 805 2189 codice
822 2150 866 2188 ἔθ’
880 2149 917 2188 in
935 2148 1104 2202 Reginae
1121 2147 1338 2189 Christinae
1358 2148 1473 2187 codice
1488 2147 1659 2187 Romano
1674 2148 1799 2202 primo
1815 2147 1974 2188 Arculfi

581 2215 689 2264 libro,
694 2213 778 2270 stne
794 2214 874 2254 ulla
890 2229 1019 2254 rerum
1037 2214 1081 2253 δ’
1095 2214 1299 2253 verborum
1316 2213 1528 2253 connexione
1550 2213 1731 2264 additum,
1751 2213 1973 2253 invenimus.

583 2281 685 2320 Idem
715 2294 806 2319 vero
827 2279 991 2333 Arculfo
1022 2279 1299 2319 attribuendum
1328 2293 1397 2318 non
1427 2276 1643 2334 censuimus,
1677 2293 1758 2318 cum
1793 2295 1809 2318 e
1837 2279 1974 2332 primis

581 2345 709 2387 verbis
723 2354 857 2399 pateat
872 2345 1017 2384 Bedam
1040 2354 1107 2384 aut
1125 2359 1345 2398 anonymum
1366 2344 1559 2398 quemdam
1586 2343 1659 2384 eius
1680 2352 1864 2384 auaorem
1887 2343 1972 2399 effi.

583 2411 629 2452 In
645 2411 756 2451 diver
750 2409 806 2466 fis
826 2419 946 2450 tamen
963 2410 1174 2450 editionibus
1181 2410 1450 2464 fragmentum
1469 2409 1567 2449 illud
1577 2425 1688 2463 neque
1705 2410 1839 2450 editum
1861 2425 1974 2462 neque

582 2484 824 2518 memoratum
846 2476 1013 2529 reperire
1026 2476 1224 2529 potuimus.

638 2569 750 2624 [Huc
790 2569 913 2624 usque
955 2569 1046 2610 Titi
1080 2569 1244 2610 Tobler
1279 2570 1486 2624 praefatio;
1527 2580 1674 2611 caetera
1706 2569 1755 2610 ab
1786 2566 1974 2624 Augusto

588 2635 790 2678 Molinier
810 2635 1038 2692 conscripta
1059 2635 1175 2692 sunt.]
