2216 3435
666 225 732 258 DE
767 225 905 257 LOCIS
940 223 1159 256 SANCTIS.
1463 221 1545 273 153

399 419 451 465 X.
489 422 555 464 “De
580 420 717 467 lancea
745 419 906 473 militis,
934 436 1009 476 qua
1029 418 1135 461 latus
1161 419 1334 460 Domini

710 491 793 549 ipse
809 491 1003 550 pupugit.

240 599 356 645 Idem
395 600 593 645 Arculfus
628 599 911 644 nihilominus
943 601 988 644 ὃς
1020 597 1138 642 illam
1171 597 1420 659 conspexita
1460 596 1549 642 lan-

175 688 298 716 ceam
322 671 480 729 militis,
511 688 596 732 qua
620 669 939 724 latusgDomini
967 670 1010 713 in
1037 685 1169 714 ,cruce
1200 667 1430 730 pendentis
1461 668 1550 729 ipse

174 741 445 805 percufferat.
472 743 568 787 l-lec
587 740 741 787 eadem
760 742 910 786 lancea
936 742 977 785 in
1004 742 1175 803 porticu
1202 740 1310 784 illius
1336 739 1551 785 Constan-

173 814 250 858 tini
273 812 443 858 basilice
468 814 621 858 inserta
646 811 827 862 habetur
844 813 888 857 in
914 829 1039 857 cruce
1059 811 1218 874 lignea,
1254 811 1373 855 cuius
1405 810 1553 856 hastile

172 885 216 929 in
248 883 354 929 duas
385 882 579 929 sciffumb
615 884 673 929 est
702 900 863 946 partes:
896 900 1029 945 quam
1060 881 1248 927 similiter
1279 898 1371 927 tota
1395 882 1552 927 l-Iiero-

174 955 431 1015 solymitana
460 955 736 1017 frequentans
758 955 973 1001 osculatur
997 956 1041 1000 ὃς
1065 970 1294 1001 veneratur
1321 954 1486 1000 civitas

322 1133 390 1179 XI.
429 1137 495 1178 De
507 1135 681 1194 sudario
709 1134 798 1190 illo,
824 1151 898 1192 quo
925 1135 1097 1177 Domini
1120 1148 1239 1193 caput
1251 1132 1409 1194 sepulti

710 1207 926 1249 comecslum
951 1208 1015 1263 est.

240 1317 307 1360 De
326 1314 399 1359 illo
426 1331 605 1377 quoque
631 1316 902 1361 sacrosancto
928 1314 1114 1374 sudario,
1144 1313 1267 1376 quod
1292 1315 1334 1360 in
1360 1315 1555 1377 sepulcro

176 1386 361 1431 Domini
390 1386 515 1448 super
545 1403 678 1449 caput
702 1384 828 1448 ipfius
854 1387 991 1431 fuerat
1014 1384 1217 1447 positum,
1242 1386 1376 1430 sancii
1394 1384 1557 1431 Arculfi

177 1457 384 1502 relatione
420 1458 744 1521 cognoscimus,
777 1458 850 1519 qui
880 1455 986 1502 illud
1016 1457 1201 1520 propriis
1226 1457 1407 1520 inspexit
1431 1456 1557 1504 obtu-

180 1526 304 1574 tibus.

242 1599 386 1656 Hanc,
436 1615 570 1660 quam
615 1615 733 1644 nunc
777 1616 1044 1657 caraxamus,
1091 1599 1389 1644 narrationem
1441 1615 1556 1645 totus

178 1669 585 1715 l-Iierosolimitanus
617 1671 807 1733 populus
842 1688 990 1717 veram
1033 1669 1117 1716 effe
1159 1672 1340 1716 testatur.
1383 1671 1558 1733 Propter

177 1742 465 1804 plurimorum
502 1759 693 1804 namque
735 1743 1029 1788 testimonium
1068 1742 1262 1789 fidelium
1305 1742 1556 1800 Hierosoly-

178 1813 442 1857 mitanorum
480 1813 640 1858 civium
676 1813 790 1858 hanc
825 1815 1240 1876 pronunciationem
1279 1815 1447 1859 sancius
1480 1814 1558 1857 Ar-

178 1882 315 1927 culfus
351 1881 516 1941 didicit,
556 1884 628 1945 qui
665 1882 732 1941 sic,
776 1884 868 1946 ipso
909 1885 1113 1929 intentius
1157 1883 1379 1943 audiente,
1420 1885 1559 1946 sepius

177 1954 598 2015 pronunciaverunt,
637 1953 854 1999 dicentes:
902 1956 1018 1999 Ante
1065 1972 1204 2000 annos
1253 1955 1341 2001 fere
1392 1964 1560 2001 ternos‘

178 2024 498 2070 sacrosancstum
538 2024 781 2081 linteolum,
832 2022 954 2085 quod
1001 2023 1182 2085 quidam
1227 2025 1321 2069 satis
1375 2024 1559 2071 idoneus

179 2094 376 2140 credulus
421 2093 571 2140 ludeus
608 2094 662 2140 de
693 2095 887 2157 sepulcro
923 2094 1133 2140 Dominid
1166 2095 1305 2140 statim
1339 2096 1436 2159 post
1472 2098 1560 2142 eius

180 2166 531 2211 resurrefflonem
577 2165 753 2223 furatus,
800 2165 943 2211 multis
992 2164 1142 2211 diebus
1172 2166 1291 2229 apud
1332 2168 1372 2212 se
1415 2168 1560 2213 occul-

179 2237 299 2294 tavit,
342 2236 436 2299 ipso
484 2234 677 2282 donante
719 2237 940 2295 Domino,
984 2237 1080 2299 post
1128 2237 1365 2283 multorum
1415 2239 1561 2298 cyclos

179 2324 398 2353 annorum
422 2324 654 2369 repertum,
680 2308 723 2351 in
749 2308 950 2352 notitiam
983 2309 1113 2352 totius
1145 2309 1298 2370 populi
1328 2311 1457 2355 venit.
1492 2310 1561 2355 llle

180 2379 311 2441 igitur
353 2378 453 2423 felix
497 2380 541 2423 ὃς
578 2377 714 2424 fidelis
757 2379 821 2423 fur
866 2378 969 2423 illud
1012 2378 1285 2424 dominicum
1329 2379 1560 2439 sudarium,

182 2447 305 2511 quod
338 2449 531 2510 inprimis
564 2449 731 2494 furtim?
769 2448 953 2505 abstulit,
987 2450 1030 2495 in
1063 2451 1260 2495 extremis
1293 2452 1561 2510 constitutus,

183 2518 354 2565 duobus
369 2519 463 2564 filiis
478 2519 751 2565 manifestans
765 2519 965 2565 arceffitis
981 2520 1146 2579 detulit,
1162 2520 1327 2568 dicens:
1345 2544 1367 2562 cc
1381 2523 1425 2568 O
1441 2521 1561 2567 filioli

229 2639 257 2659 a.
291 2628 328 2659 B.
354 2627 560 2672 compunxit.
591 2647 631 2652 -—
646 2629 675 2661 b.
704 2630 751 2670 B„
782 2630 832 2670 V.‚
963 2630 994 2662 d.
1011 2631 1056 2671 L.‚
1073 2631 1108 2662 B.
1123 2641 1181 2663 om.
1197 2631 1237 2663 de
1253 2632 1314 2676 sep.
1331 2633 1375 2665 D.
1393 2650 1433 2654 —
1450 2629 1562 2671 e.Eil.3

186 2682 238 2723 R.;
274 2679 327 2712 al.
367 2680 516 2721 incisum,
552 2681 748 2714 intercisum.
788 2701 827 2706 —
916 2682 1062 2716 furanter
1081 2683 1142 2725 ngffi
1164 2684 1261 2716 &ed

183 2744 212 2766 c.
235 2733 324 2776 Mff.;
345 2734 408 2774 ed„
434 2740 470 2766 ut
488 2734 608 2776 Cras,
637 2742 764 2774 300tos.

1384 2839 1426 2858 20
