<?xml version="1.0" encoding="UTF-8"?>
<!DOCTYPE html PUBLIC "-//W3C//DTD XHTML 1.0 Transitional//EN"
    "http://www.w3.org/TR/xhtml1/DTD/xhtml1-transitional.dtd">
<html xmlns="http://www.w3.org/1999/xhtml" xml:lang="en" lang="en">
 <head>
  <title>
</title>
<meta http-equiv="Content-Type" content="text/html;charset=utf-8" />
  <meta name='ocr-system' content='tesseract 3.04.00' />
  <meta name='ocr-capabilities' content='ocr_page ocr_carea ocr_par ocr_line ocrx_word'/>
</head>
<body>
  <div class='ocr_page' id='page_1' title='image "./p1itinerahierosoly1tobl_0220.png"; bbox 0 0 2216 3435; ppageno 0'>
   <div class='ocr_carea' id='block_1_1' title="bbox 700 147 1510 208">
    <p class='ocr_par' dir='ltr' id='par_1_1' title="bbox 700 147 1510 208">
     <span class='ocr_line' id='line_1_1' title="bbox 700 147 1510 208; baseline -0.001 -17"><span class='ocrx_word' id='word_1_1' title='bbox 700 163 710 191; x_wconf 92' lang='lat'>1</span> <span class='ocrx_word' id='word_1_2' title='bbox 729 147 784 208; x_wconf 79' lang='lat'>58</span> <span class='ocrx_word' id='word_1_3' title='bbox 1250 158 1510 191; x_wconf 80' lang='lat' dir='ltr'><strong>ARCULFUS</strong></span> 
     </span>
    </p>
   </div>
   <div class='ocr_carea' id='block_1_2' title="bbox 685 303 2076 939">
    <p class='ocr_par' dir='ltr' id='par_1_2' title="bbox 685 303 2076 939">
     <span class='ocr_line' id='line_1_2' title="bbox 686 303 2072 368; baseline 0 -18"><span class='ocrx_word' id='word_1_4' title='bbox 686 323 766 350; x_wconf 88' lang='lat' dir='ltr'>nus</span> <span class='ocrx_word' id='word_1_5' title='bbox 806 306 851 350; x_wconf 90' lang='lat' dir='ltr'>in</span> <span class='ocrx_word' id='word_1_6' title='bbox 892 321 999 368; x_wconf 84' lang='lat' dir='ltr'>agro</span> <span class='ocrx_word' id='word_1_7' title='bbox 1039 307 1307 367; x_wconf 79' lang='lat' dir='ltr'>Getlzsamcme</span> <span class='ocrx_word' id='word_1_8' title='bbox 1341 304 1410 350; x_wconf 86' lang='lat' dir='ltr'>illa</span> <span class='ocrx_word' id='word_1_9' title='bbox 1454 307 1601 364; x_wconf 60' lang='lat' dir='ltr'>noete,</span> <span class='ocrx_word' id='word_1_10' title='bbox 1639 321 1726 366; x_wconf 84' lang='lat' dir='ltr'>qua</span> <span class='ocrx_word' id='word_1_11' title='bbox 1759 303 2008 350; x_wconf 81' lang='lat' dir='ltr'>tradebatur</span> <span class='ocrx_word' id='word_1_12' title='bbox 2048 323 2072 350; x_wconf 88' lang='lat' dir='ltr'>a</span> 
     </span>
     <span class='ocr_line' id='line_1_3' title="bbox 687 374 2073 438; baseline 0 -18"><span class='ocrx_word' id='word_1_13' title='bbox 687 375 791 421; x_wconf 84' lang='lat' dir='ltr'>luda</span> <span class='ocrx_word' id='word_1_14' title='bbox 817 378 859 422; x_wconf 90' lang='lat' dir='ltr'>in</span> <span class='ocrx_word' id='word_1_15' title='bbox 885 394 1040 421; x_wconf 82' lang='lat' dir='ltr'>manus</span> <span class='ocrx_word' id='word_1_16' title='bbox 1066 376 1299 421; x_wconf 87' lang='lat' dir='ltr'>hominum</span> <span class='ocrx_word' id='word_1_17' title='bbox 1318 392 1619 438; x_wconf 75' lang='lat' dir='ltr'>peccatorum,</span> <span class='ocrx_word' id='word_1_18' title='bbox 1645 374 1762 421; x_wconf 82' lang='lat' dir='ltr'>flexis</span> <span class='ocrx_word' id='word_1_19' title='bbox 1789 377 1928 421; x_wconf 86' lang='lat' dir='ltr'>oravit</span> <span class='ocrx_word' id='word_1_20' title='bbox 1952 377 2073 438; x_wconf 85' lang='lat' dir='ltr'>geni-</span> 
     </span>
     <span class='ocr_line' id='line_1_4' title="bbox 685 445 2074 509; baseline -0.001 -16"><span class='ocrx_word' id='word_1_21' title='bbox 685 446 761 493; x_wconf 78' lang='lat' dir='ltr'>bus</span> <span class='ocrx_word' id='word_1_22' title='bbox 791 465 891 493; x_wconf 82' lang='lat' dir='ltr'>ante</span> <span class='ocrx_word' id='word_1_23' title='bbox 936 448 1090 492; x_wconf 81' lang='lat' dir='ltr'>horam</span> <span class='ocrx_word' id='word_1_24' title='bbox 1123 446 1366 492; x_wconf 80' lang='lat' dir='ltr'>traditionis</span> <span class='ocrx_word' id='word_1_25' title='bbox 1392 447 1499 493; x_wconf 89' lang='lat' dir='ltr'>eius:</span> <span class='ocrx_word' id='word_1_26' title='bbox 1535 448 1578 493; x_wconf 90' lang='lat' dir='ltr'>in</span> <span class='ocrx_word' id='word_1_27' title='bbox 1616 465 1702 509; x_wconf 82' lang='lat' dir='ltr'>qua</span> <span class='ocrx_word' id='word_1_28' title='bbox 1726 445 1928 492; x_wconf 83' lang='lat' dir='ltr'>videlicet</span> <span class='ocrx_word' id='word_1_29' title='bbox 1954 463 2074 508; x_wconf 84' lang='lat' dir='ltr'>petra</span> 
     </span>
     <span class='ocr_line' id='line_1_5' title="bbox 687 517 2074 582; baseline -0.001 -18"><span class='ocrx_word' id='word_1_30' title='bbox 687 517 877 564; x_wconf 79' lang='lat' dir='ltr'>duorum</span> <span class='ocrx_word' id='word_1_31' title='bbox 912 519 1086 582; x_wconf 80' lang='lat' dir='ltr'>vestigia</span> <span class='ocrx_word' id='word_1_32' title='bbox 1116 536 1311 581; x_wconf 82' lang='lat' dir='ltr'>genuum</span> <span class='ocrx_word' id='word_1_33' title='bbox 1344 520 1448 577; x_wconf 79' lang='lat' dir='ltr'>eius,</span> <span class='ocrx_word' id='word_1_34' title='bbox 1480 518 1595 581; x_wconf 72' lang='lat' dir='ltr'>quast</span> <span class='ocrx_word' id='word_1_35' title='bbox 1624 520 1666 563; x_wconf 89' lang='lat' dir='ltr'>in</span> <span class='ocrx_word' id='word_1_36' title='bbox 1700 535 1797 563; x_wconf 82' lang='lat' dir='ltr'>cera</span> <span class='ocrx_word' id='word_1_37' title='bbox 1829 518 2074 563; x_wconf 82' lang='lat' dir='ltr'>molliffima</span> 
     </span>
     <span class='ocr_line' id='line_1_6' title="bbox 687 589 2073 652; baseline -0.001 -16"><span class='ocrx_word' id='word_1_38' title='bbox 687 590 946 652; x_wconf 81' lang='lat' dir='ltr'>profundius</span> <span class='ocrx_word' id='word_1_39' title='bbox 970 589 1189 652; x_wconf 76' lang='lat' dir='ltr'>impreffa,</span> <span class='ocrx_word' id='word_1_40' title='bbox 1215 607 1456 636; x_wconf 87' lang='lat' dir='ltr'>cernuntur.</span> <span class='ocrx_word' id='word_1_41' title='bbox 1493 593 1550 635; x_wconf 83' lang='lat' dir='ltr'>Ita</span> <span class='ocrx_word' id='word_1_42' title='bbox 1582 589 1708 635; x_wconf 86' lang='lat' dir='ltr'>nobis</span> <span class='ocrx_word' id='word_1_43' title='bbox 1737 589 1880 634; x_wconf 84' lang='lat' dir='ltr'>noster</span> <span class='ocrx_word' id='word_1_44' title='bbox 1905 589 2073 634; x_wconf 50' lang='lat' dir='ltr'>sancius</span> 
     </span>
     <span class='ocr_line' id='line_1_7' title="bbox 686 659 2072 724; baseline 0 -18"><span class='ocrx_word' id='word_1_45' title='bbox 686 663 887 707; x_wconf 75' lang='lat' dir='ltr'>Arculfus</span> <span class='ocrx_word' id='word_1_46' title='bbox 921 662 1048 707; x_wconf 76' lang='lat' dir='ltr'>frater</span> <span class='ocrx_word' id='word_1_47' title='bbox 1078 663 1400 724; x_wconf 80' lang='lat' dir='ltr'>pronunciavit,</span> <span class='ocrx_word' id='word_1_48' title='bbox 1436 662 1686 707; x_wconf 55' lang='lat' dir='ltr'>sanefforum</span> <span class='ocrx_word' id='word_1_49' title='bbox 1721 659 1910 707; x_wconf 77' lang='lat' dir='ltr'>visitator</span> <span class='ocrx_word' id='word_1_50' title='bbox 1948 661 2072 706; x_wconf 89' lang='lat' dir='ltr'>loco-</span> 
     </span>
     <span class='ocr_line' id='line_1_8' title="bbox 688 733 2076 797; baseline 0 -20"><span class='ocrx_word' id='word_1_51' title='bbox 688 751 799 792; x_wconf 76' lang='lat' dir='ltr'>rum,</span> <span class='ocrx_word' id='word_1_52' title='bbox 837 736 910 796; x_wconf 87' lang='lat' dir='ltr'>qui</span> <span class='ocrx_word' id='word_1_53' title='bbox 945 734 1039 792; x_wconf 85' lang='lat' dir='ltr'>hec,</span> <span class='ocrx_word' id='word_1_54' title='bbox 1073 751 1158 796; x_wconf 86' lang='lat' dir='ltr'>que</span> <span class='ocrx_word' id='word_1_55' title='bbox 1196 751 1277 779; x_wconf 88' lang='lat' dir='ltr'>nos</span> <span class='ocrx_word' id='word_1_56' title='bbox 1312 733 1608 793; x_wconf 78' lang='lat' dir='ltr'>describimus,</span> <span class='ocrx_word' id='word_1_57' title='bbox 1633 734 1818 796; x_wconf 87' lang='lat' dir='ltr'>propriis</span> <span class='ocrx_word' id='word_1_58' title='bbox 1849 734 2076 797; x_wconf 83' lang='lat' dir='ltr'>conspexit</span> 
     </span>
     <span class='ocr_line' id='line_1_9' title="bbox 689 803 2076 869; baseline 0.001 -20"><span class='ocrx_word' id='word_1_59' title='bbox 689 806 841 851; x_wconf 86' lang='lat' dir='ltr'>oculis.</span> <span class='ocrx_word' id='word_1_60' title='bbox 871 809 912 851; x_wconf 81' lang='lat' dir='ltr'>{n</span> <span class='ocrx_word' id='word_1_61' title='bbox 942 806 1162 868; x_wconf 81' lang='lat' dir='ltr'>superiore</span> <span class='ocrx_word' id='word_1_62' title='bbox 1199 806 1332 869; x_wconf 80' lang='lat' dir='ltr'>igitur</span> <span class='ocrx_word' id='word_1_63' title='bbox 1357 822 1468 867; x_wconf 84' lang='lat' dir='ltr'>eque</span> <span class='ocrx_word' id='word_1_64' title='bbox 1504 805 1694 851; x_wconf 86' lang='lat' dir='ltr'>rotunda</span> <span class='ocrx_word' id='word_1_65' title='bbox 1729 803 1904 850; x_wconf 74' lang='lat' dir='ltr'>ecclesia</span> <span class='ocrx_word' id='word_1_66' title='bbox 1922 806 2076 851; x_wconf 58' lang='lat' dir='ltr'>SanAEte</span> 
     </span>
     <span class='ocr_line' id='line_1_10' title="bbox 686 876 1697 939; baseline 0 -17"><span class='ocrx_word' id='word_1_67' title='bbox 686 877 820 923; x_wconf 85' lang='lat' dir='ltr'>Marie</span> <span class='ocrx_word' id='word_1_68' title='bbox 845 893 1032 939; x_wconf 85' lang='lat' dir='ltr'>quatuor</span> <span class='ocrx_word' id='word_1_69' title='bbox 1056 877 1206 923; x_wconf 80' lang='lat' dir='ltr'>altaria</span> <span class='ocrx_word' id='word_1_70' title='bbox 1232 876 1365 922; x_wconf 80' lang='lat' dir='ltr'>ineffe</span> <span class='ocrx_word' id='word_1_71' title='bbox 1392 877 1697 922; x_wconf 81' lang='lat' dir='ltr'>monstrantur.</span> 
     </span>
    </p>
   </div>
   <div class='ocr_carea' id='block_1_3' title="bbox 792 1055 1960 1117">
    <p class='ocr_par' dir='ltr' id='par_1_3' title="bbox 792 1055 1960 1117">
     <span class='ocr_line' id='line_1_11' title="bbox 792 1055 1960 1117; baseline -0.002 -15"><span class='ocrx_word' id='word_1_72' title='bbox 792 1055 887 1102; x_wconf 88' lang='lat' dir='ltr'>XV.</span> <span class='ocrx_word' id='word_1_73' title='bbox 925 1059 991 1101; x_wconf 80' lang='lat' dir='ltr'>‘De</span> <span class='ocrx_word' id='word_1_74' title='bbox 1018 1074 1126 1101; x_wconf 81' lang='lat' dir='ltr'>turre</span> <span class='ocrx_word' id='word_1_75' title='bbox 1150 1059 1342 1117; x_wconf 77' lang='lat' dir='ltr'>Iosophat</span> <span class='ocrx_word' id='word_1_76' title='bbox 1367 1060 1407 1100; x_wconf 86' lang='lat' dir='ltr'>in</span> <span class='ocrx_word' id='word_1_77' title='bbox 1435 1058 1569 1100; x_wconf 80' lang='lat' dir='ltr'>eadem</span> <span class='ocrx_word' id='word_1_78' title='bbox 1596 1058 1814 1115; x_wconf 63' lang='lat' dir='ltr'>constrzzdla</span> <span class='ocrx_word' id='word_1_79' title='bbox 1841 1057 1960 1101; x_wconf 77' lang='lat' dir='ltr'>valle.</span> 
     </span>
    </p>
   </div>
   <div class='ocr_carea' id='block_1_4' title="bbox 687 1148 2076 1358">
    <p class='ocr_par' dir='ltr' id='par_1_4' title="bbox 687 1148 2076 1358">
     <span class='ocr_line' id='line_1_12' title="bbox 755 1148 2076 1213; baseline -0.001 -16"><span class='ocrx_word' id='word_1_80' title='bbox 755 1155 798 1197; x_wconf 86' lang='lat' dir='ltr'>In</span> <span class='ocrx_word' id='word_1_81' title='bbox 818 1150 973 1196; x_wconf 79' lang='lat' dir='ltr'>eadem</span> <span class='ocrx_word' id='word_1_82' title='bbox 995 1151 1120 1213; x_wconf 83' lang='lat' dir='ltr'>supra</span> <span class='ocrx_word' id='word_1_83' title='bbox 1142 1166 1385 1195; x_wconf 80' lang='lat' dir='ltr'>memorata</span> <span class='ocrx_word' id='word_1_84' title='bbox 1405 1150 1530 1209; x_wconf 73' lang='lat' dir='ltr'>valle,</span> <span class='ocrx_word' id='word_1_85' title='bbox 1556 1167 1648 1194; x_wconf 89' lang='lat' dir='ltr'>non</span> <span class='ocrx_word' id='word_1_86' title='bbox 1666 1150 1802 1213; x_wconf 83' lang='lat' dir='ltr'>longe</span> <span class='ocrx_word' id='word_1_87' title='bbox 1821 1148 1875 1195; x_wconf 83' lang='lat' dir='ltr'>ab</span> <span class='ocrx_word' id='word_1_88' title='bbox 1901 1148 2076 1196; x_wconf 79' lang='lat' dir='ltr'>ecclefia</span> 
     </span>
     <span class='ocr_line' id='line_1_13' title="bbox 687 1219 2076 1285; baseline -0.002 -16"><span class='ocrx_word' id='word_1_89' title='bbox 687 1226 844 1270; x_wconf 68' lang='lat' dir='ltr'>Sancste</span> <span class='ocrx_word' id='word_1_90' title='bbox 878 1223 1026 1281; x_wconf 61' lang='lat' dir='ltr'>Mane,</span> <span class='ocrx_word' id='word_1_91' title='bbox 1059 1222 1181 1267; x_wconf 85' lang='lat' dir='ltr'>turris</span> <span class='ocrx_word' id='word_1_92' title='bbox 1215 1222 1413 1285; x_wconf 73' lang='lat' dir='ltr'>iosaphat</span> <span class='ocrx_word' id='word_1_93' title='bbox 1444 1222 1722 1280; x_wconf 79' lang='lat' dir='ltr'>monstratur,</span> <span class='ocrx_word' id='word_1_94' title='bbox 1753 1222 1797 1266; x_wconf 90' lang='lat' dir='ltr'>in</span> <span class='ocrx_word' id='word_1_95' title='bbox 1831 1238 1918 1283; x_wconf 86' lang='lat' dir='ltr'>qua</span> <span class='ocrx_word' id='word_1_96' title='bbox 1948 1219 2076 1284; x_wconf 83' lang='lat' dir='ltr'>ipfius</span> 
     </span>
     <span class='ocr_line' id='line_1_14' title="bbox 687 1294 1158 1358; baseline -0.006 -17"><span class='ocrx_word' id='word_1_97' title='bbox 687 1294 934 1358; x_wconf 77' lang='lat' dir='ltr'>sepulcrum</span> <span class='ocrx_word' id='word_1_98' title='bbox 957 1294 1158 1339; x_wconf 87' lang='lat' dir='ltr'>cernitur.</span> 
     </span>
    </p>
   </div>
   <div class='ocr_carea' id='block_1_5' title="bbox 907 1465 1853 1527">
    <p class='ocr_par' dir='ltr' id='par_1_5' title="bbox 907 1465 1853 1527">
     <span class='ocr_line' id='line_1_15' title="bbox 907 1465 1853 1527; baseline -0.001 -16"><span class='ocrx_word' id='word_1_99' title='bbox 907 1465 1022 1511; x_wconf 85' lang='lat' dir='ltr'><strong>XVI.</strong></span> <span class='ocrx_word' id='word_1_100' title='bbox 1066 1468 1133 1509; x_wconf 84' lang='lat' dir='ltr'>‘De</span> <span class='ocrx_word' id='word_1_101' title='bbox 1157 1470 1420 1510; x_wconf 79' lang='lat' dir='ltr'>monumentis</span> <span class='ocrx_word' id='word_1_102' title='bbox 1445 1467 1607 1511; x_wconf 83' lang='lat' dir='ltr'>Simeon</span> <span class='ocrx_word' id='word_1_103' title='bbox 1634 1466 1674 1510; x_wconf 65' lang='grc' dir='ltr'>ὃ·</span> <span class='ocrx_word' id='word_1_104' title='bbox 1698 1467 1853 1527; x_wconf 81' lang='lat' dir='ltr'>Ioseph.</span> 
     </span>
    </p>
   </div>
   <div class='ocr_carea' id='block_1_6' title="bbox 685 1558 2076 2125">
    <p class='ocr_par' dir='ltr' id='par_1_6' title="bbox 685 1558 2076 2125">
     <span class='ocr_line' id='line_1_16' title="bbox 753 1558 2075 1622; baseline 0 -16"><span class='ocrx_word' id='word_1_105' title='bbox 753 1561 840 1606; x_wconf 82' lang='lat' dir='ltr'>Cui</span> <span class='ocrx_word' id='word_1_106' title='bbox 858 1559 1061 1607; x_wconf 81' lang='lat' dir='ltr'>videlicet</span> <span class='ocrx_word' id='word_1_107' title='bbox 1079 1560 1281 1605; x_wconf 87' lang='lat' dir='ltr'>turricule</span> <span class='ocrx_word' id='word_1_108' title='bbox 1302 1558 1493 1622; x_wconf 86' lang='lat' dir='ltr'>quedam</span> <span class='ocrx_word' id='word_1_109' title='bbox 1511 1558 1685 1622; x_wconf 80' lang='lat' dir='ltr'>lapidea</span> <span class='ocrx_word' id='word_1_110' title='bbox 1704 1558 1862 1605; x_wconf 89' lang='lat' dir='ltr'>domus</span> <span class='ocrx_word' id='word_1_111' title='bbox 1881 1579 1906 1606; x_wconf 85' lang='lat' dir='ltr'>a</span> <span class='ocrx_word' id='word_1_112' title='bbox 1927 1560 2075 1607; x_wconf 85' lang='lat' dir='ltr'>dextra</span> 
     </span>
     <span class='ocr_line' id='line_1_17' title="bbox 688 1630 2076 1694; baseline -0.001 -16"><span class='ocrx_word' id='word_1_113' title='bbox 688 1632 865 1678; x_wconf 89' lang='lat' dir='ltr'>coheret</span> <span class='ocrx_word' id='word_1_114' title='bbox 895 1648 1031 1694; x_wconf 75' lang='lat' dir='ltr'>parte,</span> <span class='ocrx_word' id='word_1_115' title='bbox 1066 1630 1120 1677; x_wconf 87' lang='lat' dir='ltr'>de</span> <span class='ocrx_word' id='word_1_116' title='bbox 1151 1649 1257 1694; x_wconf 90' lang='lat' dir='ltr'>rupe</span> <span class='ocrx_word' id='word_1_117' title='bbox 1287 1632 1427 1677; x_wconf 79' lang='lat' dir='ltr'>excisa</span> <span class='ocrx_word' id='word_1_118' title='bbox 1458 1633 1503 1676; x_wconf 76' lang='grc' dir='ltr'>ὅ(</span> <span class='ocrx_word' id='word_1_119' title='bbox 1528 1632 1723 1694; x_wconf 77' lang='lat' dir='ltr'>separata</span> <span class='ocrx_word' id='word_1_120' title='bbox 1749 1650 1774 1677; x_wconf 83' lang='lat' dir='ltr'>a</span> <span class='ocrx_word' id='word_1_121' title='bbox 1799 1648 1952 1678; x_wconf 86' lang='lat' dir='ltr'>monte</span> <span class='ocrx_word' id='word_1_122' title='bbox 1978 1631 2076 1677; x_wconf 87' lang='lat' dir='ltr'>Oli-</span> 
     </span>
     <span class='ocr_line' id='line_1_18' title="bbox 686 1702 2075 1766; baseline -0.001 -16"><span class='ocrx_word' id='word_1_123' title='bbox 686 1705 788 1762; x_wconf 71' lang='lat' dir='ltr'>veti‚</span> <span class='ocrx_word' id='word_1_124' title='bbox 819 1705 863 1748; x_wconf 92' lang='lat' dir='ltr'>in</span> <span class='ocrx_word' id='word_1_125' title='bbox 901 1721 988 1766; x_wconf 86' lang='lat' dir='ltr'>qua</span> <span class='ocrx_word' id='word_1_126' title='bbox 1020 1703 1300 1749; x_wconf 48' lang='lat' dir='ltr'>intrinsecum</span> <span class='ocrx_word' id='word_1_127' title='bbox 1325 1704 1594 1749; x_wconf 77' lang='lat' dir='ltr'>ferramentis</span> <span class='ocrx_word' id='word_1_128' title='bbox 1628 1720 1782 1750; x_wconf 78' lang='lat' dir='ltr'>cavata</span> <span class='ocrx_word' id='word_1_129' title='bbox 1817 1702 1906 1748; x_wconf 89' lang='lat' dir='ltr'>duo</span> <span class='ocrx_word' id='word_1_130' title='bbox 1950 1720 2075 1748; x_wconf 90' lang='lat' dir='ltr'>mon-</span> 
     </span>
     <span class='ocr_line' id='line_1_19' title="bbox 687 1773 2076 1837; baseline 0 -17"><span class='ocrx_word' id='word_1_131' title='bbox 687 1776 868 1821; x_wconf 84' lang='lat' dir='ltr'>strantur</span> <span class='ocrx_word' id='word_1_132' title='bbox 904 1777 1095 1837; x_wconf 77' lang='lat' dir='ltr'>sepulcra</span> <span class='ocrx_word' id='word_1_133' title='bbox 1144 1773 1229 1820; x_wconf 81' lang='lat' dir='ltr'>fine</span> <span class='ocrx_word' id='word_1_134' title='bbox 1277 1775 1426 1837; x_wconf 84' lang='lat' dir='ltr'>aliquo</span> <span class='ocrx_word' id='word_1_135' title='bbox 1476 1791 1653 1820; x_wconf 80' lang='lat' dir='ltr'>ornatu:</span> <span class='ocrx_word' id='word_1_136' title='bbox 1702 1792 1891 1837; x_wconf 87' lang='lat' dir='ltr'>quorum</span> <span class='ocrx_word' id='word_1_137' title='bbox 1938 1792 2076 1820; x_wconf 89' lang='lat' dir='ltr'>unum</span> 
     </span>
     <span class='ocr_line' id='line_1_20' title="bbox 685 1846 2076 1908; baseline 0.001 -17"><span class='ocrx_word' id='word_1_138' title='bbox 685 1846 795 1892; x_wconf 86' lang='lat' dir='ltr'>illius</span> <span class='ocrx_word' id='word_1_139' title='bbox 819 1851 1022 1894; x_wconf 80' lang='lat' dir='ltr'>Simeonis</span> <span class='ocrx_word' id='word_1_140' title='bbox 1058 1848 1150 1892; x_wconf 85' lang='lat' dir='ltr'>iusti</span> <span class='ocrx_word' id='word_1_141' title='bbox 1187 1849 1267 1894; x_wconf 85' lang='lat' dir='ltr'>viri</span> <span class='ocrx_word' id='word_1_142' title='bbox 1293 1848 1365 1906; x_wconf 73' lang='lat' dir='ltr'>est,</span> <span class='ocrx_word' id='word_1_143' title='bbox 1401 1847 1490 1908; x_wconf 78' lang='lat' dir='ltr'>qui,</span> <span class='ocrx_word' id='word_1_144' title='bbox 1528 1847 1792 1892; x_wconf 83' lang='lat' dir='ltr'>infantulum</span> <span class='ocrx_word' id='word_1_145' title='bbox 1828 1848 2076 1893; x_wconf 88' lang='lat' dir='ltr'>Dominum</span> 
     </span>
     <span class='ocr_line' id='line_1_21' title="bbox 687 1917 2073 1983; baseline 0 -19"><span class='ocrx_word' id='word_1_146' title='bbox 687 1919 823 1964; x_wconf 83' lang='lat' dir='ltr'>Iesum</span> <span class='ocrx_word' id='word_1_147' title='bbox 857 1920 902 1964; x_wconf 88' lang='lat' dir='ltr'>in</span> <span class='ocrx_word' id='word_1_148' title='bbox 939 1920 1107 1982; x_wconf 84' lang='lat' dir='ltr'>templo</span> <span class='ocrx_word' id='word_1_149' title='bbox 1146 1919 1372 1983; x_wconf 83' lang='lat' dir='ltr'>amplexus</span> <span class='ocrx_word' id='word_1_150' title='bbox 1407 1917 1620 1964; x_wconf 78' lang='lat' dir='ltr'>ambabus</span> <span class='ocrx_word' id='word_1_151' title='bbox 1652 1917 1866 1977; x_wconf 76' lang='lat' dir='ltr'>manibus,</span> <span class='ocrx_word' id='word_1_152' title='bbox 1900 1917 1954 1964; x_wconf 88' lang='lat' dir='ltr'>cle</span> <span class='ocrx_word' id='word_1_153' title='bbox 1978 1920 2073 1982; x_wconf 88' lang='lat' dir='ltr'>ipso</span> 
     </span>
     <span class='ocr_line' id='line_1_22' title="bbox 687 1991 2075 2054; baseline 0.001 -19"><span class='ocrx_word' id='word_1_154' title='bbox 687 1991 1022 2054; x_wconf 79' lang='lat' dir='ltr'>prophetizavit,</span> <span class='ocrx_word' id='word_1_155' title='bbox 1060 1991 1243 2036; x_wconf 84' lang='lat' dir='ltr'>alterum</span> <span class='ocrx_word' id='word_1_156' title='bbox 1279 2008 1384 2037; x_wconf 88' lang='lat' dir='ltr'>vero</span> <span class='ocrx_word' id='word_1_157' title='bbox 1426 2007 1537 2052; x_wconf 84' lang='lat' dir='ltr'>eque</span> <span class='ocrx_word' id='word_1_158' title='bbox 1570 1993 1731 2053; x_wconf 75' lang='lat' dir='ltr'>Ioseph,</span> <span class='ocrx_word' id='word_1_159' title='bbox 1766 1991 1911 2036; x_wconf 57' lang='lat' dir='ltr'>sannote</span> <span class='ocrx_word' id='word_1_160' title='bbox 1941 1991 2075 2036; x_wconf 84' lang='lat' dir='ltr'>Marie</span> 
     </span>
     <span class='ocr_line' id='line_1_23' title="bbox 686 2060 1477 2125; baseline 0.001 -19"><span class='ocrx_word' id='word_1_161' title='bbox 686 2060 829 2125; x_wconf 79' lang='lat' dir='ltr'>sponfi</span> <span class='ocrx_word' id='word_1_162' title='bbox 854 2064 898 2108; x_wconf 69' lang='grc' dir='ltr'>ὃς</span> <span class='ocrx_word' id='word_1_163' title='bbox 923 2063 1110 2108; x_wconf 89' lang='lat' dir='ltr'>Domini</span> <span class='ocrx_word' id='word_1_164' title='bbox 1136 2063 1223 2108; x_wconf 82' lang='lat' dir='ltr'>Iesu</span> <span class='ocrx_word' id='word_1_165' title='bbox 1243 2063 1477 2108; x_wconf 85' lang='lat' dir='ltr'>nutritoris.</span> 
     </span>
    </p>
   </div>
   <div class='ocr_carea' id='block_1_7' title="bbox 688 2241 2074 2374">
    <p class='ocr_par' dir='ltr' id='par_1_7' title="bbox 688 2241 2074 2374">
     <span class='ocr_line' id='line_1_24' title="bbox 688 2241 2074 2302; baseline 0.001 -16"><span class='ocrx_word' id='word_1_166' title='bbox 688 2241 817 2286; x_wconf 83' lang='lat' dir='ltr'>XVII.</span> <span class='ocrx_word' id='word_1_167' title='bbox 859 2245 926 2286; x_wconf 80' lang='lat' dir='ltr'>‘De</span> <span class='ocrx_word' id='word_1_168' title='bbox 951 2243 1149 2302; x_wconf 80' lang='lat' dir='ltr'>spelunca</span> <span class='ocrx_word' id='word_1_169' title='bbox 1182 2246 1222 2286; x_wconf 86' lang='lat' dir='ltr'>in</span> <span class='ocrx_word' id='word_1_170' title='bbox 1256 2260 1354 2302; x_wconf 79' lang='lat' dir='ltr'>rupe</span> <span class='ocrx_word' id='word_1_171' title='bbox 1389 2245 1536 2286; x_wconf 79' lang='lat' dir='ltr'>montis</span> <span class='ocrx_word' id='word_1_172' title='bbox 1575 2242 1731 2286; x_wconf 76' lang='lat' dir='ltr'>Olivezi</span> <span class='ocrx_word' id='word_1_173' title='bbox 1762 2243 1897 2285; x_wconf 73' lang='lat' dir='ltr'>habita</span> <span class='ocrx_word' id='word_1_174' title='bbox 1937 2259 2074 2287; x_wconf 80' lang='lat' dir='ltr'>contra</span> 
     </span>
     <span class='ocr_line' id='line_1_25' title="bbox 736 2312 2030 2374; baseline 0.002 -17"><span class='ocrx_word' id='word_1_175' title='bbox 736 2315 882 2358; x_wconf 77' lang='lat' dir='ltr'>vallem</span> <span class='ocrx_word' id='word_1_176' title='bbox 899 2315 1105 2374; x_wconf 74' lang='lat' dir='ltr'>Iosophat,</span> <span class='ocrx_word' id='word_1_177' title='bbox 1128 2318 1167 2358; x_wconf 89' lang='lat' dir='ltr'>in</span> <span class='ocrx_word' id='word_1_178' title='bbox 1187 2332 1262 2373; x_wconf 79' lang='lat' dir='ltr'>qua</span> <span class='ocrx_word' id='word_1_179' title='bbox 1284 2330 1451 2373; x_wconf 78' lang='lat' dir='ltr'>quatuor</span> <span class='ocrx_word' id='word_1_180' title='bbox 1469 2315 1598 2374; x_wconf 82' lang='lat' dir='ltr'>mense</span> <span class='ocrx_word' id='word_1_181' title='bbox 1617 2313 1893 2374; x_wconf 63' lang='lat' dir='ltr'>&amp;puleisunt</span> <span class='ocrx_word' id='word_1_182' title='bbox 1910 2312 2030 2359; x_wconf 57' lang='lat' dir='ltr'>duab</span> 
     </span>
    </p>
   </div>
   <div class='ocr_carea' id='block_1_8' title="bbox 688 2418 2075 2626">
    <p class='ocr_par' dir='ltr' id='par_1_8' title="bbox 688 2418 2075 2626">
     <span class='ocr_line' id='line_1_26' title="bbox 755 2418 2075 2482; baseline 0.002 -18"><span class='ocrx_word' id='word_1_183' title='bbox 755 2422 797 2464; x_wconf 90' lang='lat' dir='ltr'>ln</span> <span class='ocrx_word' id='word_1_184' title='bbox 821 2419 954 2464; x_wconf 80' lang='lat' dir='ltr'>latere</span> <span class='ocrx_word' id='word_1_185' title='bbox 979 2421 1141 2464; x_wconf 82' lang='lat' dir='ltr'>montis</span> <span class='ocrx_word' id='word_1_186' title='bbox 1173 2419 1339 2466; x_wconf 80' lang='lat' dir='ltr'>Oliveti</span> <span class='ocrx_word' id='word_1_187' title='bbox 1367 2418 1558 2482; x_wconf 82' lang='lat' dir='ltr'>quedam</span> <span class='ocrx_word' id='word_1_188' title='bbox 1591 2419 1696 2464; x_wconf 84' lang='lat' dir='ltr'>inest</span> <span class='ocrx_word' id='word_1_189' title='bbox 1715 2420 1925 2480; x_wconf 73' lang='lat' dir='ltr'>spelunca,</span> <span class='ocrx_word' id='word_1_190' title='bbox 1957 2419 2075 2466; x_wconf 84' lang='lat' dir='ltr'>haud</span> 
     </span>
     <span class='ocr_line' id='line_1_27' title="bbox 688 2489 2072 2553; baseline 0.001 -18"><span class='ocrx_word' id='word_1_191' title='bbox 688 2491 843 2553; x_wconf 86' lang='lat' dir='ltr'>procul</span> <span class='ocrx_word' id='word_1_192' title='bbox 883 2489 937 2536; x_wconf 80' lang='lat' dir='ltr'>ab</span> <span class='ocrx_word' id='word_1_193' title='bbox 979 2489 1155 2537; x_wconf 81' lang='lat' dir='ltr'>ecclefia</span> <span class='ocrx_word' id='word_1_194' title='bbox 1191 2492 1348 2537; x_wconf 60' lang='lat' dir='ltr'>Sanste</span> <span class='ocrx_word' id='word_1_195' title='bbox 1384 2491 1519 2536; x_wconf 79' lang='lat' dir='ltr'>Marie</span> <span class='ocrx_word' id='word_1_196' title='bbox 1557 2491 1601 2535; x_wconf 88' lang='lat' dir='ltr'>in</span> <span class='ocrx_word' id='word_1_197' title='bbox 1643 2491 1934 2536; x_wconf 88' lang='lat' dir='ltr'>eminentiore</span> <span class='ocrx_word' id='word_1_198' title='bbox 1968 2490 2072 2536; x_wconf 90' lang='lat' dir='ltr'>loco</span> 
     </span>
     <span class='ocr_line' id='line_1_28' title="bbox 690 2561 2074 2626; baseline 0.001 -19"><span class='ocrx_word' id='word_1_199' title='bbox 690 2561 828 2625; x_wconf 81' lang='lat' dir='ltr'>pofita</span> <span class='ocrx_word' id='word_1_200' title='bbox 863 2579 1018 2609; x_wconf 77' lang='lat' dir='ltr'>contra</span> <span class='ocrx_word' id='word_1_201' title='bbox 1047 2563 1208 2609; x_wconf 73' lang='lat' dir='ltr'>vallem</span> <span class='ocrx_word' id='word_1_202' title='bbox 1240 2562 1458 2626; x_wconf 79' lang='lat' dir='ltr'>Iosaphat,</span> <span class='ocrx_word' id='word_1_203' title='bbox 1489 2563 1533 2607; x_wconf 79' lang='lat' dir='ltr'>in</span> <span class='ocrx_word' id='word_1_204' title='bbox 1580 2579 1666 2624; x_wconf 83' lang='lat' dir='ltr'>qua</span> <span class='ocrx_word' id='word_1_205' title='bbox 1702 2561 1791 2607; x_wconf 89' lang='lat' dir='ltr'>duo</span> <span class='ocrx_word' id='word_1_206' title='bbox 1828 2562 2074 2625; x_wconf 87' lang='lat' dir='ltr'>profundis-</span> 
     </span>
    </p>
   </div>
   <div class='ocr_carea' id='block_1_9' title="bbox 737 2675 2073 2725">
    <p class='ocr_par' dir='ltr' id='par_1_9' title="bbox 737 2675 2073 2725">
     <span class='ocr_line' id='line_1_29' title="bbox 737 2675 2073 2725; baseline 0 -16"><span class='ocrx_word' id='word_1_207' title='bbox 737 2688 766 2709; x_wconf 87' lang='lat' dir='ltr'>a.</span> <span class='ocrx_word' id='word_1_208' title='bbox 781 2675 831 2709; x_wconf 82' lang='lat' dir='ltr'>Al.</span> <span class='ocrx_word' id='word_1_209' title='bbox 844 2675 1035 2709; x_wconf 79' lang='lat' dir='ltr'>intrinsecus</span> <span class='ocrx_word' id='word_1_210' title='bbox 1051 2689 1107 2710; x_wconf 86' lang='lat' dir='ltr'>om.</span> <span class='ocrx_word' id='word_1_211' title='bbox 1129 2696 1170 2701; x_wconf 90' lang='lat'>—-</span> <span class='ocrx_word' id='word_1_212' title='bbox 1186 2678 1217 2710; x_wconf 95' lang='lat' dir='ltr'>b.</span> <span class='ocrx_word' id='word_1_213' title='bbox 1235 2677 1322 2719; x_wconf 83' lang='lat' dir='ltr'><em>L.,P.</em></span> <span class='ocrx_word' id='word_1_214' title='bbox 1335 2689 1351 2725; x_wconf 20' lang='lat'>2⁷¹</span> <span class='ocrx_word' id='word_1_215' title='bbox 1364 2680 1465 2719; x_wconf 83' lang='lat'>3048,</span> <span class='ocrx_word' id='word_1_216' title='bbox 1485 2677 1537 2710; x_wconf 92' lang='lat' dir='ltr'>De</span> <span class='ocrx_word' id='word_1_217' title='bbox 1552 2676 1707 2722; x_wconf 86' lang='lat' dir='ltr'>spelunca</span> <span class='ocrx_word' id='word_1_218' title='bbox 1725 2676 1869 2708; x_wconf 87' lang='lat' dir='ltr'>duorum</span> <span class='ocrx_word' id='word_1_219' title='bbox 1884 2683 2073 2721; x_wconf 86' lang='lat' dir='ltr'>puteorum.</span> 
     </span>
    </p>
   </div>
  </div>
 </body>
</html>
