2216 3435
81 1020 100 1049 f.
120 1020 176 1057 176
195 1019 222 1049 b.

610 286 660 319 IN
687 286 950 319 osssmloNE
975 285 1237 318 DAMIATE.
1520 289 1534 318 1
1545 284 1603 335 45

242 436 378 482 [hesus
422 434 611 481 Christus
656 433 826 482 mififfet
863 435 1043 499 angelos
1068 434 1165 479 suos
1192 432 1248 479 ad
1273 435 1421 479 turrim
1445 452 1608 498 expug-
1633 443 1708 473 1218

241 507 448 566 nandam,
488 525 676 570 quorum
700 509 855 554 timore
879 507 1033 553 milites
1069 505 1251 568 preditsti
1290 508 1437 551 turrim
1467 506 1610 552 Chris-

243 581 364 626 tianis
401 578 682 638 tradiderunt,
725 579 844 624 miles
880 594 1025 624 autem
1057 577 1127 622 ille
1162 578 1206 621 in
1243 574 1454 622 flammeis
1485 579 1612 623 armis

243 649 363 712 quod
391 648 494 695 esset
518 651 668 695 Beatus
693 650 1004 708 Bartolomeus,
1032 650 1105 711 qui
1129 648 1258 693 etiam
1280 649 1416 692 rursus
1441 649 1498 693 eis
1524 664 1614 693 tan—

243 739 375 783 quam
414 722 653 767 excoriatus
695 723 903 785 apparuit.
941 720 1187 766 Confestim
1224 720 1354 784 igitur
1394 719 1613 782 fregerunt

242 809 412 838 catenas
439 794 483 837 ἃ
506 809 715 854 ceperunt
738 794 954 856 navigare.
989 793 1147 855 Pagani
1177 808 1321 837 autem
1347 810 1369 836 e
1394 792 1611 836 contrario

241 862 554 909 submerserunt
588 882 718 911 naves
754 865 859 923 suas,
901 881 969 909 eas
1005 881 1106 908 cum
1130 861 1343 925 lapidibus
1369 878 1611 919 onerantes,

240 936 284 979 &
309 951 411 980 cum
445 954 529 982 una
566 935 634 981 die
670 953 749 981 nos
775 934 1052 982 voluissemus
1078 936 1297 997 navigare,
1336 933 1526 995 quedam
1558 931 1613 977 de

241 1005 421 1052 navibus
446 1007 596 1052 nostris
620 1006 832 1052 submerse
857 1007 962 1052 sunt.

311 1154 499 1213 Qaliter
524 1154 745 1211 Christiani
759 1155 909 1212 primo,
938 1152 1158 1210 aliquantis
1173 1152 1341 1210 suorum
1369 1154 1409 1194 in
1435 1153 1548 1209 aquis

394 1226 620 1285 submersis,
647 1226 695 1268 de
711 1227 847 1285 prima
871 1225 1177 1267 sarracenorum
1203 1221 1448 1282 aggrffone

759 1298 1101 1356 triumphaverint.

307 1437 404 1482 Alia
422 1453 567 1483 autem
587 1436 656 1482 die
677 1437 905 1499 templarij,
930 1437 1124 1484 volentes
1144 1437 1315 1484 transire
1333 1438 1496 1485 flumen
1516 1456 1615 1485 cum

242 1510 341 1556 navi
365 1509 454 1565 sua,
480 1527 505 1554 a
529 1524 661 1555 vento
687 1509 744 1554 eis
775 1510 995 1555 contrario
1020 1511 1202 1571 proieeli
1227 1510 1322 1555 sunt
1345 1527 1444 1556 ante
1469 1528 1616 1556 muros

242 1581 437 1638 civitatis,
475 1597 585 1641 quos
616 1581 834 1626 Sarraceni
872 1597 972 1625 cum
996 1579 1188 1626 barbotis
1214 1582 1292 1627 suis
1318 1583 1617 1630 circumdede-

241 1668 369 1710 runt,
406 1651 636 1697 Christiani
662 1667 823 1710 autem,
850 1652 891 1696 se
916 1650 1213 1710 defendentes,
1242 1654 1402 1699 multos
1426 1656 1618 1720 Pagano-

242 1740 337 1768 rum
369 1721 636 1768 occiderunt.
670 1721 752 1768 Sed
789 1722 999 1780 videntes,
1039 1723 1158 1769 nullo
1194 1724 1334 1770 modo
1370 1726 1552 1773 evadere
1576 1729 1617 1774 se

243 1791 379 1855 poffe,
406 1792 599 1838 fecerunt
627 1795 804 1854 paetum
828 1809 930 1837 cum
954 1794 1025 1840 eis.
1061 1794 1255 1840 Centum
1280 1813 1426 1842 autem
1450 1797 1537 1843 fere
1563 1797 1618 1843 de

242 1865 421 1928 Paganis
457 1880 502 1909 ut
537 1863 882 1910 Christianorum
921 1865 1207 1911 ascenderunt
1239 1884 1436 1927 coccam,
1473 1869 1616 1916 Chris-

244 1936 347 1980 tiani
371 1935 543 1980 inferius
567 1935 786 1998 fregerunt
809 1953 919 1994 eam,
944 1936 1206 1983 &submersi
1233 1939 1327 1984 sunt
1350 1955 1440 1984 tam
1458 1940 1618 2003 Pagani

245 2023 377 2068 quam
413 2005 643 2052 Christiani
672 2022 838 2064 omnes,
876 2008 949 2068 qui
982 2005 1038 2052 ibi
1062 2007 1256 2067 aderant,
1287 2027 1387 2055 cum
1412 2027 1620 2072 quattuor

243 2075 435 2122 barbotis
465 2078 510 2122 &
551 2077 674 2140 galea
713 2095 812 2137 una,
858 2079 902 2123 ὅ(
943 2079 1002 2124 ita
1042 2096 1133 2124 non
1169 2079 1420 2127 valebamus
1454 2080 1617 2128 flumen

244 2147 426 2194 transire.

307 2220 377 2265 VI.
404 2220 544 2278 Tunc,
579 2219 725 2266 divina
756 2222 989 2283 inspirante
1023 2224 1182 2285 gracia,
1213 2222 1417 2269 dominus
1452 2224 1618 2288 legatus

243 2290 451 2352 applicuit
476 2309 577 2336 cum
601 2293 797 2354 principe
823 2292 1137 2338 Romanorum.
1177 2292 1342 2339 Videns
1366 2310 1513 2340 autem
1538 2295 1617 2341 do-

245 2363 386 2407 minus
413 2362 593 2426 legatus,
620 2363 740 2424 quod
766 2381 855 2408 non
886 2362 1148 2410 habebamus
1174 2363 1344 2409 firmam
1369 2381 1538 2425 terram,
1574 2369 1618 2412 δε

246 2431 499 2478 tenebamur
530 2434 615 2479 loci
640 2433 907 2491 difficultate,
940 2451 993 2480 ne
1017 2435 1369 2497 procederemus»,
1395 2438 1618 2499 captivita-

246 2519 332 2549 tem
356 2503 481 2550 valde
508 2505 749 2551 condoluit.

308 2575 394 2620 VH.
421 2575 613 2621 Audiens
632 2592 778 2622 autem
792 2595 862 2623 rex
878 2577 1030 2640 Egipti,
1045 2577 1181 2638 quod,
1200 2594 1342 2639 neque
1356 2594 1433 2639 per
1444 2595 1618 2639 aquam,

247 2662 386 2706 neque
399 2646 700 2707 permanendo
720 2649 762 2693 in
777 2646 939 2705 sabulo,
960 2649 1018 2692 cis
1032 2648 1162 2693 nichil
1181 2666 1339 2694 nocere
1354 2665 1619 2710 poteramus,

247 2733 348 2762 cum
393 2716 590 2764 univerfis
629 2719 868 2765 Sarracenis
912 2719 990 2764 suis
1030 2720 1239 2782 cogitavit
1275 2719 1485 2766 destruere
1524 2736 1617 2765 nos.

1372 2820 1409 2851 ¹9
