2216 3435
665 180 730 212 IX.
758 178 896 211 BEDA
920 177 1265 210 VENERABILIS.
1551 181 1662 210 XXXV

284 326 395 374 bara,
418 321 666 371 Gennariari,
699 320 921 372 Narriari).
951 319 1091 359 Multa
1112 319 1219 358 etiam
1248 326 1437 357 mutuatus
1457 319 1507 372 est
1527 334 1550 358 a
1572 333 1661 370 quo-

282 390 368 428 dam
388 386 566 439 Eucherij
585 384 805 439 anteceffore
835 393 902 424 aut
922 385 968 424 ab
988 384 1065 441 ipso
1084 382 1267 422 Eucherio
1276 402 1292 428 ,·
1322 382 1492 436 capitula
1514 383 1606 422 enim
1629 382 1663 433 I,

283 453 388 493 II&
405 451 479 491 III
490 449 640 490 Libelli
663 450 711 488 de
732 448 833 488 locis
854 447 997 488 sanffis
1018 463 1099 487 cum
1114 447 1295 499 Eucherij
1313 447 1483 500 capitulis
1505 445 1666 487 I-VII]

279 516 317 555 in
351 515 533 555 nonnullis
570 523 785 568 congruunt.
828 512 883 553 Ab
922 529 958 552 eo
996 522 1118 553 autem
1149 512 1206 551 nil
1233 512 1339 552 ultra
1367 520 1555 551 mutuatus
1591 510 1663 563 effi

281 581 444 630 videtur,
463 580 520 619 nil
537 579 645 618 etiam
665 595 707 618 ex
726 576 882 634 Eusebij
898 576 1168 619 Onomastico
1183 578 1228 617 ξδ’
1244 576 1468 630 Hieronymi
1484 574 1662 627 descrip-

281 646 392 685 tione
412 643 748 697 peregrinationis
765 641 906 681 sane‘tae
920 641 1066 692 Paulae,
1082 657 1193 694 neque
1213 657 1229 680 e
1249 640 1438 696 Theodosij
1453 640 1663 680 Breviario

280 719 349 750 aut
367 709 581 748 Antonino
604 707 790 760 Martyre
810 707 962 747 videtur
982 705 1154 760 traxtſje.
1183 705 1287 745 Citat
1304 706 1411 745 etiam
1437 704 1662 745 Guillelmus

280 771 620 828 Malmesberiensts
638 783 650 803 1
678 771 884 830 Iosephum,
904 771 1130 811 Eucherium
1150 771 1194 810 {3⁹
1208 770 1353 810 Bedam
1371 770 1409 809 in
1432 785 1501 809 uno
1520 769 1658 808 eodem-

280 854 346 892 que
367 838 453 888 loco,
486 854 527 877 ex
562 852 629 889 quo
649 835 749 892 satis
772 845 878 891 patet
890 836 1028 890 primos
1055 836 1153 886 duos,
1187 844 1229 874 ut
1248 835 1457 889 praecipffls
1491 850 1534 874 ea
1554 842 1663 873 aetate

279 904 458 953 duciores,
479 902 616 942 habitos
624 900 763 956 fuiſje
783 911 802 932 2

332 967 495 1008 Mirari
526 967 618 1018 licet,
653 967 750 1019 quod
772 965 1084 1020 praestantiffi‘mae
1120 964 1220 1004 illius
1250 964 1511 1018 compilationis
1548 972 1664 1004 textus

279 1031 394 1089 usque
415 1033 469 1072 ad
484 1033 579 1072 hunc
603 1032 695 1071 diem
717 1030 1018 1087 adeosqualidus
1038 1028 1215 1085 evaserit.
1238 1027 1668 1085 Manuscriptiscilicet

279 1098 410 1137 codices
424 1098 581 1137 nondum
593 1095 631 1152 s
625 1097 694 1136 atis
710 1104 842 1136 attente
857 1096 904 1135 ab
921 1095 1116 1134 editoribus
1133 1095 1170 1133 in
1163 1094 1286 1152 speffli
1300 1094 1399 1149 sunt.
1425 1094 1504 1134 Nos
1519 1102 1663 1144 contra,

270 1162 374 1218 stcut
401 1178 443 1202 ex
462 1163 577 1201 indice
602 1161 723 1215 nostro
739 1160 892 1214 patebit,
926 1159 1048 1199 multis
1065 1160 1103 1198 in
1118 1159 1302 1215 praesenti
1320 1159 1468 1198 editione
1490 1159 1663 1198 ornanda

279 1225 546 1283 manuscriptis
573 1226 749 1266 codicibus
770 1241 792 1264 u
787 1224 828 1280 st
836 1223 985 1280 sumus.
1005 1224 1092 1278 „Qui
1106 1224 1252 1278 primus
1270 1221 1493 1279 inscribitur
1514 1223 1664 1264 Mona-

277 1291 385 1347 censis
420 1293 540 1342 codex,
579 1289 724 1345 etiamst
755 1290 863 1329 nulla
893 1290 973 1329 alia
1002 1287 1123 1345 causa
1152 1288 1334 1344 pretiosus
1369 1288 1470 1342 effet,
1502 1288 1665 1342 antiqui-

277 1366 350 1396 tate
374 1366 496 1396 tamen
512 1355 828 1395 commendandus.
851 1354 1014 1394 Codicem
1028 1363 1149 1394 tamen
1169 1353 1275 1393 illum
1292 1369 1359 1392 non
1382 1369 1423 1393 ex
1440 1354 1535 1392 omni
1550 1362 1663 1407 parte

273 1421 483 1476 perfefflum
499 1421 618 1461 dicere
630 1419 834 1474 poffumus,
852 1435 963 1472 quum
974 1419 1136 1473 projecto
1150 1419 1188 1457 in
1205 1434 1241 1457 eo
1256 1418 1385 1471 plures
1400 1418 1559 1458 lacunas
1573 1434 1665 1458 ver-

279 1487 475 1539 borumque
494 1484 793 1542 transpositiones
816 1484 1207 1525 animadverterimus.
1232 1483 1277 1522 In
1300 1483 1418 1523 altero
1438 1483 1631 1523 Monacen
1626 1483 1668 1538 st

277 1551 392 1591 codice
401 1551 648 1591 tantummodo
662 1550 806 1589 initium
824 1549 987 1603 opusculi
997 1549 1182 1588 habemus.
1201 1547 1532 1604 Wrtzburgensts
1543 1550 1665 1599 codex,

278 1616 340 1670 qui
366 1616 508 1669 quidem
529 1615 695 1670 pulchra
723 1630 838 1654 manu
856 1615 900 1654 ἅθ’
917 1615 1061 1654 attentis
1081 1614 1190 1653 oculis
1222 1614 1445 1671 conscriptus
1464 1616 1524 1665 est,
1554 1623 1664 1653 totum

275 1682 419 1721 Bedam
440 1697 508 1720 non
529 1681 692 1731 continet,
710 1680 789 1736 sed
804 1688 950 1719 tantum
972 1688 1143 1732 excerpta
1165 1678 1463 1736 aliqua,scilicet
1480 1679 1663 1718 nonnulla

277 1747 449 1798 quaedam
469 1762 511 1786 ex
531 1745 699 1799 capitulis
725 1743 823 1795 VII,
849 1743 963 1785 VIII
978 1746 1022 1784 ὅ
1045 1744 1122 1784 IX.
1142 1754 1157 1784 3

333 1811 417 1851 Iam
444 1811 481 1850 in
502 1811 649 1863 antiquo
669 1809 895 1864 Monacenfi
921 1809 1037 1848 codice
1063 1808 1248 1849 dividitur
1278 1818 1395 1849 textus
1425 1808 1462 1848 in
1484 1808 1664 1863 capitula,

277 1876 405 1928 quibus
411 1874 572 1930 singulis
589 1874 754 1914 rubricae
764 1874 976 1928 praepofitae
981 1874 1089 1931 sunt,
1106 1874 1209 1913 editio
1225 1883 1346 1914 autem
1365 1875 1400 1914 d.
1418 1872 1464 1913 F.
1487 1872 1664 1924 Michel,

276 1955 358 1993 quae
378 1940 672 1995 manuscriptum
698 1939 848 1978 codicem
873 1938 1093 1978 Britannici
1118 1938 1274 1995 lidusaei
1289 1939 1416 1994 secuta
1446 1938 1508 1992 est,
1536 1938 1662 1995 iisdem

277 2005 440 2045 rubricis
459 2014 573 2044 caret.
596 2003 781 2044 Caeterum
803 2003 1050 2057 capitulorum
1067 2019 1242 2043 numerus
1261 2004 1298 2043 in
1319 2002 1474 2057 diversis
1489 2018 1524 2041 m
1518 2002 1576 2056 ff
1590 2003 1663 2042 ali-

276 2069 496 2122 quantulum
507 2069 648 2122 differt.
661 2069 737 2121 Ego
749 2078 884 2119 autem,
898 2084 921 2107 a
932 2077 1066 2120 quarto
1074 2068 1104 2123 s
1099 2068 1208 2107 altem
1223 2068 1395 2121 capitulo,
1420 2067 1662 2123 Bafilecnsem

276 2134 460 2175 editionem
475 2134 628 2190 secutus
654 2133 751 2187 sum,
779 2132 832 2172 ita
853 2141 894 2171 ut
913 2148 992 2172 cum
1014 2131 1189 2184 vigefimo
1210 2133 1371 2186 capitulo
1393 2134 1448 2172 ad
1460 2132 1594 2186 finem,
1623 2134 1660 2172 in

276 2215 351 2252 qua
363 2199 405 2239 de
421 2198 727 2254 Constantinopoli
740 2198 880 2250 agitur,
896 2199 1147 2251 perveniatur
1157 2219 1172 2244 ,·
1187 2198 1338 2251 denique
1356 2198 1467 2237 XXI
1470 2205 1484 2219 ⁰
1502 2199 1662 2253 capitulo

328 2322 340 2342 1
381 2311 430 2343 De
462 2310 558 2354 gestis
590 2321 704 2353 regum
736 2308 926 2353 Anglorum,

278 2363 500 2405 Francofurti‚
521 2366 622 2404 1601,
645 2375 674 2407 p.
699 2375 773 2405 ¹40·

325 2430 344 2450 2
367 2419 403 2450 In
423 2417 647 2460 manuscripto
671 2417 788 2449 codice
816 2416 921 2450 Paris.

278 2483 382 2512 2321,
401 2470 432 2502 in
452 2469 546 2502 initio
566 2470 701 2514 capituli
720 2471 764 2511 ΙΙ,
783 2470 814 2502 in
839 2482 924 2503 mar-

277 2523 354 2568 gine
385 2522 490 2556 rubris
521 2523 636 2566 litteris⁸
665 2523 782 2556 eadem
823 2535 924 2556 manu

279 2577 397 2621 scripta
416 2576 487 2609 haec
505 2577 606 2609 verba
633 2575 790 2620 legimus:
825 2603 830 2608 .
856 2603 861 2608 .
887 2604 891 2608 .
919 2603 924 2609 .

282 2643 295 2660 ι
313 2629 492 2671 Eucherio,
517 2629 675 2671 Arcules‚
704 2629 882 2663 Arculfus.
910 2645 920 2659 ι,

330 2683 494 2728 3Eadem
523 2683 714 2728 fragmenta
744 2683 837 2718 Beda
863 2683 926 2719 suae

1011 2308 1156 2353 Historiae
1167 2309 1373 2353 ecclefiaslicae
1390 2309 1579 2354 Anglorum,
1592 2311 1610 2344 1.
1626 2315 1664 2354 V,

1010 2374 1040 2395 c.
1067 2366 1168 2402 16-17
1191 2362 1346 2407 (Migne,
1364 2365 1434 2397 Pal.
1455 2364 1533 2404 lau,
1554 2367 1664 2407 XCV,

1009 2427 1036 2449 c.
1056 2416 1233 2460 254-258)
1259 2416 1402 2450 inseruit.
1429 2418 1534 2450 Cuius
1560 2419 1662 2453 Bedae

1010 2470 1111 2502 verba
1145 2469 1263 2513 repetit
1299 2471 1510 2515 Anonymus
1551 2472 1664 2504 Melli-

1008 2522 1120 2563 censis,
1139 2522 1195 2566 qui
1214 2524 1297 2555 XIIs·
1319 2523 1437 2556 saeculo
1465 2524 1586 2568 scripsit
1605 2527 1660 2567 (cf.
1705 2544 1708 2546 >

1009 2575 1100 2618 ibid„
1130 2577 1290 2617 CCXIII,
1310 2588 1337 2609 c.
1364 2580 1547 2620 968-971).
1581 2579 1662 2613 Vide

999 2630 1123 2675 supra,
1145 2642 1175 2676 p.
1195 2632 1282 2676 xxxj.
