2216 3435
685 148 698 177 1
711 145 773 193 74
1240 139 1500 172 ARCULFUS

675 287 817 353 posito
854 286 1048 350 quidem,
1085 286 1157 332 sed
1189 285 1448 331 obscurioris
1481 284 1626 348 lapide
1652 285 1811 331 coloris
1836 287 1881 330 ὃς
1902 285 2064 331 vilioris

677 361 819 424 operis
868 360 1121 422 protegitur.
1171 358 1322 403 Trium
1366 374 1545 419 quoque
1590 357 1853 403 feminarum
1895 356 2066 402 viliores

676 433 721 477 ἅ
746 432 936 477 minores
962 430 1194 475 memorias
1221 427 1385 473 ibidem
1404 428 1569 490 aspexit
1585 427 1801 487 Arculfias,
1822 428 1922 473 Sare
1947 426 2066 473 vide-

676 504 775 549 licet
811 505 856 549 δε
882 501 1076 548 Rebecce
1111 502 1156 546 &
1192 501 1286 557 Lie,
1324 500 1602 545 humatarum
1642 501 1685 545 in
1725 516 1848 544 terra.
1892 498 2067 543 lllorum

675 576 820 637 itaque
852 573 1195 637 patriarcharum
1240 571 1482 634 sepulcralis
1527 571 1690 634 agellus
1736 589 1760 615 a
1796 587 1922 615 muro
1958 570 2068 615 ilh'us

678 645 965 707 antiquissime
1014 642 1197 689 Hebron
1246 643 1288 687 in
1337 643 1460 688 unius
1505 641 1628 700 stadij
1676 642 1813 705 spatio
1855 642 2067 687 orientem

678 717 820 763 versus
845 716 995 761 distare
1015 714 1296 777 dignoscitur.
1325 715 1433 777 Qe
1451 714 1599 775 utique
1622 711 1822 770 Hebron,
1855 728 1900 758 ut
1921 712 2066 772 fertur,

679 805 778 834 ante
798 805 966 845 omneS‚
987 804 1078 832 non
1100 786 1239 830 solum
1259 786 1473 843 Palestine,
1492 786 1686 830 civitates
1707 783 1888 830 condita
1914 784 2066 841 fuerat,

680 860 752 905 sed
789 861 920 905 etiam
962 857 1177 903 universas
1218 857 1472 921 Egyptiacas
1509 855 1632 902 urbes
1673 857 1718 901 in
1759 856 1832 900 sua
1875 854 2071 918 preceffit

680 930 954 989 conditione,
980 946 1065 991 que
1090 946 1206 974 nunc
1232 930 1381 974 misere
1403 928 1664 973 monstratur
1689 927 1910 972 destrufia.

746 1004 847 1047 Huc
881 1002 1013 1063 usque
1049 999 1102 1046 de
1134 1000 1336 1063 sepulcris
1368 999 1711 1063 patriarcharum
1746 997 1929 1044 sufficiat
1953 1014 2070 1044 cara-

678 1072 841 1119 xaffe.‘¹

996 1252 1046 1297 X.
1081 1255 1147 1296 ‘De
1171 1251 1274 1295 colle
1298 1251 1338 1296 ὅ*
1366 1269 1507 1310 quercu
1535 1252 1751 1296 mambre.

748 1383 951 1428 mambre
993 1379 1114 1424 collis
1156 1378 1273 1424 mille
1314 1376 1502 1441 paffibus
1546 1396 1572 1424 a
1612 1379 1914 1425 monumentis
1950 1378 2076 1440 supra

683 1452 922 1516 descriptis,
957 1450 1013 1496 ad
1046 1449 1244 1509 boream,
1283 1450 1500 1513 separatus
1532 1449 1677 1509 distat,
1711 1448 1918 1496 herbosus
1950 1447 2078 1494 valde

683 1528 728 1571 ὃς
751 1523 944 1582 floridus,
965 1522 1195 1585 respiciens
1210 1519 1393 1567 Hebron
1413 1520 1468 1566 ab
1483 1521 1636 1566 Africo
1659 1520 1733 1567 fibi
1759 1536 2074 1566 occurrentem.

684 1595 804 1642 Idem
836 1596 983 1657 itaque
1020 1593 1299 1650 monticulus,
1332 1591 1530 1638 Mambre
1564 1593 1832 1652 nominatus,
1866 1590 1999 1638 habet
2032 1592 2078 1636 in

683 1669 912 1714 cacumine
947 1666 1234 1729 campestrem
1270 1665 1511 1727 planitiem³
1555 1663 1643 1723 ubi,
1682 1663 1738 1710 ad
1780 1663 2079 1726 aquilonalem

684 1739 877 1787 eiusdem
905 1739 1144 1784 cacuminis
1179 1753 1365 1800 partem,
1394 1735 1568 1800 lapidea
1605 1754 1769 1800 magna
1802 1734 1987 1781 fundata
2021 1735 2080 1781 est

684 1814 858 1875 ecclesia,
890 1812 936 1856 in
972 1811 1091 1856 cuius
1126 1809 1307 1855 dextrali
1330 1825 1469 1872 parte,
1494 1809 1604 1854 inter
1634 1807 1746 1854 duos
1771 1806 1949 1872 grandis
1973 1807 2078 1853 eius-

685 1885 789 1930 dem
805 1881 974 1929 bafilice
995 1883 1194 1945 parietes,
1215 1882 1374 1926 mirum
1393 1879 1526 1939 diem,
1545 1899 1710 1940 quercus
1725 1882 1928 1925 Mambre
1949 1880 2080 1925 exstat

685 1958 730 2001 in
766 1973 876 2001 terra
913 1954 1119 2012 radicata,
1157 1970 1243 2015 que
1278 1954 1323 1997 ὃς
1358 1971 1522 2012 quercus
1558 1955 1771 1997 cAbralzam
1808 1950 1988 2010 dicitur,
2026 1967 2080 1996 eo

687 2027 810 2091 quod
836 2026 912 2073 sub
932 2044 981 2072 ea
1007 2024 1237 2088 quondam
1258 2024 1455 2087 Angelos
1474 2023 1664 2086 hospitio
1690 2023 1919 2086 receperit:
1946 2039 2081 2084 quam

688 2100 857 2146 sancius
872 2099 1173 2158 Hieronymus
1199 2094 1301 2142 alibi
1325 2111 1471 2141 narrat
1490 2093 1546 2140 ab
1566 2093 1750 2140 exordio
1770 2092 1928 2139 mundi
1948 2093 2082 2155 usque

688 2170 1051 2227 adConstantini
1083 2170 1196 2233 regis
1231 2168 1467 2230 imperium
1497 2164 1794 2229 permansisse,
1830 2167 1875 2210 ὃς
1900 2165 2082 2210 fortaffis

688 2242 790 2288 ideo
833 2259 925 2288 non
968 2240 1088 2300 dixitj
1131 2241 1305 2304 penitus
1349 2236 1569 2297 defecisse,
1615 2239 1716 2299 quia
1757 2235 1913 2282 eadem
1955 2252 2083 2296 etate,

691 2314 889 2377 quamvis
923 2330 1016 2359 non
1053 2329 1146 2358 tota
1183 2312 1269 2371 illa,
1309 2309 1427 2356 ficuti
1460 2311 1578 2373 prius
1615 2310 1767 2367 fuerat,
1806 2307 2086 2372 grandiffima

692 2402 875 2448 quercus
900 2383 1237 2441 monstrabatur,
1265 2400 1410 2428 tamen
1443 2379 1625 2443 quidam
1650 2396 1826 2425 truncus
1857 2396 2085 2442 permanet

691 2458 855 2521 spurius
875 2455 1090 2502 radicatus
1105 2457 1150 2501 in
1170 2471 1294 2513 terra,
1317 2452 1392 2500 sub
1413 2451 1587 2498 ecclesie
1607 2456 1828 2516 proteRus
1849 2449 2085 2515 tegmine‚‘'

694 2529 943 2575 mensuram
975 2526 1092 2590 quas1
1129 2527 1319 2573 duorum
1351 2524 1640 2588 longitudinis
1676 2526 1869 2572 virorum
1899 2522 2083 2569 habens:

741 2678 760 2698 a
784 2668 917 2699 Huc...
933 2663 1101 2698 caraxaffe
1119 2663 1202 2708 deest
1217 2663 1250 2696 in
1274 2664 1309 2696 L.
1330 2682 1373 2686 —
1393 2663 1428 2695 b.
1450 2663 1489 2695 G.
1513 2660 1652 2707 prefero.
