2216 3435
639 212 704 244 DE
739 212 876 244 LOCIS
911 212 1132 245 SANCTrs.
1487 218 1498 246 1
1515 211 1566 262 55

202 358 644 417 Hierosolymitanam
668 356 843 419 plebem
866 357 910 401 in
938 356 1044 402 duas
1076 355 1260 401 dir-imita
1290 372 1448 418 partes,
1485 356 1572 402 hoc

198 430 256 473 est
278 427 425 473 fideles
451 426 648 473 credulos
674 444 827 473 contra
850 427 1043 473 infideles
1070 426 1329 472 incredulos.

263 498 393 545 Unde
417 501 461 543 ὃς
485 499 796 543 Saracenorum
828 516 912 556 rex,
938 499 1117 543 nomine
1142 496 1344 555 Maviasst
1369 495 1422 542 ab
1455 498 1570 541 utris-

198 587 282 631 que
306 568 598 631 interpellatus
618 567 824 631 partibus,
847 568 903 613 ad
923 586 996 614 eos
1016 568 1263 613 incredulos
1281 567 1449 626 ludeos‚
1476 569 1571 629 quic

197 639 412 685 sudarium
444 640 627 685 Domini
669 640 941 701 pertinaciter
985 638 1272 697 retinebant,d
1291 641 1401 684 inter
1438 638 1572 683 utros—

197 728 280 772 que
311 709 590 769 diiudicans‚⁶’
616 709 742 755 dixit:
776 732 799 750 <c
822 712 1013 768 Sacrum,
1045 709 1167 772 quod
1198 709 1383 766 habetis,
1416 709 1570 754 linteo-

199 803 222 822 α
249 782 340 826 lum
365 780 465 826 date
488 782 533 826 in
559 798 690 826 manu
715 798 825 826 mea.
851 803 872 822 υ
905 782 996 844 Qui
1025 782 1135 845 regis
1159 780 1326 828 verbof
1344 779 1571 842 obtempe-

196 868 351 910 rantes,
378 850 484 896 illud
516 850 570 896 de
602 852 756 896 scrinio
782 853 1065 914 proferentes,
1097 852 1337 915 regnatoris
1368 853 1409 897 in
1434 850 1572 896 smum

197 923 439 986 deponunt.
471 921 611 984 Qod
643 939 744 967 cum
774 940 937 986 magna
968 924 1203 969 reverentia
1233 923 1476 984 suscipiens,
1502 939 1573 966 rex

195 995 240 1039 in
270 993 427 1056 platea,
457 1009 607 1037 coram
639 995 762 1039 omni
789 994 974 1056 populo,
1007 1011 1167 1057 rogum
1198 992 1290 1038 fieri
1313 991 1432 1039 iuffit.
1465 994 1571 1055 Quo

197 1065 331 1110 nimia
354 1062 700 1109 inflammatione
725 1063 917 1123 ardente,
949 1065 1038 1126 ipse
1065 1065 1240 1127 surgens
1268 1067 1313 1109 ὃς
1344 1063 1400 1109 ad
1430 1064 1573 1126 ipsum

197 1134 408 1181 accedens
444 1152 617 1198 rogum,
645 1135 810 1181 elevata
836 1153 945 1181 voce
968 1137 1027 1180 ait
1052 1135 1107 1181 ad
1130 1136 1327 1197 utrasque
1353 1133 1573 1180 discordes

197 1223 362 1270 partes:
406 1227 429 1246 <c
465 1206 595 1251 Nunc
627 1206 832 1264 Christus,
874 1206 1029 1252 mundi
1065 1207 1265 1266 salvator,
1307 1205 1452 1269 passus
1493 1223 1572 1268 pro

201 1298 223 1317 a
251 1276 446 1321 humano
484 1294 667 1339 genere,
700 1278 774 1338 qui
798 1277 899 1335 hoc,
931 1276 1053 1339 quod
1081 1294 1198 1323 nunc
1234 1279 1277 1322 in
1305 1276 1393 1322 s1nu
1429 1293 1573 1334 teneo,

200 1368 223 1388 <c
251 1346 468 1392 sudarium
497 1348 541 1393 in
581 1347 778 1409 sepulcro
806 1348 930 1393 suum
961 1348 1114 1410 super&r
1142 1365 1273 1410 caput
1307 1349 1395 1393 eius
1426 1345 1575 1392 habuit

201 1440 223 1459 (ι
253 1416 455 1480 positum,
480 1419 590 1464 inter
613 1436 692 1465 vos
718 1418 771 1464 de
799 1419 886 1464 hoc
911 1418 1072 1465 eodem
1095 1419 1230 1465 linteo
1262 1417 1575 1465 contendentes

200 1511 223 1531 <c
257 1506 334 1552 per
357 1488 582 1534 flammam
607 1489 770 1535 iudicet
793 1491 918 1553 ignis,
944 1506 990 1535 ut
1012 1490 1165 1549 sciatis,
1185 1492 1253 1535 cui
1278 1491 1388 1553 parti
1418 1489 1576 1535 horum

202 1582 224 1601 <r
253 1559 445 1605 duorum
476 1561 741 1605 exercituum
774 1561 1149 1606 contentiosorum
1178 1561 1264 1606 hoc
1294 1562 1378 1607 tale
1409 1560 1577 1606 donum

202 1653 223 1672 cr
253 1630 509 1676 condonare
535 1630 749 1694 dignetur.
773 1653 795 1671 υ
829 1632 874 1676 Et
898 1632 978 1677 hec
1013 1631 1176 1692 dicens,
1211 1633 1379 1677 sacrum
1398 1632 1580 1678 Domini

199 1703 417 1749 sudarium
451 1705 636 1766 proiecit
661 1705 705 1749 in
736 1702 950 1763 flammas,
985 1703 1108 1765 quod
1140 1696 1265 1749 nullo*
1294 1703 1433 1748 modo
1466 1704 1579 1767 ignis

200 1792 378 1838 tangere
410 1775 566 1837 potuit,
600 1774 672 1820 sed
703 1775 924 1838 integrum
956 1777 1000 1820 ὃς
1032 1776 1254 1820 incolume
1279 1774 1333 1820 de
1353 1792 1465 1838 rogo
1493 1775 1579 1820 sur-

200 1864 322 1909 gens),
348 1844 462 1908 quas1
487 1847 574 1891 avis
599 1844 792 1908 expansis
817 1846 908 1904 alis,
935 1847 1051 1908 cepit
1074 1847 1117 1891 in
1142 1844 1325 1891 sublime
1350 1846 1508 1899 volare,
1536 1848 1580 1891 ὃς

201 1918 398 1978 utrasque
430 1915 675 1961 diffidentes
707 1933 860 1961 contra
891 1916 930 1961 se
963 1916 1121 1978 pofitas
1152 1933 1294 1979 partes
1327 1919 1371 1962 ὃ(
1397 1916 1512 1979 quasl
1537 1918 1579 1962 in

199 1989 427 2051 procinflu
464 1987 563 2033 belli
604 1988 821 2033 consertas
859 1989 972 2033 acics
1009 1987 1062 2033 de
1093 1988 1268 2032 summis
1313 1989 1579 2050 prospiciens

201 2059 321 2117 eluas,
350 2060 393 2105 in
419 2076 558 2105 vacuo
585 2077 681 2104 aere
707 2077 784 2121 per
808 2059 1056 2121 aliquorum
1081 2059 1354 2105 intervallum
1380 2077 1579 2105 momen-

201 2147 345 2176 torum
397 2130 730 2189 circumvolans,
782 2130 968 2193 proinde
1027 2132 1242 2193 paulatim
1300 2130 1580 2189 descendens,

201 2203 300 2247 Deo
351 2200 643 2265 gubernante,
689 2200 745 2246 ad
792 2217 960 2264 partem
1009 2202 1356 2248 Christianorum
1409 2203 1580 2248 interim

201 2273 423 2319 Christum
452 2272 641 2317 iudicem
666 2274 939 2318 exorantium
970 2273 1207 2331 declinans,
1246 2275 1287 2319 in
1312 2291 1466 2319 eorum
1491 2272 1578 2319 finu

201 2343 411 2391 consedit.
454 2345 545 2406 Qi
571 2345 669 2389 Deo
706 2345 877 2407 gratias,
916 2345 1066 2391 levatis
1097 2345 1153 2390 ad
1192 2345 1333 2390 celum
1365 2344 1580 2402 manibus,

249 2465 277 2486 a.
299 2453 348 2486 Al.
369 2452 501 2496 dirupit.
530 2472 570 2476 ——
592 2453 621 2484 b.
649 2453 678 2484 L.
703 2451 852 2493 Μεινῐυε,
934 2454 997 2486 hoc
1018 2454 1107 2498 quod
1139 2466 1224 2486 nuuc
1250 2454 1279 2486 in
1305 2454 1371 2486 sinu
1397 2466 1472 2487 meo
1503 2465 1581 2486 cou-

201 2506 245 2539 αΙ.
271 2507 456 2549 Majuvias,
480 2505 612 2539 Navias.
640 2525 682 2529 —
701 2517 728 2538 c.
752 2506 851 2546 V.,1<.
933 2506 1022 2539 tineo
1037 2506 1245 2538 suduriumin
1264 2507 1466 2551 sepulchrum
1490 2508 1580 2539 suum

203 2561 332 2592 addunt
361 2570 473 2592 coram
508 2558 709 2603 presentibus
744 2559 852 2591 Iudeis
935 2560 1112 2603 superdixit
1138 2560 1275 2601 sacrum,
1293 2560 1462 2602 sedidem
1486 2561 1583 2593 iuxta

203 2612 394 2645 christianis.
426 2633 456 2636 —
480 2612 510 2644 d.
540 2613 570 2644 P.
598 2624 722 2653 12943‚
740 2624 851 2645 corani
935 2612 1015 2645 alios
1033 2615 1120 2645 (Galil.
1140 2615 1228 2646 modo
1249 2612 1351 2656 iaegfi‘u.
1369 2633 1410 2637 »-
1432 2612 1450 2645 f.
1473 2613 1503 2645 L.
1524 2613 1582 2644 im-

206 2666 409 2710 presentibus
443 2664 550 2697 Iudeis
583 2665 782 2698 Christianis.
812 2686 849 2691 -—
937 2666 1038 2710 perio.
1064 2686 1109 2692 —
1129 2678 1160 2710 g.
1183 2667 1215 2698 L.
1237 2666 1288 2699 ad.

207 2732 232 2752 e.
256 2719 347 2751 Hanc
367 2730 479 2752 ‘vocem
498 2718 530 2751 in
550 2721 614 2752 cod.
640 2720 671 2751 L.
687 2719 856 2763 sequitur.-
