2216 3435
536 185 596 231 80
1141 194 1310 229 GEsTA

421 356 497 386 1218
534 361 623 390 tem
642 361 716 390 eos
736 344 946 406 persecuti
972 345 1159 390 fuerunt.
1186 344 1308 390 Multi
1327 361 1431 391 vero
1453 363 1504 391 ex
1521 345 1616 405 illis,
1639 346 1713 409 qui
1731 362 1919 408 pontem

533 433 716 480 propter
753 415 1076 462 multitudinem
1119 414 1288 462 transire
1329 433 1419 462 non
1457 434 1707 479 potuerunt,
1744 419 1787 462 in
1824 418 1917 480 ipso

533 487 667 534 fluvio
696 489 856 533 mortui
881 491 925 533 &
952 486 1153 533 submersi
1189 489 1297 547 sunt,
1325 489 1484 552 Pagani
1501 491 1547 534 &
1566 491 1798 536 Sarraceni.
1826 489 1919 552 Qi

534 578 584 605 ex
615 561 699 606 alia
727 562 875 624 pontis
906 578 1027 623 parte
1059 560 1254 619 aderant,
1293 562 1507 619 timentes,
1549 579 1603 607 ne
1636 577 1822 624 pontem
1845 577 1921 623 per

534 633 622 678 vim
648 632 884 689 transirent,
915 634 1051 678 nimio
1073 649 1234 678 terrore
1255 642 1263 661 ¹
1288 633 1418 678 territi
1442 650 1626 695 pontem
1644 634 1766 679 illum
1782 633 1918 698 frege-

533 722 630 750 runt
654 707 698 750 ὅ(
724 706 765 749 in
792 703 925 750 fluvio
956 703 1187 750 diruerunt.
1232 702 1395 750 Reversi
1435 705 1529 750 sunt
1558 723 1750 768 namque
1774 705 1919 751 Chris-
1939 704 2087 744 P.f.109
2104 704 2141 734 C·

532 777 638 822 tiani
663 776 717 821 ad
745 777 876 822 castra
902 776 1127 822 laudantes
1152 779 1197 821 ὅ(
1223 775 1531 822 benedicentes
1558 778 1818 823 Dominum.

316 859 466 888 Novemb.
483 860 511 888 6.
596 848 647 894 X.
682 849 825 894 Mense
850 866 953 893 vero
972 847 1260 894 Novembris²
1275 849 1486 894 venientis
1506 847 1703 910 quodam
1722 848 1791 894 die
1811 849 1919 894 eius-

532 919 634 965 dem
661 918 814 965 mensis
852 920 1064 982 templarii
1098 920 1267 976 milites,
1290 921 1333 965 in
1360 919 1552 982 quadam
1578 937 1732 966 eorum
1763 937 1873 966 coca
1890 930 1905 960 3

531 991 753 1046 intrantes,
793 990 974 1036 fluvium
1015 990 1188 1036 transire
1219 991 1430 1049 volentes,
1466 1007 1513 1036 ut
1543 990 1852 1038 detrimentum
1876 993 1921 1037 δε

533 1060 780 1125 dampnum
806 1064 983 1126 Paganis
1009 1065 1052 1108 ὃ(
1077 1064 1262 1108 inimicis
1287 1080 1440 1108 eorum
1468 1063 1622 1108 inferre
1644 1062 1831 1125 possent,
1857 1064 1921 1109 su-

530 1132 623 1179 bito
651 1152 805 1181 ventus
830 1135 997 1182 validus
1024 1136 1160 1197 ipsam
1185 1152 1342 1180 coeam
1357 1144 1378 1172 4
1395 1152 1494 1181 ante
1511 1136 1694 1181 civitatis
1718 1137 1922 1181 Damiate

533 1224 681 1251 muros
701 1208 897 1269 proiecit.
923 1208 1031 1269 OAEO
1054 1207 1254 1270 cognito,
1273 1206 1390 1252 illico
1410 1208 1646 1266 Sarraceni,
1672 1224 1773 1252 cum
1789 1207 1922 1271 galeis

533 1279 578 1322 ὅ(
591 1275 759 1323 barchis
775 1295 1005 1335 currentes,
1027 1278 1122 1323 illos
1138 1277 1331 1340 undique
1356 1278 1741 1324 circumdederunt
1759 1281 1803 1324 ὅ(
1821 1297 1922 1325 cum

534 1350 592 1394 eis
628 1350 870 1414 graviffime
896 1367 1215 1414 pugnaverunt.
1248 1349 1479 1396 Christiani
1505 1366 1652 1396 autem
1681 1353 1858 1415 egregie
1881 1351 1923 1396 se

535 1419 821 1467 defendentes
847 1422 1008 1466 multos
1037 1439 1088 1467 ex
1115 1422 1172 1466 eis
1203 1422 1524 1468 interfecerunt.
1558 1421 1641 1468 Sed
1667 1439 1768 1468 cum
1793 1422 1922 1469 vidis-

536 1492 640 1550 sent,
682 1492 805 1554 quod
838 1492 923 1539 defi
950 1492 1150 1539 manibus
1175 1511 1330 1538 eorum
1368 1493 1552 1539 evadere
1577 1511 1667 1540 non
1686 1494 1702 1523 ⁶
1733 1493 1923 1557 possent,

536 1567 714 1626 pa6³tum
747 1565 979 1610 Christiani
1000 1583 1025 1609 a
1049 1566 1290 1611 Sarracenis
1316 1566 1545 1627 petierunt.
1577 1567 1800 1612 Sarraceni
1818 1584 1922 1613 vero

536 1636 697 1681 interea
722 1653 900 1681 centum
926 1635 980 1681 de
999 1635 1238 1681 maioribus
1257 1639 1302 1682 ὅ(
1322 1636 1590 1695 melioribus,
1617 1639 1690 1700 qui
1710 1637 1768 1684 ibi
1786 1654 1923 1694 erant,

536 1707 577 1751 in
601 1707 948 1753 Christianorum
973 1724 1081 1752 coca
1107 1707 1405 1754 ascenderunt.
1431 1708 1643 1755 Videntes
1669 1709 1755 1754 hoc
1779 1709 1923 1755 Chris-

537 1780 640 1824 tiani
667 1779 837 1837 milites,
864 1778 990 1824 valde
1015 1779 1111 1825 sunt
1136 1778 1308 1837 turbati,
1333 1797 1632 1826 verumtamen
1660 1781 1755 1826 sunt
1778 1798 1923 1827 recor-

536 1848 625 1895 dati
663 1849 781 1896 verbi
817 1852 1018 1897 Santonis
1055 1850 1272 1897 dicentes:
1318 1854 1466 1898 Omnes
1502 1855 1656 1915 infimul
1693 1858 1924 1911 moriamur,

536 1927 734 1967 moriatur
750 1926 920 1985 sanson,
933 1924 972 1967 ὃ»
987 1928 1208 1968 moriantur
1221 1942 1354 1968 omnes
1377 1928 1536 1969 inimici
1553 1929 1662 1970 eius!
1675 1925 1770 1984 (Cf.
1789 1924 1924 1985 ludd.,

537 2006 638 2051 XVI,
667 2008 740 2039 20.
761 1996 779 2053 )
811 1994 854 2039 Et
880 1995 1021 2038 statim
1046 2011 1203 2039 coeam
1221 2004 1236 2031 7
1253 1996 1430 2040 inferius
1453 1995 1687 2059 fregerunt,
1716 1998 1761 2042 ὃς
1784 1998 1923 2043 Sarra—

537 2066 634 2109 ceni
672 2081 842 2123 omnes,
890 2066 963 2127 qui
995 2067 1039 2110 in
1076 2083 1125 2110 ea
1162 2083 1298 2125 erant,
1343 2068 1385 2111 in
1425 2085 1539 2129 aqua
1578 2069 1674 2113 sunt
1709 2065 1921 2113 submersi.

539 2135 773 2181 Christiani
798 2154 922 2190 vern,
943 2138 958 2165 3
988 2138 1031 2181 in
1066 2137 1259 2199 quadam
1289 2138 1414 2201 galea
1437 2141 1481 2184 ὃς
1510 2137 1638 2185 barca
1663 2141 1922 2186 Sarraceno-

539 2225 634 2252 rum
668 2208 890 2265 intrantes,
930 2207 1113 2255 fluvium
1140 2210 1324 2255 Domini
1356 2210 1512 2256 virtute
1547 2210 1812 2257 transierunt.
1845 2211 1923 2256 Vi-
1945 2224 1991 2253 M.
2009 2223 2027 2252 f.
2045 2223 2085 2252 62
2100 2223 2135 2251 c.

539 2278 645 2324 dens
692 2296 840 2324 autem
887 2278 1106 2336 soldanus,
1161 2280 1284 2342 quod
1334 2282 1553 2327 Dominus
1597 2283 1739 2328 noster
1788 2282 1924 2328 lhesus

539 2350 766 2397 crucifixus
794 2368 898 2396 tunc
933 2369 1014 2415 pro
1046 2352 1302 2399 Christianis
1326 2354 1554 2417 pugnavit,
1594 2355 1732 2400 nimio
1764 2371 1925 2400 terrore

594 2537 606 2556 1
637 2526 670 2558 P.
685 2537 744 2557 om.
766 2544 809 2549 —
835 2538 852 2556 2
872 2525 906 2557 P.
929 2524 1125 2557 Novembri.
1149 2544 1191 2548 —
1210 2536 1225 2565 3
1250 2525 1281 2557 P.
1302 2535 1407 2556 conca
1425 2531 1461 2556 ut
1477 2523 1628 2567 inferius.
1645 2544 1683 2549 —
1713 2538 1733 2564 4
1759 2526 1792 2558 P.
1814 2525 1924 2571 suppl.

540 2577 672 2610 scilicet.
707 2598 749 2602 —
784 2591 799 2621 5
820 2579 853 2610 P.
874 2590 902 2610 a.
928 2598 973 2601 —
994 2581 1012 2610 6
1034 2579 1082 2611 JW.
1102 2590 1162 2610 om.
1186 2589 1262 2610 non.
1283 2597 1329 2600 —-
1349 2589 1365 2616 7
1386 2578 1436 2610 M.
1456 2576 1515 2620 leg.
1553 2579 1598 2610 Et
1620 2577 1725 2610 statim
1744 2578 1926 2620 Sarraceni,

542 2631 598 2675 qui
617 2631 648 2663 in
667 2642 745 2663 cora
765 2631 916 2672 aderant,
945 2643 1061 2664 omnes
1088 2631 1222 2664 inferius
1244 2643 1315 2663 eam
1335 2630 1515 2675 fregerunt.
1544 2651 1589 2654 ——
1620 2635 1637 2663 8
1668 2631 1721 2664 M.
1753 2633 1836 2664 add.
1869 2631 1925 2676 qui

541 2684 572 2717 in
592 2684 680 2718 diffla
700 2694 803 2718 erant.
