2216 3435
631 186 716 233 166
958 200 1104 233 LIBER
1130 200 1332 234 DUELLn
1358 200 1670 234 CHRISTIANI.

525 363 601 393 1219
622 360 728 389 tates
755 343 835 388 alie
872 343 965 388 sunt
994 346 1133 389 erecffe
1159 344 1282 405 supra
1314 361 1487 388 murum
1511 344 1573 389 his
1602 346 1804 406 minores,
1843 347 1998 394 scilicet

620 416 729 460 intra
754 414 874 460 binas
898 416 943 459 ὃς
968 414 1089 461 binas
1113 415 1193 460 alie
1225 414 1324 460 bine
1349 417 1393 460 ὅ(
1422 414 1539 474 bine,
1580 434 1765 478 quarum
1798 421 1998 465 omnium

621 485 789 532 summa
812 487 870 533 est
894 488 1123 551 octoginta
1148 487 1323 549 septem.

1077 634 1142 675 ‘De
1166 636 1290 689 castro
1317 633 1477 695 Tenenfi
1480 651 1555 677 um.

471 781 550 809 Nov-
571 789 597 819 5·
685 771 779 818 Idus
800 771 1061 819 Novembris
1080 788 1209 835 capta
1227 773 1414 833 civitate,
1434 774 1663 821 Christiani
1685 777 1999 839 navigaverunt

618 843 673 890 ad
694 843 966 891 fortiffimum
989 844 1169 890 castrum
1188 844 1463 904 Tenensium,
1489 846 1700 908 quodque
1719 849 1999 894 immunitum

453 929 530 957 Nov.
549 938 597 967 23.
617 917 899 972 invenientes,
926 917 1192 962 intraverunt
1215 918 1326 962 acin
1354 917 1457 962 festo
1483 918 1626 963 Santsti
1645 918 1886 964 Clementis
1912 936 1998 965 tur-

617 1005 679 1033 res
715 988 977 1033 munierunt.
1017 989 1173 1050 Sicque
1205 989 1325 1034 nullo
1363 1006 1516 1035 eorum
1551 991 1711 1049 occiso,
1747 992 2000 1037 Damiatam

616 1058 842 1105 redierunt.
868 1059 1108 1105 Thesaurus
1133 1077 1279 1106 autem
1298 1060 1488 1107 infinitus
1513 1063 1557 1107 ὃς
1582 1061 1667 1107 fine
1692 1080 1874 1108 numero
1898 1080 1998 1108 cum

617 1129 721 1176 esset
754 1131 799 1175 in
836 1131 949 1189 villa,
985 1133 1217 1194 principeS,
1254 1130 1357 1177 sicut
1396 1133 1698 1195 promiserant,
1738 1151 1838 1179 eum
1880 1152 1997 1180 exer-

617 1202 719 1247 citui
754 1200 946 1248 dividere
978 1202 1198 1249 nolebant.
1236 1203 1366 1250 Unde
1394 1204 1596 1266 populus,
1636 1221 1901 1265 commotus,
1942 1205 1998 1251 acl

616 1290 737 1318 arma
762 1275 947 1319 cucurrit
970 1275 1118 1321 volens
1144 1275 1338 1340 legatum
1362 1275 1614 1322 interficere.
1646 1277 1754 1339 Quo
1780 1275 1928 1322 sedato
1953 1279 1998 1322 ὅ(

615 1363 640 1390 a
659 1346 844 1391 tumultu
868 1344 1071 1405 cessante,
1096 1346 1270 1393 cuilibet
1286 1348 1437 1393 iustam
1457 1349 1708 1410 portionem
1726 1348 1766 1394 se
1781 1346 1997 1406 daturum,

615 1416 822 1480 promisit.
863 1418 1003 1481 Qod
1043 1436 1188 1465 tamen
1220 1419 1371 1465 iniuste
1396 1420 1618 1482 persecuti,
1658 1420 1778 1466 nullo
1805 1420 1999 1466 nostrum

519 1509 596 1529 1220
614 1488 688 1534 nisi
722 1489 790 1535 sex
817 1487 1040 1536 bizancios
1076 1493 1330 1554 accipiente.
1364 1492 1581 1537 Veniente
1618 1509 1764 1537 autem
1789 1490 1858 1537 die
1886 1492 1996 1536 Puri-

466 1575 549 1604 Febr.
567 1585 595 1604 2.
614 1560 829 1607 ficationis
862 1563 989 1609 Beate
1021 1564 1169 1623 Marie,
1206 1564 1318 1609 fac'ta
1355 1564 1412 1608 est
1448 1580 1611 1626 magna
1637 1563 1918 1626 solempnitas
1952 1565 1998 1609 in

614 1633 800 1680 civitate.
842 1636 1029 1694 Intravit,
1056 1637 1129 1697 qui
1165 1635 1318 1691 voluit,
1359 1636 1417 1692 &,
1459 1633 1676 1680 celebrata
1713 1633 1836 1680 miffa
1862 1653 1888 1681 a
1915 1635 1996 1681 clo-

614 1705 736 1749 mino
772 1705 920 1769 legato
957 1708 1000 1752 in
1034 1708 1215 1751 nomine
1249 1707 1434 1752 Domini
1460 1706 1593 1751 nostri
1621 1706 1735 1752 lhesu
1772 1706 1930 1752 Christi
1954 1709 1999 1753 ὃς

612 1777 739 1822 Beate
763 1778 895 1823 Marie
916 1780 1108 1843 virginis,
1139 1778 1276 1824 voluit
1299 1776 1506 1823 dominus
1530 1778 1700 1842 legatus
1725 1779 1770 1823 ὃς
1788 1780 1997 1842 precepit,

613 1847 736 1910 quod
764 1848 885 1895 locus
911 1849 995 1908 ille,
1028 1851 1100 1913 qui
1131 1850 1246 1912 prius
1275 1848 1515 1896 vocabatur
1552 1850 1702 1896 fanum
1728 1850 1995 1910 Machomet,

613 1918 667 1965 de
686 1938 829 1966 cetero
850 1922 1139 1984 appellaretur
1158 1920 1334 1967 ecclesia
1353 1923 1479 1967 Beate
1499 1922 1646 1979 Marie,
1669 1923 1846 1986 virginis
1866 1941 1998 1986 gene-

613 1993 724 2038 tricis
751 1993 835 2038 Dei
864 1995 908 2038 ὃ(
939 1994 1125 2039 Domini
1156 1994 1286 2038 nostri
1320 1992 1432 2038 Ihesu
1458 1994 1630 2052 Christi,
1672 1996 1742 2040 cui
1770 1995 1828 2040 est
1854 1994 1999 2041 honor

613 2066 657 2108 ἃ
681 2064 822 2127 gloria
842 2066 886 2110 in
912 2066 1052 2111 secula
1082 2065 1342 2111 seculorum!
1387 2067 1542 2111 Amen.

1215 2137 1402 2199 Explicit.
