2216 3435
571 203 599 248 s)
609 201 633 231 2
1159 200 1327 233 GESTA

1818 284 1936 291 .—....

475 369 552 397 1219
572 362 693 389 mum
725 345 818 389 sunt
849 345 1051 390 mirati&
1076 344 1201 391 valde
1222 354 1231 374 ¹
1263 347 1484 408 perterriti.
1527 349 1784 409 Credentes,
1827 351 1870 396 in
1895 369 1949 398 eo
1969 367 2005 398 Ρ.
2021 365 2040 397 f.
2060 376 2113 398 111
2132 366 2172 397 D.

570 433 726 462 arcana
768 416 850 461 Dei
881 416 1225 462 Christianorum
1266 417 1372 477 fore,
1413 436 1463 464 ex
1492 419 1601 466 illius
1626 422 1782 468 timore
1807 423 1951 469 versus

571 487 836 533 Christianos
873 489 1229 550 appropinquare
1255 488 1340 534 ausi
1366 507 1457 536 non
1479 491 1662 551 fuerunt,
1703 492 1776 539 sed
1806 512 1952 540 amare

572 559 704 620 usque
740 558 795 604 ad
820 559 973 604 horam
1003 577 1119 604 none
1151 560 1361 607 steterunt.
1396 562 1626 609 Christiani
1651 583 1754 611 vero
1781 565 1867 611 hoc
1891 567 1952 613 vi-

572 630 736 688 dentes,
775 632 938 693 ingenti
964 632 1128 694 gaudio
1163 632 1363 679 &letitia
1402 635 1496 679 sunt
1530 636 1735 698 repleti32
1764 636 1977 696 libentis-2

572 704 672 750 lime
699 705 839 751 versus
859 706 1060 750 inimicos
1082 705 1262 765 ivissent,
1290 706 1379 767 nisi,
1415 710 1516 770 quia
1540 712 1776 773 temptoria
1801 729 1954 759 eorum

571 794 750 842 propter
779 778 1114 823 sarracenorum
1150 794 1333 836 metum,
1377 782 1451 842 qui
1487 781 1532 826 in
1563 783 1734 828 civitate
1759 782 1954 843 aderant,

572 868 596 895 a
627 849 767 894 castris
805 847 1004 894 recedere
1033 851 1077 894 δε
1112 850 1354 912 relinquere
1378 860 1392 889 3
1422 869 1512 898 non
1544 852 1778 913 audebant,
1816 858 1861 902 ὅς
1898 855 1955 900 ita

573 938 755 982 utraque
779 938 876 983 pars
901 919 956 966 ad
983 922 1053 965 sua
1077 922 1210 967 castra
1230 921 1368 968 rediit.

639 992 807 1038 XXVII.
840 993 946 1055 OAEO
981 993 1110 1052 facffi,
1147 993 1378 1039 Christiani
1406 995 1545 1041 statim
1570 1013 1717 1060 gattos
1742 1000 1787 1043 ὃς
1812 997 1955 1044 trabu-

573 1065 677 1110 chos
703 1066 747 1109 ὃς
776 1065 1017 1126 petrarias4
1042 1067 1086 1110 ὃς
1117 1065 1248 1110 castra
1272 1065 1494 1129 lignorum
1521 1069 1566 1113 ὃς
1595 1069 1676 1115 alia
1709 1071 1956 1116 innumera-

574 1135 675 1181 bilia
693 1134 1048 1180 machinamenta
1066 1144 1080 1174 5
1099 1135 1190 1182 fieri
1214 1136 1407 1183 fecerunt
1425 1155 1505 1200 pro
1531 1140 1703 1187 civitate
1725 1140 1953 1205 capienda.

576 1212 679 1254 {tem
696 1209 712 1237 ⁶
731 1207 962 1254 Christiani
981 1226 1190 1272 ceperunt
1208 1209 1423 1257 suffodere
1443 1228 1615 1272 terram,
1641 1230 1856 1276 putantes,
1883 1213 1957 1259 tali

575 1279 714 1325 modo
740 1278 933 1325 incidere
957 1297 1089 1326 turres
1116 1282 1296 1327 civitatis
1317 1284 1362 1327 ὃς
1386 1300 1542 1345 capere
1567 1300 1737 1343 terram,
1766 1284 1839 1331 sed
1859 1286 1959 1347 quia

577 1349 780 1395 foffatum
804 1351 985 1396 civitatis
1023 1368 1112 1396 erat
1136 1352 1316 1414 plenum
1341 1371 1468 1415 aqua,
1509 1355 1552 1400 in
1577 1371 1746 1402 tantum
1771 1356 1957 1402 destilla-

574 1421 663 1480 bat,
702 1421 823 1483 quod
862 1423 1044 1467 sumersa
1086 1423 1143 1468 est
1180 1424 1283 1470 fova
1315 1425 1674 1487 Christianorum,
1706 1430 1751 1473 ὃς
1785 1427 1958 1474 Γεάεῑόῖε

576 1495 671 1539 sunt
694 1492 749 1538 ad
776 1494 957 1539 nihilum
984 1495 1182 1556 expense,
1209 1513 1293 1558 que
1318 1497 1430 1542 facie
1449 1516 1572 1544 erant
1590 1497 1664 1557 ibi,
1684 1501 1729 1544 &
1748 1499 1958 1558 videntes,

577 1564 699 1627 quod
723 1565 827 1610 nihil
848 1564 1069 1627 prodesset
1085 1575 1101 1602 7
1130 1568 1187 1612 eis
1213 1584 1319 1613 cava
1343 1567 1427 1627 illa,
1461 1570 1788 1616 construxerunt
1813 1587 1958 1634 gattos

578 1655 658 1700 pro
688 1638 803 1683 dieta
828 1639 998 1683 civitate
1023 1637 1250 1701 capienda.
1281 1640 1407 1685 Tunc
1441 1642 1559 1687 venit
1583 1642 1791 1705 caliphuS,
1810 1643 1826 1671 8
1844 1659 1960 1705 papa

577 1712 928 1765 sarracenorum,
955 1727 1056 1754 cum
1090 1726 1209 1755 tanta
1234 1710 1524 1770 multitudine,
1564 1712 1687 1775 quod
1712 1730 1804 1758 non
1829 1713 1960 1760 habe-

578 1782 684 1828 bant
710 1799 954 1839 numerum,
991 1783 1035 1826 δε
1060 1782 1160 1827 fecit
1184 1799 1393 1845 magnam
1421 1782 1740 1848 indulgentiam
1764 1785 1859 1844 illis,
1887 1786 1962 1847 qui

579 1873 678 1901 cum
705 1872 758 1900 eo
786 1870 991 1901 venerant
1015 1853 1070 1898 ad
1095 1855 1329 1899 exercitum
1354 1871 1522 1901 eorum.

428 1939 560 1976 Iun-23·
644 1927 833 1974 XXVIII.
868 1930 910 1971 In
940 1927 1087 1990 vigilia
1123 1927 1266 1972 Sancli
1301 1927 1501 1972 Iohannis
1535 1928 1716 1991 Baptiste
1747 1928 1844 1990 post
1872 1929 1961 1975 ves-

579 2017 703 2062 peras
734 2015 945 2044 venerunt
984 1999 1069 2044 fere
1098 2017 1126 2045 v
1163 1998 1298 2043 millia
1337 2000 1559 2045 Sarraceni
1601 2000 1715 2045 circa
1757 1998 1963 2045 fossatum

580 2071 941 2129 Christianorum,
974 2069 1089 2115 unde
1115 2069 1319 2116 dominus
1346 2074 1526 2116 loannes
1551 2070 1605 2116 de
1629 2071 1734 2116 Affis
1761 2088 1862 2116 curn
1881 2072 1962 2118 suis

580 2142 787 2188 militibus
819 2144 1020 2206 percuffit
1049 2143 1160 2188 inter
1196 2142 1291 2187 illos
1323 2144 1368 2187 &
1393 2159 1443 2188 ex
1473 2143 1531 2188 eis
1562 2143 1776 2188 interfecit
1800 2142 1962 2188 multos

581 2218 626 2261 &
647 2214 772 2260 rediit
796 2232 897 2260 cum
921 2214 1113 2261 vidioria.

431 2301 497 2330 Iun.
514 2307 563 2337 24-
648 2287 799 2333 XXIX.
822 2290 865 2332 In
887 2286 990 2332 festo
1013 2285 1193 2348 quidem
1211 2287 1327 2331 Beati
1346 2286 1547 2331 Iohannis
1565 2285 1747 2348 Baptiste
1769 2286 1962 2348 precepit

584 2358 788 2405 dominus
816 2359 997 2422 legatus,
1027 2374 1072 2404 ut
1097 2375 1250 2403 omnes
1275 2358 1564 2421 penitentiam
1588 2366 1799 2420 agerent9
1827 2358 1873 2402 ὃς
1891 2358 1960 2402 tri·
1978 2376 2057 2406 Mur.
2074 2387 2101 2416 p.
2120 2383 2207 2414 1094.

584 2429 779 2475 duanum
794 2430 984 2477 facerent
1000 2431 1209 2476 ieiunium
1222 2432 1267 2476 &
1279 2429 1531 2475 discalciatis
1546 2427 1729 2491 pedibus
1742 2428 1797 2474 ad
1814 2446 1961 2475 veram

636 2593 648 2612 1
675 2581 722 2612 M.
737 2581 817 2611 add.
842 2579 923 2611 sunt.
949 2600 993 2602 —
1019 2592 1036 2612 2
1059 2581 1090 2611 P.
1103 2579 1221 2623 gavisi.
1242 2600 1287 2603 -
1310 2591 1324 2620 3
1346 2580 1378 2612 P.
1398 2591 1454 2612 om.
1473 2579 1503 2611 ἃ
1521 2579 1634 2623 relinq.
1656 2599 1699 2603 —
1721 2592 1741 2617 4
1759 2580 1792 2612 P.
1805 2578 1959 2612 redarias.

585 2654 628 2658 —-
652 2647 666 2677 5
692 2635 743 2666 M.
768 2633 929 2665 machina.
962 2653 1002 2657 —-
1036 2637 1053 2665 6
1086 2635 1117 2666 P.
1137 2640 1233 2666 totum
1253 2633 1336 2665 hunc
1361 2633 1485 2676 pcgffum
1515 2634 1558 2666 ab
1579 2635 1664 2665 Item
1695 2632 1792 2677 usque
1812 2634 1850 2665 In
1879 2633 1961 2665 festo

586 2687 719 2732 quidem
750 2688 785 2720 B.
807 2687 876 2719 Ioh.
900 2688 998 2730 Bapt.
1019 2699 1077 2720 om.
1106 2706 1147 2710 —
1170 2698 1186 2726 7
1207 2688 1255 2719 M.
1279 2687 1444 2730 proderet.
1468 2708 1513 2711 —
1533 2691 1549 2719 8
1570 2688 1619 2721 M.
1641 2686 1786 2734 Callpus.
1805 2707 1850 2711 ——
1873 2698 1892 2730 9
1911 2687 1960 2720 ΛΜ.

585 2741 693 2775 omnis
713 2740 873 2774 exercitus
891 2741 1053 2789 acciperet
1073 2740 1321 2787 poeniteutiam.
