2216 3435
329 665 493 705 Golgotha.

329 1233 434 1263 Moria.

338 2244 365 2273 S.
391 2244 479 2274 Crux.

338 2532 420 2562 Sion.

607 123 670 186 (›4
1140 136 1454 168 THEonoans

605 283 774 328 Christi.
803 282 846 327 Et
862 283 951 344 ipsa
965 299 1067 327 crux
1082 281 1209 327 eilde
1223 299 1327 326 auro
1345 285 1389 327 ὅ(
1403 283 1589 344 gemmis
1605 298 1771 340 ornata,
1787 283 1830 326 ὃ(
1845 281 1987 326 celum

607 354 788 417 desuper
813 372 1006 413 aureum,
1028 357 1071 400 ὅ(
1093 353 1254 399 deforis
1275 352 1404 399 habet
1427 353 1680 398 cancellum.
1720 352 1776 398 lbi
1801 354 1858 399 est
1884 353 1988 399 illud

606 425 863 483 missorium,
905 424 975 470 ubi
1016 442 1238 488 portatum
1286 425 1363 469 fuit
1396 441 1527 486 caput
1570 425 1768 469 Iohannis
1807 426 1988 488 Baptiste

607 515 706 543 ante
728 497 955 543 Herodem
978 515 1137 560 regem.
1178 497 1220 541 Et
1243 495 1298 542 ibi
1325 496 1382 541 est
1402 514 1538 541 cornu
1560 496 1678 554 illud,
1702 496 1816 542 unde
1838 498 1989 541 melus

607 571 664 616 est
689 568 846 616 David.
886 569 929 614 Et
955 568 1009 614 ibi
1039 569 1269 631 plasmatus
1295 569 1352 613 est
1377 569 1534 615 Adam.

675 643 741 688 1V.
781 642 925 686 Postea
952 642 1080 686 intras
1108 642 1147 684 in
1175 638 1407 698 basilicam,
1441 643 1482 686 in
1520 645 1785 703 Golgotliam,
1823 639 1896 685 ubi
1928 641 1990 684 in-

608 732 733 760 vente
761 715 854 760 sunt
880 731 960 760 tres
986 731 1132 759 cruces
1157 712 1422 759 abscondite.
1452 713 1580 769 (Sunt
1601 730 1763 773 tamen,
1786 713 1859 774 qui
1880 710 1991 756 affir-

608 803 744 844 mant,
771 802 939 849 pai-tem
965 804 1163 843 omnem,
1196 803 1279 847 que
1295 802 1452 847 corpus
1483 787 1666 830 Domini
1693 786 1878 848 contigit
1916 802 1992 830 nu-

608 856 715 902 dum
739 859 783 902 <Sc
804 858 1011 921 sanguine
1037 859 1150 903 eius‘l
1178 858 1307 902 tincla
1328 857 1420 915 fuit,
1442 854 1495 901 ab
1517 859 1640 902 omni
1659 856 1855 902 humano
1878 859 1992 901 [athi

608 946 738 991 atque
771 930 1007 992 conspeclu
1047 928 1185 974 statim
1211 930 1254 972 in
1281 928 1423 973 celum
1448 944 1616 990 raptam
1650 926 1772 973 fuisse
1809 944 1994 989 eamque

609 1000 791 1047 demum
815 1002 858 1046 in
877 1000 1039 1046 iudicio
1060 1001 1369 1062 apparituram.
1407 999 1451 1044 Et
1479 1017 1599 1059 nota,
1619 999 1741 1062 quod
1770 999 1995 1045 Ierusalem

611 1071 967 1133 vallis’jnvifionis
988 1070 1183 1117 dicitius>
1213 1072 1349 1117 Locus
1373 1071 1595 1116 Ierusalem
1616 1070 1671 1116 ab
1699 1071 1798 1116 lsaia
1816 1086 1998 1133 propter

611 1146 898 1190 eminentiam
919 1145 1153 1201 montium,
1176 1144 1219 1187 in
1243 1160 1431 1204 quorum
1447 1142 1619 1187 summo
1641 1142 1698 1187 est
1716 1141 1998 1200 monticulus,

611 1218 770 1262 moria
807 1216 960 1275 diffsus,
998 1217 1039 1261 in
1079 1232 1165 1277 quo
1206 1214 1429 1260 Abraham
1467 1214 1712 1259 immolavit
1747 1213 1887 1258 Isaac:
1924 1212 1998 1258 ubi

612 1287 729 1333 Iudei
756 1288 933 1334 tradunt
958 1288 1055 1351 post
1083 1288 1298 1350 templum
1325 1287 1488 1332 sanstum
1514 1288 1557 1330 ὃς
1581 1286 1726 1344 altare,
1758 1287 1799 1331 in
1837 1302 1926 1347 quo
1953 1286 1999 1329 ἅ

611 1359 834 1406 Abraham
857 1361 958 1406 fecit
978 1360 1108 1406 altare
1124 1362 1167 1405 ὃ(
1188 1358 1333 1405 David
1354 1358 1460 1404 vidit
1480 1358 1688 1421 angelum
1707 1373 2000 1420 reponentem

610 1432 808 1496 gladium
832 1434 874 1477 in
901 1443 1023 1478 areas
1050 1450 1188 1477 ornan
1213 1431 1387 1489 lebusei,
1412 1430 1466 1476 de
1493 1448 1582 1493 quo
1609 1430 1715 1477 dixit
1741 1430 1887 1475 lsaias:
1912 1431 2001 1473 Erit

610 1524 721 1550 mons
742 1511 779 1551 in
798 1510 942 1550 vertice
961 1510 1166 1561 montium,
1189 1507 1241 1549 ad
1256 1524 1339 1548 eum
1355 1501 1507 1564 fluuntd
1530 1522 1662 1550 omnes
1681 1520 1828 1565 gentes.
1857 1503 2001 1546 Omnis

611 1582 714 1623 enim
728 1580 844 1639 sec‘la
863 1579 1051 1638 templum
1074 1580 1226 1621 adorat.
1269 1574 1326 1620 Ibi
1353 1593 1532 1638 quoque
1554 1574 1662 1621 vidit
1680 1571 1806 1620 Iacob
1825 1572 2001 1629 scalam,

611 1647 728 1695 unde
752 1648 898 1694 Bethel
924 1647 1113 1709 dicitur.)

677 1721 722 1765 Et
741 1721 798 1766 est
818 1719 873 1765 ibi
895 1720 1026 1765 altare
1043 1718 1095 1764 de
1120 1737 1224 1764 auro
1244 1721 1287 1764 ὃ(
1307 1736 1504 1782 argento.
1544 1719 1588 1764 Et
1614 1717 1743 1764 habet
1771 1717 2002 1762 columnas

614 1810 775 1839 novem
801 1808 964 1849 aureas,
992 1808 1075 1852 que
1100 1791 1301 1836 sustinent
1327 1790 1431 1836 illud
1456 1792 1600 1836 altare.
1639 1790 1683 1835 Et
1703 1790 1760 1835 est
1785 1790 1827 1834 in
1855 1785 2004 1833 media

614 1862 783 1909 bafilica
800 1864 966 1923 lancea,
988 1862 1103 1909 unde
1123 1861 1342 1926 percussus
1360 1864 1438 1908 fuit
1452 1863 1673 1908 Dominus
1690 1861 1795 1907 Iesus
1811 1860 2004 1906 Christus

614 1937 657 1980 in
690 1935 799 1981 latus
839 1936 972 1981 suum.
1011 1936 1055 1981 Et
1090 1934 1144 1981 de
1169 1935 1260 1997 ipsa
1295 1936 1447 1980 lancea
1483 1935 1596 1980 fae‘ta
1629 1934 1686 1979 est
1723 1950 1841 1989 crux,
1877 1933 1922 1976 &
1950 1928 2005 1975 fic

615 2007 729 2053 lucet
754 2024 831 2070 per
858 2010 1038 2053 noelem
1062 2005 1165 2052 sicut
1190 2005 1252 2051 sol
1275 2022 1352 2068 per
1379 2004 1508 2051 diem.

680 2081 749 2125 De
779 2079 982 2125 Calvarie
1018 2078 1122 2124 loco
1157 2077 1290 2139 usque
1330 2078 1374 2121 in
1409 2075 1690 2140 Golgotham
1723 2071 1869 2136 passus
1908 2072 2004 2118 sunt

618 2168 805 2197 numero
832 2165 914 2210 XV,
939 2149 1013 2196 ubi
1040 2166 1143 2195 crux
1167 2149 1353 2194 Domini
1376 2150 1555 2194 inventa
1582 2147 1652 2193 est.

682 2223 736 2268 V.
774 2226 951 2267 Inventio
965 2224 1108 2283 sancqe
1133 2224 1273 2266 crucis.
1314 2218 1512 2282 Qando
1537 2219 1716 2264 inventa
1741 2216 1800 2262 est
1834 2215 1889 2262 ab
1916 2216 2004 2261 He-

616 2294 729 2351 lena,
754 2310 892 2339 matre
916 2293 1211 2350 Constantini,
1238 2292 1322 2350 xvij
1348 2290 1429 2336 kal.
1457 2287 1691 2346 odiobrisf
1733 2305 1810 2350 per
1840 2288 2007 2350 septem

619 2366 708 2411 dies
738 2367 777 2411 in
808 2365 1077 2410 Hierusalem
1102 2363 1156 2409 ad
1187 2364 1380 2408 sancium
1406 2361 1648 2424 sepulcrum
1673 2360 1859 2405 Domini
1883 2357 2006 2404 misse

620 2438 906 2496 celebrantur,
934 2439 977 2482 ὃς
1001 2437 1093 2498 ipsa
1119 2453 1219 2482 crux
1245 2432 1494 2479 ostenditur.

682 2512 752 2555 Vl.
792 2511 858 2554 De
879 2508 1111 2571 Golgotha
1127 2509 1259 2570 usque
1278 2505 1527 2567 adscmc‘lam
1548 2507 1662 2561 Sion,
1687 2521 1771 2566 que
1792 2502 1850 2548 est
1869 2516 2006 2547 mater

618 2583 820 2627 omnium
845 2579 1132 2640 ecclefiarum,
1155 2577 1298 2642 paffus
1317 2594 1501 2623 numero
1528 2592 1577 2620 cc
1599 2598 1606 2621 :
1635 2592 1769 2637 quam
1787 2575 2005 2620 Dominus

666 2709 694 2729 a.
718 2698 752 2729 L.
775 2696 822 2728 &z
846 2694 979 2738 ubique.
1001 2714 1041 2718 ——
1071 2695 1100 2725 b.
1122 2695 1204 2726 Lov.
1227 2711 1267 2716 —-
1317 2707 1339 2719 s
1357 2698 1482 2723 contra.
1508 2708 1549 2712 —-
1578 2700 1603 2721 e.
1621 2687 1736 2721 Omitto
1758 2689 1797 2721 δι.

620 2761 646 2782 c.
690 2751 774 2782 Lov.
808 2748 919 2782 archa.
961 2767 1000 2772 -ω
1047 2747 1078 2779 d.
1121 2748 1181 2779 Sed
1209 2745 1270 2788 mff.
