2216 3435
608 208 693 269 198
1154 215 1411 249 ARCULFUS

600 367 808 412 comitatu
835 366 1038 427 emigrat:
1076 364 1174 425 qui,
1197 362 1292 425 post
1319 362 1453 407 multa
1479 364 1524 407 ὃς
1549 360 1713 409 diversa
1740 360 1841 406 belli
1874 361 1981 422 peri-

600 444 696 490 cula
722 445 916 505 interque
941 441 1103 486 misella
1130 441 1419 502 plurimorum
1445 439 1579 484 millia
1597 438 1986 495 homunculorum,

599 533 684 578 que
721 515 962 561 constrata⁴¹
987 513 1284 575 disperierant,
1322 512 1412 574 ipse
1450 513 1492 557 in
1531 510 1689 556 eodem
1727 511 1801 555 suo
1834 508 1983 554 sedens

599 587 758 633 dileelo
784 603 900 648 equo
931 584 985 630 ab
1012 582 1215 629 omnibus
1247 583 1406 628 infestis
1434 582 1594 628 casibus
1621 584 1737 627 iuxta
1763 597 1979 626 memora-

603 675 693 704 tam
718 659 850 704 talem
875 672 1067 702 exemtus
1093 653 1547 712 commendationem,
1584 652 1822 698 christicole
1842 654 1982 697 Geor-

597 732 674 793 gio
705 732 804 775 Deo
839 727 1139 782 condonante,
1173 725 1229 772 ad
1254 726 1472 788 Dispolim
1509 725 1714 787 prospere
1746 724 1982 780 revertitur,

597 801 805 863 illamque
822 800 1022 855 domum,
1042 800 1085 843 in
1107 815 1193 859 qua
1209 796 1401 843 eiusdem
1427 798 1557 843 sanff‘ti
1579 793 1832 841 confessoris
1852 792 1986 840 habe-

596 871 721 918 batur
746 874 911 935 imago>
938 871 1082 916 secum
1107 869 1304 915 deferens
1331 869 1485 914 aurum
1510 869 1551 913 in
1577 868 1677 929 equi
1695 867 1884 929 pretium
1908 866 1983 925 sui,

597 943 838 1007 gaudenter
856 945 999 1000 intrat,
1024 942 1308 1003 [andiumque
1321 941 1586 1003 Georgium,
1608 956 1659 984 ac
1677 937 1704 982 s1
1726 938 1986 1001 presentem,

598 1016 852 1077 alloquitur,
878 1014 1049 1060 dicens:
1086 1015 1241 1059 Sancte
1267 1010 1502 1069 confessor,
1528 1012 1627 1056 Deo
1653 1026 1803 1055 eterno
1828 1010 1987 1071 gratias

598 1088 753 1146 refero,
780 1088 852 1148 qui
876 1104 946 1131 me
974 1085 1073 1148 perh
1100 1101 1171 1129 tue
1202 1081 1499 1129 celsitudinem
1522 1080 1799 1127 firmitudinis
1824 1083 1869 1126 ὃς
1893 1098 1988 1126 ora-

599 1160 726 1205 tionis
752 1159 955 1221 sospitem
985 1155 1163 1202 reduxit.
1191 1157 1419 1218 Propterea
1444 1154 1522 1199 hos
1549 1152 1624 1199 tibi
1647 1153 1803 1216 viginti
1829 1151 1988 1197 solidos

597 1232 689 1276 auri
719 1228 870 1288 affero,
901 1229 1001 1291 equi
1027 1229 1214 1292 pretium
1240 1228 1340 1286 mei,
1373 1244 1517 1288 quem,
1550 1224 1626 1270 tibi
1650 1226 1842 1288 primum
1866 1241 1989 1269 com-

599 1301 871 1360 mendatum,
908 1301 1015 1345 mihi
1049 1301 1182 1362 usque
1219 1301 1262 1344 in
1288 1298 1552 1344 hodiernum
1577 1297 1693 1342 diem
1719 1296 1989 1343 conservasti.

600 1374 696 1418 Hec
728 1371 889 1429 dicens,
928 1372 1053 1434 supra
1089 1370 1351 1432 descriptum
1387 1371 1477 1414 auri
1512 1368 1685 1431 pondus
1721 1384 1820 1413 ante
1856 1365 1989 1429 pedes

600 1445 743 1490 sanc‘le
770 1444 955 1489 formule
992 1440 1250 1488 confessoris
1284 1440 1482 1503 deponit,
1523 1440 1620 1503 plus
1649 1457 1811 1502 equum
1838 1455 1989 1484 amans

601 1534 734 1579 quam
759 1534 927 1572 aurum,
955 1518 999 1562 ὅ(
1025 1513 1213 1579 egressus
1240 1514 1371 1572 foras,
1397 1513 1772 1577 ingeniculatione
1803 1511 1988 1574 expleta,

599 1589 683 1633 tale
719 1590 966 1634 iumentum
1008 1587 1133 1649 supra
1174 1584 1325 1630 sedens
1373 1583 1429 1629 ad
1471 1582 1779 1646 emigrandum
1819 1582 1991 1645 instigat

601 1659 796 1722 quidem,
824 1659 896 1705 sed
922 1658 1044 1704 nullo
1069 1656 1209 1702 modo
1237 1656 1405 1702 moveri
1428 1656 1584 1718 potuit.

668 1730 807 1795 Qod
851 1731 922 1776 ille
959 1729 1251 1775 homunculus
1292 1727 1461 1786 videns,
1501 1725 1723 1772 descendit
1762 1725 1817 1771 de
1859 1742 1990 1787 equ0‚

601 1803 876 1865 reversusque
904 1801 1091 1847 domum
1118 1801 1248 1845 intrat
1273 1799 1466 1861 aliosque
1489 1797 1643 1843 decem
1669 1796 1790 1843 affert
1814 1796 1990 1855 solidos,

599 1876 819 1937 inquiens:
841 1875 995 1920 Sane‘oe
1011 1870 1245 1929 confessor,
1267 1870 1514 1916 mansuetus
1534 1868 1715 1931 quidem
1734 1868 1839 1914 mihi
1858 1869 1992 1931 equiti

601 1963 718 1992 tutor
754 1947 796 1992 in
830 1943 1109 2008 expeditione
1134 1945 1245 1988 inter
1276 1942 1468 2005 pericula
1494 1941 1626 2000 fuisti3
1658 1939 1746 1999 sed,
1777 1958 1823 1986 ut
1846 1940 1992 1999 video,

601 2017 730 2063 durus
750 2019 794 2063 ὅ(
813 2033 964 2063 avarus
983 2033 1026 2061 es
1044 2016 1089 2059 in
1116 2015 1383 2059 commercia
1402 2014 1514 2075 equi.
1534 2014 1630 2058 Hec
1649 2012 1813 2072 dicens,
1839 2012 1993 2059 decem

600 2090 726 2152 super
755 2089 909 2151 viginti
942 2086 1104 2132 solidos
1130 2085 1359 2144 adiiciens,
1385 2084 1442 2130 ad
1473 2085 1669 2130 sanetum
1695 2084 1798 2130 dicit
1823 2085 1992 2130 confes-

601 2161 761 2206 sorem:
796 2160 841 2204 Et
870 2159 949 2205 1103
980 2157 1056 2204 tibi
1087 2156 1206 2203 addo
1238 2156 1416 2215 solidos,
1443 2173 1488 2201 ut
1514 2157 1621 2201 milii
1651 2155 1874 2219 placabilis
1899 2156 1990 2216 fias,

602 2234 647 2278 ἅ
678 2250 827 2277 meum
854 2230 909 2276 ad
940 2228 1261 2276 ambulandum
1291 2228 1478 2275 resolvas
1512 2245 1686 2289 equum.
1720 2228 1822 2272 I-Ioc
1853 2226 1988 2285 dieto,

603 2302 828 2368 regressus,
852 2304 1005 2348 iterum
1029 2299 1266 2347 ascendens
1292 2317 1455 2362 equum
1476 2299 1531 2345 ad
1557 2298 1798 2345 meandum
1820 2300 1988 2359 incitat,

606 2377 679 2437 qui
706 2373 821 2437 quasi
851 2374 1006 2419 infixus
1033 2374 1076 2419 in
1107 2371 1267 2418 eodem
1292 2370 1428 2417 stabat
1451 2372 1569 2430 loco,
1596 2388 1676 2416 nec
1700 2373 1831 2416 etiam
1856 2389 1992 2417 unum

604 2463 779 2510 poterat
803 2463 981 2492 movere
1005 2443 1180 2508 pedem.
1207 2442 1331 2506 Qud
1355 2443 1502 2505 plura?
1532 2443 1623 2487 Post
1649 2443 1749 2504 equi
1769 2443 1992 2487 ascensum

607 2518 947 2580 descensumque
965 2534 1042 2580 per
1055 2532 1242 2579 quatuor
1258 2514 1443 2578 singulas
1463 2516 1591 2572 vices,
1609 2516 1770 2560 intrans
1791 2513 1993 2573 domum,

607 2591 763 2637 decem
787 2591 932 2636 secum
956 2588 1117 2634 solidos
1144 2587 1325 2634 afferens
1350 2590 1394 2633 ὅ(
1422 2586 1478 2632 ad
1499 2586 1775 2633 immobilem
1806 2587 1993 2634 reversus

654 2703 684 2723 a.
713 2690 784 2729 Ed.‚
806 2689 870 2732 ngff.
890 2688 1080 2722 constituta.
1101 2707 1144 2711 —
1164 2688 1196 2720 b.
1217 2687 1252 2718 V.
1339 2694 1411 2720 tute
1429 2686 1603 2720 orationis.

608 2756 664 2790 per
691 2751 741 2776 tot
766 2744 796 2776 Sc
825 2751 916 2776 tanta
943 2742 1086 2788 pericula
1110 2750 1165 2774 tue
1193 2741 1254 2773 vit-
