2216 3435
561 234 655 284 354
1090 233 1413 267 THEODOSIUS

563 375 658 429 [que]
682 375 823 414 dederis
843 375 945 426 mihi,
965 376 1122 415 decimas
1142 375 1327 414 decimabo
1354 376 1430 416 tibi.
1464 374 1532 416 De
1552 376 1736 434 Betsat'da
1759 376 1883 431 usque
1905 379 1946 418 in

563 435 756 485 Samaria,
773 433 883 488 q[ue]
904 436 1028 473 modo
1046 434 1195 473 dicitur
1212 434 1370 485 Nalmli,
1386 435 1497 474 milia
1511 436 1621 489 xxiij.
1638 433 1699 475 Ibi
1718 436 1773 476 est
1789 447 1947 489 puteus,

563 509 686 548 quem
708 493 787 547 ipse
808 492 932 533 Iacob
955 493 1061 532 fecit.
1083 490 1144 532 Ibi
1166 490 1246 532 ossa
1267 492 1411 546 loseph
1434 492 1503 548 filij
1537 493 1605 534 sui.
1627 493 1739 539 (Gen.
1762 501 1838 542 22.)

403 561 543 590 XXVIII
618 553 687 594 De
708 553 887 593 Samaria
918 553 1041 605 usque
1070 552 1110 591 in
1132 552 1306 602 Sabastia
1328 552 1412 592 mil.
1436 553 1499 607 vij.
1530 551 1591 593 Ibi
1623 553 1779 594 sanetus
1800 552 1946 595 Iohan-

563 629 633 654 nes
655 613 881 652 decollatus
903 611 958 651 est
981 613 1018 651 in
1050 625 1266 651 carcerem.
1299 611 1366 652 De
1388 613 1553 667 Sebastia
1575 613 1698 667 usque
1720 614 1759 653 in
1784 614 1949 669 Cinopoli

563 672 647 713 mil.
669 688 734 712 xx.
756 670 817 711 Ibi
840 671 996 711 sancius
1019 670 1194 711 Basileus
1218 669 1346 724 passus
1373 671 1440 711 est.
1473 672 1540 712 De
1563 672 1740 712 Caenobili
1759 673 1882 727 usque
1903 675 1944 714 in

562 733 631 771 tho
667 733 748 787 (sic)
788 731 1009 771 'l'hibvriata
1038 730 1122 769 mil.
1152 730 1339 784 x[xvi]iij.
1370 728 1432 770 Ibi
1469 731 1550 784 ipse
1585 730 1794 773 Dominus
1828 734 1944 786 super

562 806 671 831 mare
704 791 940 830 ambulavit.
973 789 1039 829 De
1077 789 1308 843 Thyheriata
1340 791 1463 844 usque
1498 791 1546 830 ad
1583 790 1826 844 Magdalene
1859 792 1944 833 mil.

561 866 700 891 unum.
730 849 791 890 lbi
824 849 955 889 sanCm
987 848 1125 889 Maria
1153 859 1247 889 nata
1277 849 1343 889 est.
1377 848 1444 890 De
1472 850 1729 904 Magdalenae
1749 850 1872 905 usque
1893 852 1942 892 ad
1962 855 1983 887 f.
2001 866 2038 895 23
2055 857 2084 887 b-

560 912 617 963 vj
634 912 836 966 fontanas,
858 910 924 948 ubi
950 908 1158 948 Dominus
1188 909 1411 962 baptizavit
1440 909 1658 963 apostolos.
1689 908 1750 950 Ibi
1784 911 1944 952 saciavit

562 970 761 1024 populum
783 971 831 1008 de
854 984 877 1007 v
901 968 1072 1022 panibus
1095 967 1133 1008 Sc
1171 968 1329 1009 duobus
1364 968 1547 1021 piscibus.
1580 969 1648 1009 De
1677 969 1737 1022 vg'j
1753 970 1944 1023 fontanas

560 1029 682 1083 usque
705 1029 743 1067 in
767 1028 1043 1081 Capharnaum
1074 1027 1157 1066 mil.
1189 1027 1227 1080 ij.
1259 1025 1320 1067 Ibi
1355 1026 1566 1068 Dominus
1602 1042 1772 1081 puerum
1801 1039 1945 1068 centu-

561 1089 685 1128 rionis
708 1088 868 1127 sanavit.
903 1086 968 1126 De
991 1086 1269 1140 Capharnaum
1290 1087 1413 1141 usque
1439 1088 1478 1127 in
1501 1088 1683 1142 Betsaida
1704 1088 1840 1127 minori
1859 1088 1943 1128 mil.

561 1148 612 1201 vj.
633 1145 691 1186 Ibi
716 1149 798 1186 nati
821 1146 909 1187 sunt
931 1146 1101 1200 apostoli
1133 1147 1192 1199 iij,
1215 1146 1355 1186 Petrus
1378 1146 1416 1186 δι
1438 1147 1628 1188 Andreas
1657 1147 1778 1187 frater
1798 1148 1884 1188 eius
1905 1148 1945 1188 &

562 1205 773 1258 Philippus
807 1205 912 1246 filius
944 1206 1107 1245 Zebeti.
1139 1205 1208 1245 De
1237 1205 1420 1261 Bezy‘aida
1450 1205 1573 1259 usque
1605 1206 1643 1246 in
1668 1206 1838 1246 Paniata
1860 1205 1943 1246 mil.

561 1266 870 1319 quinquaginta.
892 1263 953 1304 Ibi
971 1265 1026 1305 est
1046 1280 1164 1306 mons
1187 1264 1322 1319 qua[e]
1346 1277 1515 1305 vocatur
1532 1265 1610 1316 lor,
1631 1280 1680 1305 ex
1698 1264 1781 1319 ipso
1804 1277 1945 1307 monte

561 1336 713 1365 exeunt
734 1325 814 1364 duo
837 1325 983 1375 fontes,
1004 1339 1107 1364 unus
1130 1336 1297 1364 vocatur
1318 1325 1384 1364 lor
1405 1324 1443 1364 ὅτ,
1463 1324 1565 1365 alius
1587 1337 1757 1365 vocatur
1773 1325 1886 1376 Dan,
1906 1326 1945 1367 &

435 1400 543 1429 XXIX
563 1385 818 1424 circumdant
835 1385 1043 1424 civitatem
1059 1399 1138 1437 que
1155 1395 1323 1423 vocatur
1344 1384 1512 1423 Paniata
1529 1384 1567 1424 δε
1584 1384 1719 1425 subtus
1736 1385 1945 1425 civitatem
1964 1390 1984 1421 f.
1998 1400 2047 1431 24.

563 1455 816 1498 congregant
836 1443 871 1483 se
894 1445 932 1483 in
955 1458 1096 1495 unum,
1117 1443 1154 1483 ἃ
1176 1458 1224 1483 ex
1246 1443 1329 1497 ipso
1358 1443 1451 1483 loco
1481 1455 1651 1483 vocatur
1674 1444 1850 1485 Iordanis
1868 1445 1947 1484 flu-

565 1504 652 1544 vius
674 1503 795 1556 usque
817 1504 864 1543 ad
889 1502 1041 1554 locum,
1062 1503 1129 1542 ubi
1154 1503 1276 1542 intrat
1296 1504 1336 1542 in
1359 1517 1467 1542 mare
1490 1502 1674 1543 Mortua.

402 1574 544 1602 XXVIII
619 1562 673 1602 Et
705 1563 745 1602 in
776 1561 857 1616 ipsa
885 1562 1048 1602 civitate
1072 1562 1242 1603 Paniata
1262 1563 1337 1603 fuit
1367 1563 1527 1615 mulier,
1548 1578 1671 1617 quam
1695 1563 1905 1604 Dominus
1926 1577 1949 1602 a

566 1623 767 1675 profluvio
789 1621 990 1675 sanguinis
1018 1621 1179 1661 sanavit.
1209 1622 1378 1662 Nomen
1413 1621 1533 1675 ipslus
1564 1622 1744 1663 mulieris
1767 1621 1948 1663 Mariosa

565 1683 725 1722 dicitur.

435 1754 542 1783 XXIX
617 1740 678 1781 Ibi
702 1740 868 1781 ecclefia
890 1740 945 1780 est
965 1740 1163 1781 aedificata
1184 1741 1223 1780 in
1245 1740 1328 1794 ipso
1346 1740 1439 1780 loco
1458 1742 1495 1781 &
1514 1740 1585 1795 [in]
1605 1741 1687 1794 ipsa
1706 1742 1873 1782 ecclesia
1893 1740 1949 1781 est

564 1801 692 1841 statua
713 1800 902 1851 Domini,
923 1815 1046 1853 quam
1068 1800 1150 1853 ipsa
1171 1800 1351 1841 Mariosa
1372 1801 1480 1841 fecit.
1511 1800 1565 1840 Et
1596 1801 1651 1840 ibi
1681 1801 1802 1842 habet
1827 1812 1950 1854 caput

563 1877 662 1901 mons
683 1861 868 1911 Libanus,
889 1860 956 1899 ubi
977 1861 1174 1913 pugnavit
1196 1860 1333 1900 David
1356 1875 1451 1900 cum
1474 1859 1662 1902 Goliath.

451 1921 542 1950 XXII
619 1920 783 1961 Deinde
805 1919 928 1973 usque
951 1919 999 1958 ad
1021 1919 1223 1975 Eleotofori
1254 1919 1338 1960 mil.
1359 1935 1425 1971 xx,
1446 1920 1512 1960 ubi
1543 1920 1701 1961 san&us
1722 1921 1946 1963 Zacharias

564 1979 776 2034 pausa[vi]t
792 1981 832 2019 in
855 1993 1042 2032 corpore,
1059 1990 1172 2033 pater
1190 1980 1311 2020 saneti
1328 1978 1523 2021 Iohannis
1539 1980 1729 2034 Baptiste.
1749 1980 1817 2021 De
1834 1979 1947 2021 Oleo-
1964 1982 1984 2012 f.
1999 1993 2039 2023 24
2055 1985 2082 2014 b·

562 2041 675 2094 tofori
707 2040 830 2093 usque
858 2038 904 2079 ad
935 2037 1172 2096 Ascaloniam
1203 2039 1286 2080 mil.
1318 2039 1415 2094 xlvj,
1451 2040 1517 2079 ubi
1550 2040 1802 2081 Holofernus
1834 2054 1945 2080 mor-

563 2113 655 2141 tuus
672 2100 738 2140 est.

431 2166 538 2196 XXIV
616 2160 684 2201 De
705 2159 912 2215 Ascalonia
934 2158 1056 2213 usque
1093 2160 1133 2198 in
1164 2159 1321 2213 Sydonia
1342 2159 1426 2199 mil.
1447 2160 1531 2214 viij,
1555 2161 1623 2200 ubi
1657 2161 1777 2200 archa
1798 2158 1946 2199 Testa-

562 2220 687 2259 menti
707 2213 896 2269 Domini,
918 2218 1073 2273 qua[m]
1099 2217 1266 2272 Moyses
1287 2219 1479 2259 fabricare
1501 2220 1696 2273 precepit.
1717 2218 1787 2259 De
1803 2218 1947 2272 Sydona

562 2278 685 2332 usque
707 2278 875 2329 Inmaus,
896 2280 1006 2331 quod
1029 2290 1200 2319 vocatur
1220 2278 1403 2330 Vicoboli,
1433 2279 1516 2319 mil
1539 2280 1606 2331 vij.
1637 2278 1684 2319 ln
1713 2293 1792 2332 qua
1819 2277 1947 2319 Maus

562 2335 718 2379 sanans
740 2338 948 2392 Cleophas
976 2339 1143 2392 agnovit
1165 2338 1397 2378 Dominum
1425 2339 1465 2378 in
1496 2338 1694 2378 fracffione
1725 2339 1852 2392 panis.
1883 2335 1946 2376 Ibi

563 2399 802 2451 martyrium
833 2399 1010 2451 pertulit.
1044 2398 1111 2438 De
1132 2398 1242 2438 Mau
1270 2397 1393 2452 usque
1422 2398 1460 2437 in
1483 2399 1657 2456 Dioſsvoli
1676 2397 1761 2438 mil.
1784 2398 1854 2452 xij,
1875 2399 1944 2439 ubi

563 2455 719 2498 san&us
742 2457 952 2511 Georgius
973 2456 1104 2511 paffus
1125 2457 1193 2509 est,
1213 2457 1252 2498 δι
1282 2457 1335 2497 ibi
1370 2457 1583 2511 requiescit
1612 2471 1765 2511 corpus
1784 2458 1884 2511 eius,
1906 2459 1946 2500 &

564 2517 693 2556 multa
713 2517 915 2557 mirabilia
935 2518 989 2557 ibi
1010 2516 1124 2557 fiunt.

449 2583 543 2612 XXV
618 2576 686 2616 De
703 2577 875 2634 Diospoli
895 2577 1043 2631 uique
1034 2591 1074 2617 in
1092 2577 1200 2632 Ioppe
1216 2576 1300 2617 mil.
1315 2578 1385 2631 xij,
1401 2577 1469 2617 ubi
1488 2577 1646 2618 sanetus
1663 2576 1805 2618 Petrus
1821 2576 1946 2617 resus-
1962 2581 1984 2611 f.
2000 2590 2050 2622 25·

564 2636 704 2677 citavit
723 2636 856 2676 samaa
871 2636 1068 2688 Thabita,
1089 2636 1128 2677 &
1144 2637 1199 2676 ibi
1217 2636 1342 2690 pisces
1358 2647 1471 2677 cetus
1487 2638 1671 2678 evomuit
1685 2635 1832 2677 Ionam
1849 2650 1945 2690 pro-

565 2696 729 2749 phetam
749 2710 798 2735 ex
826 2706 942 2736 utero
971 2695 1051 2736 suo.
1083 2696 1151 2736 De
1180 2696 1290 2752 Ioppe
1322 2696 1445 2750 usque
1476 2697 1524 2736 ad
1557 2696 1717 2755 Cesaria
1751 2696 1943 2752 Palfstina
