2216 3435
436 192 473 224 A
498 192 804 225 BORDIGALA
832 193 1158 226 HIERUSALEM
1184 195 1351 232 USQUE.
1540 199 1592 249 19

283 335 655 382 Descendentibus
689 336 742 382 de
767 354 918 383 monte
948 339 990 383 in
1015 354 1138 400 parte
1162 337 1324 396 dextra,
1352 356 1464 384 retro
1498 358 1593 385 mo-

216 424 489 465 numentum,
515 408 573 453 est
598 412 712 454 arbor
718 411 936 470 sycomori,
962 410 1005 454 in
1026 427 1160 471 quam
1185 415 1370 455 Zacheus
1387 411 1591 471 ascendit,

218 497 263 526 ut
286 479 506 525 Christum
529 477 704 525 videret.
745 482 784 524 Α
809 481 980 526 civitate
1004 480 1148 543 paffus
1174 482 1291 527 mille
1325 483 1592 545 quingentos

218 551 275 597 est
303 554 407 610 fons
429 551 586 610 Helzjsei
623 550 848 612 prophete.
892 553 1033 596 Antea
1067 551 1093 596 si
1126 569 1214 613 qua
1244 553 1396 598 mulier
1425 570 1475 598 ex
1499 553 1591 615 ipso

216 638 377 682 aquam
411 619 600 680 bibebat,
641 639 731 667 non
767 620 953 667 faciebat
990 638 1131 669 natos.
1168 621 1239 667 Ad
1277 624 1386 669 latus
1423 624 1481 668 est
1518 641 1592 669 vas

215 691 356 737 fifflle.
383 691 575 737 I-Ieliseus
601 691 710 736 misit
733 694 777 737 in
808 692 852 737 id
883 694 1028 751 salem,
1052 696 1096 739 ὃς
1123 696 1240 741 venit
1265 697 1310 740 ὃ(
1335 695 1445 740 stetit
1469 694 1594 755 super

217 763 401 821 fontem,
433 764 477 807 ὃς
511 762 644 808 dixit:
678 767 765 808 Hec
789 767 890 808 dicit
915 769 1141 810 Dominus:
1172 769 1323 811 Sanavi
1349 783 1470 825 aquas
1495 769 1593 816 lius,-

216 853 261 879 ex
286 852 329 878 eo
349 837 523 895 fonzefi
547 853 622 893 qua
649 837 791 880 mulier
816 838 970 893 biberit,
997 839 1119 894 filios
1139 841 1287 896 faciet.
1332 838 1468 899 Supra
1493 853 1593 881 eun-

217 903 318 950 dem
342 921 445 950 vero
474 904 646 950 fontem
671 905 728 950 est
753 908 893 950 domus
914 910 1078 968 Rczclzab
1108 908 1352 966 fornicarie,
1379 906 1435 953 ad
1461 924 1594 968 quam

216 976 508 1038 exploratores
534 976 805 1035 introierunt,
830 979 874 1022 ὅ(
901 979 1138 1025 occultavit
1162 998 1251 1038 eos,
1285 977 1466 1042 quando
1490 980 1593 1023 Hie-

214 1050 325 1092 richo
358 1046 502 1092 eversa
533 1046 604 1105 est,
642 1048 686 1091 ὃς
717 1047 807 1092 sola
831 1046 971 1094 evaslt.
1016 1047 1075 1094 Ibi
1111 1050 1189 1095 fuit
1228 1052 1376 1096 civitas
1417 1047 1594 1105 Iericho,

216 1118 334 1162 cuius
359 1134 507 1162 muros
531 1135 794 1180 gyraverunt
817 1136 919 1164 cum
946 1136 1046 1165 arca
1069 1121 1334 1167 Testamenti
1359 1120 1431 1178 filij
1460 1118 1593 1177 Israel,

215 1190 259 1233 ὃς
285 1187 533 1235 ceciderunt
556 1191 679 1236 muri.
715 1190 769 1235 Ex
798 1207 851 1235 eo
877 1207 969 1236 non
996 1208 1118 1253 paret
1142 1191 1217 1237 nifi
1242 1193 1380 1251 Iocus,
1418 1190 1492 1236 ubi
1516 1190 1596 1235 fuit

215 1275 314 1304 arca
331 1260 610 1319 Testamenti,
629 1263 674 1306 ὃς
692 1261 858 1324 lapides
884 1260 1139 1321 duodecim,
1161 1281 1271 1325 quos
1295 1263 1367 1321 filij
1397 1261 1515 1307 Israel
1540 1259 1594 1306 de

215 1329 396 1376 Iordane
430 1331 692 1378 levaverunt.
729 1331 894 1378 Ibidem
929 1333 1049 1391 Iesus,
1087 1333 1196 1379 filius
1232 1336 1369 1391 Nave,
1406 1333 1592 1378 circum-

215 1402 319 1448 cidit
341 1401 452 1447 filios
479 1402 614 1461 Israel,
639 1405 684 1448 ὅς
710 1401 1057 1449 circumcisiones
1079 1422 1232 1450 eorum
1258 1404 1462 1466 sepelivit.

282 1477 384 1519 Item
408 1471 463 1518 ab
490 1474 653 1518 Iericho
677 1472 734 1519 ad
759 1492 866 1519 mure
897 1476 1120 1520 Mortuum
1198 1514 1205 1520 .
1281 1514 1288 1520 .
1384 1474 1516 1519 millia
1542 1487 1593 1518 IX

280 1544 341 1589 Est
364 1560 476 1605 aqua
500 1542 627 1606 ipsius
651 1543 777 1590 valde
802 1543 1072 1604 amariffima,
1106 1545 1179 1592 ubi
1202 1546 1245 1591 in
1272 1562 1415 1591 totum
1439 1545 1594 1590 nullius

214 1617 383 1680 generis
408 1617 531 1678 piscis
557 1618 628 1675 est,
658 1634 737 1662 nec
763 1617 907 1678 aliqua
933 1619 1069 1675 naviS,
1103 1619 1147 1662 ὃς
1179 1616 1206 1662 si
1233 1618 1326 1679 quis
1360 1616 1595 1663 hominum

215 1688 371 1733 miserit
395 1688 450 1746 se,
480 1704 525 1733 ut
549 1704 681 1745 natet,
708 1689 798 1751 ipsa
824 1705 937 1749 aqua
969 1706 1069 1733 eum
1094 1689 1243 1734 versat.
1280 1686 1381 1733 Inde
1416 1687 1473 1733 ad
1508 1693 1594 1733 Ior-

215 1763 368 1816 danem,
396 1759 468 1805 ubi
493 1761 712 1805 Dominus
744 1778 768 1805 a
805 1760 997 1805 Iohanne
1022 1758 1264 1822 baptizatus
1289 1759 1361 1818 est,
1391 1760 1526 1805 millia
1550 1773 1593 1805 V.

280 1830 339 1877 Ibi
364 1831 422 1876 est
440 1831 561 1876 Iocus
585 1833 710 1894 super
735 1830 911 1888 flumen,
936 1831 1201 1876 monticulus
1226 1832 1269 1876 in
1289 1830 1360 1875 illa
1387 1831 1493 1893 ripa,
1519 1829 1593 1876 ubi

217 1919 361 1966 raptus
383 1903 441 1948 est
465 1903 614 1948 Helias
639 1904 682 1948 in
709 1903 864 1948 celum.

281 1975 386 2017 Item
410 1973 464 2019 ab
490 1975 758 2020 Hierusalem
783 1972 982 2019 euntibus
1008 1972 1260 2018 Bethlehem
1385 1973 1518 2019 millia
1544 1987 1592 2018 VI

280 2044 415 2106 Super
451 2046 596 2104 strata,
636 2047 679 2091 in
715 2062 834 2108 parte
872 2044 1040 2102 dextra,
1080 2044 1137 2089 est
1179 2062 1481 2104 monumentum,
1522 2043 1594 2090 ubi

218 2118 373 2177 ‘Rachel
396 2115 535 2179 posita
564 2118 634 2176 est,
673 2134 778 2163 uxor
807 2115 947 2162 Iacob.
987 2115 1088 2161 Inde
1114 2115 1247 2161 millia
1275 2115 1380 2173 duo,
1416 2133 1439 2160 a
1471 2134 1593 2178 parte

214 2185 385 2246 sinistra,
407 2188 464 2233 est
483 2191 728 2245 ssetlzlelzem,
752 2188 822 2234 ubi
844 2205 968 2234 natus
989 2188 1047 2233 est
1073 2189 1292 2233 Dominus
1319 2189 1424 2233 Iesus
1449 2187 1592 2233 Chris-

214 2273 291 2303 tus.
335 2257 392 2303 Ibi
428 2257 597 2305 basilica
631 2260 743 2305 Iacffa
776 2259 833 2305 est
870 2257 977 2304 iussu
1016 2259 1307 2305 Constantini.
1359 2258 1459 2304 Inde
1501 2276 1591 2303 non

212 2328 348 2392 longe
369 2330 426 2374 est
449 2349 735 2376 monumentum
763 2330 967 2389 Ezechiel,
990 2330 1152 2392 Asaph,
1175 2329 1264 2390 Iob,
1292 2329 1406 2388 leffe,
1433 2329 1592 2387 David,

213 2400 439 2460 Salomon,
459 2404 504 2447 ὃς
528 2401 658 2448 habet
682 2403 724 2447 in
751 2403 838 2464 ipsa
863 2417 1030 2464 crypta,
1057 2400 1113 2446 ad
1138 2401 1247 2446 latus
1273 2401 1476 2447 deorsum
1501 2400 1591 2447 des-

213 2470 510 2530 cendentibus,
535 2472 702 2519 hebreis
726 2474 873 2518 litteris
900 2473 1081 2517 nomina
1106 2472 1403 2535 suprascripta.

281 2542 381 2588 Inde
407 2547 628 2605 Berliasoru
735 2585 741 2590 .
888 2584 894 2590 .
1039 2582 1045 2588 .
1191 2583 1198 2589 .
1308 2544 1441 2589 millia
1479 2556 1590 2588 XIIII

280 2613 337 2659 Ibi
365 2616 422 2659 est
436 2619 554 2675 fons,
581 2617 624 2660 in
651 2633 739 2678 quo
769 2617 986 2678 Philippus
1012 2615 1260 2660 eunuchum
1288 2614 1537 2677 baptizavit.

280 2685 382 2730 Inde
407 2685 462 2730 ad
485 2685 798 2732 Terebinthum
890 2726 895 2732 .
1040 2725 1046 2731 .
1193 2725 1199 2731 .
1339 2686 1472 2731 millia
1504 2699 1589 2730 VIII

282 2755 338 2801 Ibi
368 2760 576 2803 cAbrulzam
618 2756 839 2815 habitavit,
880 2759 924 2803 &
961 2776 1123 2820 puteum
1168 2756 1278 2803 fodit
1319 2756 1393 2803 sub
1442 2756 1594 2802 arbore

1613 434 1790 472 Sycomorus
1811 433 1869 461 Za-

1705 474 1780 503 chei.

1634 573 1712 601 Fons
1729 568 1853 600 Helisei.

1624 927 1742 956 Domus
1754 926 1872 956 Rahab.

1635 996 1759 1026 Iericho.

1637 1351 1747 1390 Gilgal.

1613 1490 1696 1520 Mare
1706 1491 1874 1520 Mortuum.

1635 1705 1775 1734 IordaniS.

1634 2065 1871 2095 Monumentum

1696 2106 1822 2136 Rachel.

1634 2206 1822 2236 Bethlehem.

1631 2352 1830 2382 Monumenta

1674 2405 1785 2432 regum.

1635 2542 1794 2589 Bethasom

1633 2600 1712 2634 (fons
1724 2601 1872 2641 Philippi).

1636 2730 1746 2760 I‘uteus
1779 2732 1873 2761 Abra-

1679 2771 1756 2801 Imm.
