2216 3435
562 122 656 176 xxvj
1104 132 1399 167 PRAEFATIO.

547 273 694 328 Jicssico
703 273 823 330 sensu
853 274 1128 326 intelligendum
1158 276 1228 330 effe
1257 275 1423 327 videtur,
1445 277 1521 334 sed
1544 278 1626 318 inde
1655 280 1822 319 additum
1855 280 1942 332 quia

559 339 597 378 in
618 339 748 379 itinere
758 339 834 396 suo
852 339 973 380 multa
995 339 1165 397 adversa
1181 340 1522 395 perpeffussuerit.
1539 354 1550 374 1

616 405 877 458 Peregrinatio
898 421 989 446 vero
1013 406 1110 445 inter
1130 415 1284 447 caeteras
1311 406 1473 462 insignis,
1503 424 1586 461 quae
1608 410 1645 449 in
1663 411 1738 468 suo
1770 410 1944 465 ampliori

558 470 715 510 circuitu
744 488 767 510 a
784 471 915 525 paucis
935 471 1148 525 exploratas
1167 481 1294 513 terras
1314 474 1559 527 amplectitur.
1588 472 1788 517 Antoninus
1814 477 1943 530 quippe

556 551 626 575 non
651 536 797 590 Syriam
823 546 967 577 tantum
986 539 1030 578 {3⁵
1054 537 1308 592 Palaestinam,
1316 539 1394 596 sed
1407 541 1451 580 {3⁹
1471 550 1623 580 montem
1650 542 1754 582 Sinai
1777 558 1820 582 ac
1846 543 1908 582 M
1907 559 1943 583 e-

545 602 797 659 sopotamiam
810 603 1073 657 perlzylravit.
1095 603 1229 656 Quum
1245 605 1364 644 multa
1384 615 1504 645 autem
1525 622 1593 646 non
1616 607 1794 647 immerito
1812 608 1850 648 in
1871 609 1944 649 eius

557 668 735 708 relatione
764 669 931 721 reperire
941 668 1108 726 sperare
1139 669 1237 709 nobis
1266 669 1402 709 licitum
1420 670 1574 724 fuiffet,
1590 681 1718 725 pauca
1743 682 1864 713 tamen
1883 673 1944 713 ille

556 732 698 772 libellus
735 733 835 773 nobis
865 734 1133 789 suppeditavit.
1163 733 1331 775 Attamen
1351 735 1433 786 illa,
1464 736 1526 786 etfi
1552 738 1704 777 nimium
1733 754 1835 778 rara
1860 738 1943 790 sint,

556 799 814 854 quaefrustra
836 800 931 839 alias
951 801 1173 854 requireres,
1194 801 1292 841 nobis
1304 801 1406 859 satis
1427 802 1592 860 pretiosa
1614 803 1852 844 videbuntur.

608 864 720 903 Anno
740 865 902 918 equidem
928 865 1026 918 1863
1048 866 1230 905 Antonini
1257 866 1372 920 operis
1402 866 1586 906 editionem
1612 868 1695 907 dedi
1721 883 1873 920 novam,
1894 870 1948 909 ad

555 945 668 982 quam
687 929 833 987 scilicet
856 930 1081 969 condendam
1108 931 1226 970 tribus
1245 931 1509 986 manuscriptis
1537 931 1712 972 codicibus
1733 933 1819 990 usus
1826 934 1918 991 sum
1931 953 1943 976 .-

553 997 590 1034 in
608 995 788 1053 praefinti
804 996 1035 1036 accuratiori
1060 997 1208 1036 editione
1229 997 1360 1049 aliqua
1381 997 1417 1036 in
1445 996 1570 1037 melius
1599 1007 1746 1038 mutata
1766 999 1942 1053 invenies,

555 1076 637 1114 quae
649 1070 770 1100 tamen
782 1076 850 1099 non
862 1062 1017 1100 maximi
1015 1061 1053 1118 s
1047 1071 1115 1101 unt
1122 1064 1301 1112 momenti,
1311 1061 1376 1118 etfi
1379 1063 1509 1116 plures
1519 1079 1606 1103 man
1612 1080 1634 1103 u
1625 1063 1788 1121 scriptos
1799 1064 1943 1116 codices,

557 1126 851 1183 Bruxellensem,
878 1126 1162 1185 Monacensem,
1198 1127 1460 1186 Parzfienfim,
1492 1129 1774 1187 Londinensem,
1801 1129 1944 1169 Cadui-

552 1192 696 1249 nensem
718 1193 761 1231 ξεῖ
781 1191 1069 1249 Berolinensem,
1092 1193 1130 1232 in
1151 1194 1324 1234 manibus
1338 1193 1547 1235 habuerim.
1570 1195 1790 1251 Paristensts
1806 1195 1942 1235 Anto-

552 1259 671 1298 ninus
687 1257 738 1312 sic
757 1258 897 1311 incipit:
933 1276 947 1295 «
966 1258 1035 1298 De
1056 1258 1157 1299 locis
1179 1258 1335 1311 sanetis,
1357 1275 1459 1314 quos
1481 1261 1778 1314 perambulavit
1800 1261 1940 1301 beatus

555 1324 823 1365 «Antoninus
845 1323 1023 1377 Martyr,
1043 1340 1059 1359 »
1082 1324 1118 1363 in
1140 1339 1207 1377 quo
1227 1326 1371 1377 quidem
1391 1327 1504 1366 codice
1524 1326 1754 1366 Antoninum
1775 1326 1942 1365 continuo

540 1391 717 1448 sequitur
741 1390 852 1430 Bedae
877 1389 1031 1430 libellus.
1059 1389 1297 1444 Londinenfis
1323 1401 1468 1432 autem:
1498 1410 1512 1428 «
1535 1392 1737 1432 Antonini
1773 1390 1943 1431 Placen-

555 1457 676 1507 «tini,
709 1455 920 1509 Martyris,
950 1454 1028 1495 five
1062 1455 1337 1510 cuiuscunque
1370 1455 1428 1508 fit,
1462 1456 1722 1497 Itinerarium
1757 1457 1807 1495 de
1841 1455 1942 1495 locis

554 1540 569 1559 «
594 1521 731 1561 Terre
753 1521 910 1562 San&e.
933 1538 947 1557 »
974 1520 1138 1573 Uterque
1153 1522 1273 1572 codex,
1290 1537 1400 1575 quum
1411 1524 1490 1578 post
1503 1522 1737 1575 publicatam
1758 1521 1942 1561 editionem

550 1604 668 1628 meam
703 1588 740 1627 in
779 1602 912 1627 manus
950 1588 1108 1637 venerit,
1136 1596 1266 1640 pauca
1305 1587 1412 1628 utilia
1444 1588 1625 1642 praebuit,
1663 1587 1766 1627 cuius
1804 1585 1944 1626 varias

596 1727 634 1760 P.
659 1723 729 1767 88¹,
756 1724 775 1757 l.
800 1736 829 1765 1,
849 1725 1001 1768 Sarapta,
1035 1721 1138 1755 Suria.
1161 1742 1203 1747 —

548 1780 566 1813 l.
586 1793 619 1822 4,
643 1779 710 1825 ipsa
732 1778 776 1812 est
792 1784 887 1810 metr.
911 1796 957 1801 —
979 1776 999 1809 l.
1020 1778 1053 1817 6,
1072 1775 1206 1809 suscita-

548 1834 606 1876 vit,
627 1832 789 1879 prophete
807 1833 838 1864 d.
868 1850 910 1854 —
940 1830 964 1864 l.
989 1842 1020 1871 7,
1039 1829 1204 1870 mulieres,

548 1885 796 1921 tantummodo.
829 1903 874 1908 -—
913 1883 933 1916 1.
983 1886 1015 1924 8,
1060 1882 1203 1915 secunda

548 1948 667 1975 morte.
712 1958 753 1963 —
792 1937 811 1970 l.
852 1949 905 1979 10,
939 1935 1038 1969 saneti
1073 1935 1204 1978 Lazari,

549 1993 672 2038 pascha
688 1992 870 2027 dominico.
908 2012 940 2015 —
974 1991 997 2025 l.
1023 2003 1075 2031 11,
1097 2001 1204 2035 popu-

547 2047 595 2081 los
625 2054 804 2081 convenet.
840 2066 886 2070 —
915 2045 935 2078 l.
965 2057 1016 2089 12,
1049 2044 1202 2077 civitates

545 2101 615 2145 xiij.
643 2121 684 2126 —-
707 2102 727 2134 l.
757 2113 811 2142 14,
836 2098 1020 2140 Filadelfia,
1049 2099 1199 2132 Gerana.

547 2175 591 2180 -—
610 2155 630 2189 l.
652 2168 707 2199 15,
726 2153 933 2188 Aritoliada.
948 2172 992 2177 —-
1011 2152 1032 2185 l.
1049 2153 1101 2192 16,
1121 2150 1203 2183 dici-

548 2216 603 2242 tur
620 2210 667 2250 d.,
687 2208 827 2242 Chanae.
848 2227 894 2231 —
912 2206 934 2239 l.
959 2218 1012 2247 17,
1036 2204 1139 2238 Suria.
1160 2223 1202 2228 —

546 2261 565 2294 l.
580 2266 633 2303 18,
650 2273 715 2306 que
727 2260 927 2294 Armenias.
944 2279 990 2283 --
1003 2258 1023 2291 l.
1044 2270 1095 2300 19,
1109 2256 1204 2298 Asta,

546 2314 605 2348 ibi.
624 2335 668 2340 —
688 2315 708 2348 l.
729 2326 786 2355 20,
806 2313 948 2354 catolus,
970 2310 1142 2344 Viricanis.
1158 2330 1203 2334 —

547 2369 568 2401 l.
593 2381 647 2409 21,
666 2368 834 2401 stefanus.
855 2386 897 2391 —-
919 2366 937 2398 l.
963 2378 1019 2407 22,
1036 2364 1139 2398 latini.
1159 2384 1202 2388 —

547 2423 565 2455 l.
588 2434 643 2464 23,
670 2420 846 2466 discipolus
873 2418 999 2452 domni.
1026 2438 1072 2442 —
1099 2418 1120 2450 Ι.
1149 2429 1205 2458 24,

548 2475 625 2509 Sina
651 2475 736 2508 infra
763 2474 944 2508 civitatem.
976 2492 1017 2496 —
1050 2471 1069 2505 l.
1095 2483 1149 2514 25,
1171 2470 1204 2502 in

548 2529 727 2569 Heluzath,
756 2528 798 2561 de
839 2526 957 2560 Eluzat
997 2524 1125 2558 fimilas.
1159 2543 1204 2547 —

547 2582 566 2615 l.
586 2594 642 2623 27,
661 2578 899 2625 compenzaria
914 2577 1030 2612 tenire.
1048 2597 1094 2601 —
1112 2575 1131 2609 l.
1147 2578 1204 2617 28,

548 2635 693 2668 heremo.
726 2653 767 2658 —
801 2632 821 2666 1.
846 2644 902 2675 29,
930 2630 1131 2676 propofitus.
1159 2647 1204 2653 —

547 2688 567 2721 l.
590 2699 643 2730 30,
663 2686 862 2732 propositus,
887 2683 1147 2730 imperatoribus
1165 2684 1200 2716 d.

1289 1743 1334 1747 —
1353 1723 1372 1755 l.
1397 1735 1450 1765 31,
1471 1723 1513 1756 de
1532 1723 1642 1767 capite
1666 1734 1781 1756 eorum
1814 1722 1944 1755 conser-

1290 1777 1404 1817 vabat,
1420 1776 1530 1821 ipse...
1554 1776 1741 1820 castigabat
1758 1776 1793 1809 d.

1338 1830 1375 1862 P.
1392 1829 1481 1871 88⁰,
1500 1830 1519 1862 l.
1535 1842 1564 1871 1,
1576 1829 1715 1870 domna,
1726 1828 1889 1861 Bethlem.
1901 1846 1942 1851 —

1288 1883 1307 1917 l.
1328 1897 1360 1925 z,
1379 1883 1468 1916 sedet
1487 1883 1595 1928 super.
1629 1902 1670 1906 —
1695 1882 1716 1914 l.
1737 1894 1772 1924 4,
1794 1889 1830 1914 ut
1847 1881 1942 1921 dum,

1289 1944 1398 1982 porta,
1416 1936 1550 1970 Stefani.
1567 1956 1609 1961 -
1623 1935 1642 1969 l.
1661 1949 1693 1979 5,
1710 1947 1805 1968 unus.
1821 1954 1863 1959 —-
1879 1934 1897 1967 l.
1913 1937 1945 1976 6,

1289 1990 1386 2035 iogus
1407 1991 1542 2023 bovum.
1572 2009 1611 2013 —
1642 1988 1662 2021 l.
1687 2001 1718 2030 7,
1737 1999 1874 2021 movere
1893 1988 1944 2029 d.,

1289 2045 1320 2077 in
1338 2053 1436 2077 antea
1454 2043 1616 2083 accidere,
1633 2049 1802 2083 revocata,
1816 2041 1940 2074 altaris.

1288 2119 1333 2122 —
1360 2097 1381 2130 l.
1407 2109 1440 2139 9,
1466 2096 1632 2130 Orbicius.
1664 2115 1710 2119 —
1738 2095 1757 2128 l.
1785 2107 1838 2136 11,
1863 2106 1939 2127 eum

1288 2150 1466 2196 sepulchris
1484 2149 1585 2183 foras.
1608 2168 1649 2173 —-
1671 2148 1689 2181 l.
1717 2159 1770 2189 13,
1794 2155 1939 2192 propter.

1289 2207 1417 2239 Caetera
1443 2202 1568 2247 desunt,
1597 2214 1658 2235 uno
1670 2200 1755 2246 f0l1'0
1777 2200 1811 2234 in
1835 2198 1941 2234 codice

1286 2257 1407 2291 ablato.

1338 2324 1350 2343 1
1390 2309 1585 2348 Quinetiam
1627 2318 1817 2352 cognomen
1859 2306 1939 2340 illud

1287 2362 1451 2398 acceffiffe
1478 2362 1584 2407 potest
1613 2360 1790 2405 peregrino
1817 2359 1939 2402 nostro,

1291 2426 1426 2463 propter
1446 2415 1627 2461 quemdam
1646 2414 1829 2447 scribarum
1848 2425 1938 2447 erro-

1289 2484 1371 2512 rem,
1395 2470 1452 2515 qui
1473 2470 1577 2515 ipsum
1603 2467 1758 2501 eumdem
1785 2478 1824 2500 ac
1851 2479 1938 2500 mar-

1288 2534 1397 2571 tyrem
1413 2523 1642 2564 Antoninum,
1660 2520 1752 2555 cuius
1773 2520 1934 2554 memoria

1288 2576 1472 2612 Placentiae
1518 2576 1650 2619 colitur,
1699 2573 1764 2608 effe
1810 2571 1937 2618 opinati

1289 2631 1420 2665 fuerint.
