2216 3435
536 286 601 319 DE
636 286 1014 320 PREDICACIONE
1049 286 1082 317 S.
1127 286 1312 319 CRUCIS.
1550 285 1606 336 25

243 434 446 480 audafier
469 436 513 479 &
538 434 656 479 sume
691 436 891 480 crucem!
919 431 1115 495 Quidam
1152 432 1271 477 miles
1307 449 1457 494 captus
1483 433 1562 478 fuit
1587 450 1611 477 a

243 506 462 551 Saracenis
487 508 531 550 ὃς
548 506 767 567 suspensus
786 504 841 550 ad
872 522 1058 563 murum,
1078 502 1149 548 ubi
1168 504 1264 548 saxa
1283 502 1509 560 cadebant,
1529 522 1612 565 que

244 576 471 621 Christiani
490 575 777 638 proiiciebant
795 575 850 620 ad
870 573 1174 620 destruendum
1194 592 1383 629 murum,
1404 576 1449 619 &
1467 574 1612 619 Chris-

244 648 346 691 tiani
365 648 575 709 proiicere
595 645 810 692 ceffabant
831 646 930 691 illuc
947 644 1127 707 lapides,
1147 646 1247 706 quia
1266 645 1446 690 militem
1467 646 1616 690 timue-

243 734 342 763 runt
366 717 566 763 occidere
592 717 650 763 ibi
677 718 932 780 suspensum.
982 716 1118 778 Quod
1145 715 1294 761 videns
1323 716 1442 761 miles
1466 718 1615 760 coniu-

245 789 352 834 ravit
369 806 447 851 per
471 787 758 851 asperfionem
776 789 994 851 sanguinis
1022 788 1135 833 ihesu
1161 788 1318 833 Christi
1338 787 1616 842 Christianos,

246 858 367 921 quod
394 858 466 921 ipsi
493 876 674 923 propter
707 878 807 905 eum
832 877 923 904 non
951 858 1173 915 ceffarent,
1213 860 1256 903 ἅ
1291 857 1366 921 ipsi
1399 857 1500 902 ideo
1526 875 1616 903 non

246 929 480 990 cessabant,
506 930 577 976 sed
596 932 871 994 proiecerunt
892 929 1099 993 lapidem,
1121 931 1193 991 qui
1218 947 1294 992 per
1320 930 1401 974 Dei
1426 930 1619 992 graciam

245 1001 442 1064 percuffit
476 1002 598 1048 funes
630 1005 674 1048 ἃ
710 1019 894 1064 pann08‚
919 1019 995 1064 per
1030 1018 1139 1063 quos
1174 998 1394 1063 pendebat
1417 1000 1537 1044 miles
1563 997 1619 1043 ad

246 1091 434 1130 murum,
457 1074 572 1136 rupit
598 1091 686 1132 eos,
711 1076 755 1119 ὃς
779 1073 899 1118 miles
923 1071 1125 1118 liberatus
1145 1072 1202 1117 est
1219 1074 1264 1117 ὅ(
1284 1071 1418 1117 salvus
1438 1071 1622 1115 cucurrit

247 1143 303 1189 ad
329 1144 607 1190 Christianos.
635 1145 783 1190 Nolite
803 1161 908 1207 ergo
935 1142 1130 1188 diffidere
1157 1142 1212 1188 de
1237 1142 1424 1200 Christo,
1455 1141 1524 1187 sed
1554 1140 1622 1186 fir-

249 1233 369 1261 mam
393 1214 527 1260 fidem
552 1214 759 1262 habentes
788 1217 830 1260 in
857 1215 1075 1261 Christum
1099 1216 1143 1259 ὅ(
1163 1212 1418 1259 defiderium
1443 1212 1498 1258 ad
1524 1230 1623 1257 eum

249 1286 465 1345 veniendi⁷
496 1287 652 1350 surgite
688 1304 764 1348 per
787 1284 1074 1348 asperfionem
1100 1285 1331 1348 sanguiniS,
1358 1301 1505 1345 quam,
1543 1300 1623 1345 pro

249 1357 375 1403 nobis
400 1356 565 1416 effudit,
590 1359 634 1402 ὃς
654 1358 884 1420 sequimini
902 1374 1002 1402 eum
1027 1357 1070 1400 in
1096 1359 1240 1402 cruce!
1266 1355 1464 1417 Quidam
1488 1355 1624 1412 miles,

248 1430 292 1473 in
312 1427 426 1473 bello
441 1430 770 1488 Saracenorum,
794 1429 1037 1474 vulneratus
1058 1444 1245 1489 quatuor
1264 1426 1481 1484 militibus,
1508 1425 1626 1471 audi-

249 1500 323 1558 vit,
361 1499 482 1562 quod
506 1499 667 1545 medici
691 1499 897 1555 dicerent,
936 1499 1006 1544 illa
1029 1499 1205 1545 vulnera
1235 1497 1319 1543 effe
1345 1498 1559 1556 mortalia,
1584 1499 1628 1542 ὃς

251 1571 338 1633 ipse
358 1573 472 1633 cepit
490 1589 609 1616 arma
627 1572 711 1629 sua,
732 1589 816 1633 que
835 1572 924 1633 ipse
945 1570 1266 1633 deposuerat,&
1285 1569 1414 1615 dixit:
1438 1591 1460 1610 <c
1474 1570 1628 1614 Domi-

253 1663 276 1682 «
296 1659 375 1687 nus
393 1660 514 1688 meus
536 1642 672 1688 ihesus
691 1642 881 1688 Christus
897 1641 1040 1704 passus
1057 1642 1135 1686 fuit
1154 1658 1233 1703 pro
1248 1659 1318 1686 me
1333 1642 1526 1702 quinque
1539 1640 1629 1686 vul-

254 1733 276 1753 «
296 1730 412 1772 nera,
431 1715 476 1758 ὃς
496 1731 581 1776 ego
607 1712 759 1759 redibo
779 1715 822 1760 in
843 1712 1006 1759 bellum
1022 1715 1066 1758 ὃς
1085 1713 1232 1776 paciar
1252 1729 1333 1774 pro
1356 1729 1409 1757 eo
1430 1713 1629 1773 quintum

254 1805 276 1825 cr
294 1784 462 1842 vulnus,
480 1787 581 1846 quia
607 1801 756 1846 quater
780 1783 922 1847 paffus
950 1784 1088 1841 sum,»
1111 1785 1155 1828 ὃς
1175 1800 1275 1828 cum
1301 1799 1488 1827 armatus
1514 1780 1630 1837 effet5

253 1854 378 1901 rediit
401 1856 443 1901 in
471 1853 632 1900 bellum
656 1857 700 1900 ὃς
735 1855 894 1900 multos
921 1854 1081 1900 occidit
1107 1856 1361 1900 Sarracenos
1388 1855 1432 1898 ἅ
1458 1853 1631 1909 cadens,

255 1926 409 1988 quinto
436 1925 612 1972 vulnere
639 1942 830 1987 recepte,
857 1923 1044 1971 reddidit
1062 1925 1254 1986 spiritum
1274 1924 1460 1969 Christo.
1499 1925 1633 1987 Surge

254 2014 299 2042 tu
325 2014 446 2061 ergO,
473 1998 546 2058 qui
582 1997 643 2042 vis
668 1995 848 2042 reddere
873 1997 1065 2059 spiritum
1090 1995 1277 2051 Christo,
1304 1996 1388 2039 ἃς.
1434 1994 1633 2057 Quidam

254 2068 373 2114 miles
393 2069 436 2113 in
464 2085 625 2130 campo
652 2085 742 2113 erat
761 2085 914 2113 contra
937 2069 1173 2113 Saracenos
1197 2068 1241 2111 ὅς
1267 2065 1371 2110 dixit
1397 2083 1511 2127 equo
1533 2066 1632 2111 suo:

257 2160 280 2180 <c
298 2139 491 2197 Morene,
519 2139 712 2199 morelle,
737 2139 894 2202 pluries
916 2139 1039 2183 tulisti
1065 2139 1106 2182 in
1133 2136 1296 2183 bellum
1322 2154 1421 2182 cum
1445 2136 1572 2182 laude
1590 2139 1635 2182 &

257 2232 279 2251 cr
297 2211 491 2268 vicfforia,
513 2209 584 2256 sed
605 2228 831 2272 nunquam
857 2208 961 2256 ficut
985 2208 1132 2265 hodie,
1149 2209 1249 2270 quia
1274 2208 1405 2254 hodie
1435 2209 1540 2254 feres
1566 2227 1635 2254 me

259 2303 281 2322 α
299 2280 353 2327 ad
377 2283 511 2327 vitam
532 2298 726 2328 eternam
750 2304 771 2321 υ
791 2283 850 2340 &,
866 2280 1058 2345 pluribus
1082 2280 1137 2326 ab
1161 2298 1214 2326 eo
1241 2279 1402 2338 occisis,
1425 2281 1558 2326 facins
1578 2279 1635 2325 est

257 2369 417 2413 martyr
442 2354 485 2398 in
512 2354 726 2399 Domino.
754 2354 887 2417 Surge
913 2370 1018 2416 ergo
1038 2355 1082 2397 &
1101 2353 1189 2397 esto
1215 2369 1374 2411 martyr
1392 2352 1565 2408 Christi,
1586 2368 1636 2396 cx

257 2442 346 2486 quo
367 2423 430 2482 sis,
458 2422 579 2486 quod
606 2422 773 2469 necesse
791 2425 862 2481 est,
890 2441 930 2469 te
950 2425 1075 2481 mori,
1100 2425 1182 2468 &c

321 2493 519 2557 Qidam
541 2495 662 2540 miles
683 2495 819 2558 Hugo
841 2498 1020 2540 nomine
1041 2494 1094 2540 de
1119 2494 1234 2539 Bello
1255 2495 1433 2556 Campo
1454 2495 1494 2538 in
1518 2491 1633 2537 bello

256 2567 574 2612 Saracenorum
596 2582 773 2629 portans
792 2584 937 2611 veram
962 2566 1153 2611 Crucem
1174 2566 1338 2610 occisus
1363 2566 1421 2610 est
1440 2567 1483 2609 ὅς
1508 2563 1633 2609 dixit:

259 2659 280 2678 υ
307 2639 546 2699 Nunquam
568 2638 626 2682 fui
652 2639 695 2682 in
715 2636 831 2683 bello
853 2654 1012 2699 campo
1040 2635 1113 2681 nisi
1140 2636 1286 2692 hodie,
1314 2639 1358 2681 ὅς
1383 2652 1529 2681 tamen
1558 2652 1634 2678 no-

259 2729 281 2749 (τ
300 2709 443 2754 minor
467 2707 520 2754 de
557 2708 673 2754 Bello
709 2709 916 2770 Camp03
960 2708 1095 2771 surge,
1134 2725 1179 2753 ut
1208 2709 1353 2753 venias
1394 2706 1449 2752 ad
1476 2705 1635 2751 bellum

258 2801 281 2822 ct
298 2783 522 2842 campum!
537 2801 558 2820 n
577 2780 677 2824 Hoc
691 2780 748 2825 est
771 2783 963 2843 Ingeram
986 2778 1039 2824 de
1062 2780 1210 2835 ssovcs,
1230 2778 1350 2840 quod
1368 2778 1487 2824 miles
1508 2777 1636 2822 dixit:

1454 2880 1473 2907 4
