2216 3435
595 220 684 250 220
1028 212 1165 246 BEDA
1206 209 1535 244 VENERABILIS

593 364 648 410 ad
674 364 875 409 ultimum
908 363 1072 408 cunelis
1104 361 1304 422 utrinque
1337 356 1617 416 intuentibus,
1649 357 1733 402 sese
1756 355 1906 402 leviter
1929 355 1973 400 in

594 433 817 480 cuiusdam
837 433 890 479 de
911 433 1172 478 christianis‘¹
1191 429 1327 476 smum
1349 428 1564 492 deposuit,
1581 427 1704 490 quod
1725 444 1854 472 mane
1874 443 1977 472 mox

595 523 708 552 t0tus
735 505 923 568 populus
957 505 1122 550 summa
1147 502 1428 548 veneratione
1453 498 1659 545 salutabat
1683 501 1728 545 ὅ(
1753 496 1976 543 osculaba-

595 594 673 624 tur.
701 576 904 623 Habebat
928 592 1074 622 autem
1095 571 1381 637 longitudinis
1407 570 1538 634 pedes
1563 574 1680 616 ocio.
1707 568 1838 615 Aliud
1867 586 1976 631 quo-

596 667 680 712 que
707 649 930 711 aliquanto
958 640 1115 692 maiusb
1139 646 1322 690 linteum
1340 645 1382 690 in
1404 641 1579 689 ecclesia
1598 658 1837 700 veneratur,
1857 639 1979 702 quod

596 722 725 767 fertur
748 738 772 766 a
797 721 940 765 santsta
966 719 1100 763 Maria
1120 732 1395 772 contextum,
1417 713 1655 760 duodecim
1679 712 1980 776 apostolorum

595 795 640 839 ὅ(
674 791 800 855 ipsius
826 791 1009 837 Domini
1042 790 1272 834 continens
1311 787 1538 851 imagines,
1571 803 1659 831 uno
1690 785 1821 831 latere
1851 782 1980 829 rubro

595 866 641 910 ὃς
664 864 800 909 altero
825 860 962 908 viridi.

598 1061 651 1106 V.
678 1063 744 1105 ‘De
773 1060 874 1104 locis
898 1061 1002 1103 circa
1028 1058 1303 1118 Hierusalem,
1339 1058 1387 1100 de
1411 1056 1515 1101 valle
1540 1057 1744 1117 Iosaplzat,
1781 1056 1829 1099 de
1842 1056 1984 1117 sepul-

713 1149 779 1176 cro
804 1135 890 1175 eius
916 1130 1163 1187 aliorumque
1190 1128 1229 1172 ὃ
1254 1129 1302 1171 de
1325 1127 1500 1190 ecclesia,
1537 1130 1576 1171 in
1603 1144 1678 1186 qua
1693 1126 1861 1188 sepulta

1060 1203 1150 1260 fuit
1161 1201 1309 1261 sancffa
1336 1200 1509 1244 maria.

666 1333 797 1379 Circa
832 1330 1188 1390 Hierosolymam
1223 1329 1372 1392 aspera
1407 1329 1452 1374 ἃ
1488 1327 1722 1374 montuosa
1758 1343 1990 1373 cernuntur

600 1407 711 1452 loca.
739 1405 856 1449 I-Iinc
892 1419 1071 1465 quoque
1111 1402 1453 1464 septentrionem
1491 1400 1631 1446 versus
1657 1399 1790 1462 usque
1816 1397 1872 1444 ad
1896 1399 1989 1444 Ari-

604 1476 815 1523 mathiam
840 1491 949 1520 terra
984 1473 1155 1536 petrosa
1180 1474 1224 1517 ὃς
1249 1472 1396 1534 aspera
1420 1489 1497 1535 per
1521 1471 1747 1517 intervalla
1779 1471 1990 1517 monstra-

604 1566 684 1607 tur,
709 1547 839 1594 valles
862 1562 1040 1608 quoque
1066 1544 1235 1607 spinose
1259 1544 1390 1605 usque
1415 1542 1469 1588 ad
1494 1543 1740 1588 Taniticam
1764 1543 1991 1606 regionem

605 1635 828 1684 patentes3
864 1616 919 1662 ad
946 1616 1179 1662 Cesaream
1209 1632 1312 1662 vero
1351 1616 1551 1661 Palestine
1575 1614 1628 1661 ab
1654 1615 1752 1674 Elia,
1793 1614 1991 1676 quamvis

605 1693 750 1754 aliqua
784 1690 1050 1751 reperiantur
1086 1687 1267 1751 angusta
1299 1689 1344 1733 ὃς
1369 1686 1514 1733 brevia
1545 1703 1675 1749 atque
1706 1687 1854 1749 aspera
1876 1685 1990 1742 loca,

605 1763 813 1825 precipua
839 1777 985 1805 tamen
1012 1759 1210 1822 planities
1237 1776 1510 1821 camporum,
1534 1757 1791 1821 interpofitis
1811 1757 1991 1803 olivetis,

607 1834 795 1879 Distants
826 1848 971 1877 autem
1010 1832 1282 1894 septuaginta
1320 1831 1512 1892 quinque
1549 1828 1735 1875 millibus
1775 1827 1992 1892 passuum,

606 1904 840 1969 longitudo
859 1920 964 1950 vero
986 1919 1093 1948 terre
1115 1902 1452 1966 repromiffionis
1476 1920 1501 1947 a
1518 1903 1618 1947 Dan
1639 1902 1771 1963 usque
1790 1898 1993 1946 Bersabee

609 1977 797 2025 tenditur
817 1976 955 2039 spatio
975 1992 1152 2020 centum
1172 1975 1393 2038 sexaginta
1414 1974 1612 2033 millium,
1635 1972 1689 2018 ab
1707 1976 1840 2035 Ioppe
1859 1972 1993 2034 usque

609 2049 859 2097 Bethlehem
881 2045 1170 2110 quadraginta
1195 2046 1263 2092 sex
1284 2044 1483 2091 millibus.

676 2125 794 2167 quta
811 2137 983 2165 murum
1004 2118 1154 2182 templi
1174 2118 1243 2164 vel
1258 2117 1529 2163 Hierusalem
1550 2115 1604 2162 ab
1630 2117 1796 2161 oriente
1815 2115 1993 2162 Gehen-

610 2211 702 2240 non
717 2193 917 2250 occurrit,
939 2208 1024 2253 que
1038 2190 1095 2236 est
1114 2191 1236 2235 vallis
1249 2192 1452 2251 Iosaplzat,
1474 2206 1498 2234 a
1516 2188 1841 2250 septentrionali
1860 2187 1993 2250 plaga

610 2268 655 2311 in
674 2264 860 2311 austrum
878 2265 1092 2325 porre6la‚
1111 2279 1188 2325 per
1208 2278 1342 2323 quam
1362 2277 1528 2306 torrens
1547 2259 1743 2317 cedron,
1764 2257 1791 2304 si
1812 2258 1991 2321 quando

610 2335 855 2398 pluviarum
878 2351 1012 2396 aquas
1038 2333 1202 2396 recipit,
1241 2332 1438 2378 decurrit.
1481 2332 1578 2377 Hec
1610 2331 1730 2377 vallis
1768 2331 1825 2376 est
1859 2347 1994 2393 parva

611 2407 755 2470 campi
792 2407 1002 2469 planities,
1038 2407 1197 2469 irrigua
1231 2406 1275 2450 ὃς
1312 2403 1545 2449 nemorosa
1569 2403 1786 2465 plenaque
1817 2401 1995 2460 deliciis,

608 2476 785 2524 lucumd
806 2480 850 2523 in
877 2479 918 2524 se
938 2476 1166 2540 quondam
1190 2475 1304 2521 Baali
1323 2475 1490 2520 sacrum
1509 2472 1670 2520 habuit.
1698 2477 1742 2519 In
1766 2474 1849 2520 hac
1865 2479 1991 2520 turris

612 2550 669 2595 est
702 2551 814 2613 regis
850 2553 1052 2612 Iosaplzat,
1092 2547 1336 2611 sepulcrum
1366 2547 1455 2592 eius
1494 2547 1742 2592 continens:
1780 2546 1897 2591 cuius
1935 2544 1991 2591 ad

663 2692 692 2712 a.
707 2679 757 2713 Al.
773 2679 943 2712 christiana
959 2679 1064 2723 plebe.
1088 2698 1129 2703 --
1156 2680 1188 2711 b.
1208 2680 1257 2711 Pc.
1341 2677 1539 2711 «vocabulum
1566 2678 1666 2710 habet
1692 2675 1916 2710 Hieronimus.
1948 2696 1991 2701 —

616 2732 747 2767 maioris
768 2733 871 2779 spatij.
893 2753 935 2758 —
959 2744 987 2766 c.
1009 2734 1057 2766 Pc.
1075 2731 1187 2776 supra
1201 2733 1257 2766 hoc
1341 2731 1371 2763 d.
1391 2730 1444 2764 Al.
1466 2732 1496 2764 δι
1515 2730 1639 2764 locum.
