2216 3435
552 252 961 286 CRUCIGERORUM
997 252 1377 286 RHENANORUM.
1593 256 1655 305 47

283 420 395 458 cam,
439 399 564 447 nobis
602 400 700 446 talia
745 417 835 446 non
877 398 1199 463 suspicantibuS,
1240 416 1340 444 cum
1380 400 1656 448 multitudine
1675 396 1811 466 &iffi-99·

280 474 401 535 gravi
425 472 602 534 propius
638 470 895 517 accederent
919 474 963 517 ὃς
987 474 1030 517 in
1053 472 1146 534 ipso
1178 473 1220 517 se
1246 471 1403 518 fossato
1429 475 1655 536 precipita-

280 559 387 601 rent,
435 542 506 588 sed
536 542 694 587 auxilio
728 542 876 588 divino
915 560 1013 588 cum
1041 543 1162 605 gravi
1200 542 1366 588 damno
1392 546 1587 605 equitum
1611 547 1656 590 &

279 631 494 677 equorum
518 613 692 657 suorum
717 612 867 674 repulsi
892 614 997 659 sunt.

340 688 472 731 Anno
515 685 658 747 gracie
701 682 925 744 millesimo
969 683 1264 730 ducentesimo
1308 703 1429 731 nono
1477 684 1651 730 decimo

277 758 426 819 regina
462 756 686 801 civitatum
725 754 1001 800 lherosolima
1032 754 1242 801 destruFta
1267 757 1323 801 est
1359 774 1384 801 a
1408 755 1652 814 Coradino,

275 826 510 890 Saphadini
534 825 642 881 filio,
684 827 784 871 foris
815 829 859 871 ὃς
885 828 1024 882 intu83
1063 829 1173 872 muri
1208 830 1296 873 eius
1332 845 1434 873 cum
1472 827 1653 873 turribus

273 916 415 961 preter
451 899 687 960 Templum
730 899 912 943 Domini
948 900 993 943 &
1028 900 1178 943 turrim
1217 898 1363 945 David
1398 901 1442 944 in
1475 917 1653 946 acervos

272 969 468 1032 lapidum
494 970 588 1014 sunt
614 968 788 1025 redacffi,
825 968 878 1014 de
910 969 1104 1031 sepulcro
1134 971 1317 1014 Domini
1344 970 1538 1033 glorioso
1563 970 1653 1016 des-

272 1040 470 1087 tituendo
514 1039 739 1085 consilium
768 1039 1010 1085 habuerunt
1040 1042 1259 1086 Sarraceni
1295 1043 1339 1086 &
1381 1059 1457 1103 per
1491 1042 1651 1088 litteras

272 1113 528 1157 comminati
553 1112 658 1168 sunt,
694 1129 799 1173 quas
825 1110 988 1157 civibus
1014 1113 1217 1157 Damiate
1242 1111 1297 1157 ad
1321 1113 1516 1175 ipsorum
1541 1114 1649 1159 sola-

271 1184 387 1228 cium
424 1184 754 1229 transmilerunt.
806 1182 889 1228 Sed
930 1182 1030 1227 huic
1073 1184 1302 1228 temeritati
1344 1201 1524 1247 propter
1564 1185 1651 1230 loci

270 1256 562 1301 reverenciam
591 1271 724 1299 nemo
769 1253 1021 1316 presumpfit
1061 1271 1212 1300 manus
1255 1271 1498 1317 opponere,
1544 1255 1649 1302 licut

270 1327 387 1371 enim
411 1327 453 1371 in
485 1325 706 1381 alcorano,
746 1324 855 1370 libro
890 1325 1039 1388 legum
1077 1342 1243 1384 eorum,
1275 1326 1499 1388 scriptum,
1534 1327 1650 1373 hunc

272 1398 405 1442 lesum
428 1396 661 1453 Christum,
698 1397 944 1441 Dominum
970 1397 1178 1456 nostrum,
1215 1396 1397 1443 credunt
1435 1397 1489 1443 de
1513 1399 1649 1444 Maria

268 1469 433 1531 virgine
458 1484 722 1529 conceptum
746 1469 790 1512 ὅ(
816 1483 981 1524 natum,
1019 1484 1151 1529 quem
1183 1466 1268 1514 line
1292 1485 1475 1531 peccato
1501 1469 1648 1516 vixisse

267 1540 531 1603 prophetam
554 1541 598 1583 ὅς
623 1538 717 1601 plus
754 1556 887 1599 quam
923 1539 1186 1601 prophetam
1211 1540 1482 1602 profitentur,
1517 1558 1646 1587 cecos

266 1609 535 1669 illuminasse,
570 1610 764 1671 leprosos
802 1609 1043 1669 mundasse,
1082 1627 1280 1656 mortuos
1312 1611 1538 1670 suscitasse,
1575 1612 1645 1658 fir-

0 1721 1 1735 ,
266 1684 391 1728 miter
426 1681 625 1740 afferunt,
661 1682 800 1727 virum.
840 1680 894 1726 ad
921 1682 1037 1727 celos
1062 1681 1314 1741 ascendisse,
1350 1685 1640 1747 cognoscunt.

0 1744 40 1798 l'·‚
58 1759 203 1799 f-9v‘2c·
221 1771 246 1792 1-
264 1753 394 1801 Unde
435 1752 614 1814 quando
660 1768 858 1815 tempore
902 1769 1153 1816 treugarum
1199 1755 1410 1816 sapientes
1450 1756 1644 1817 ipsorum

267 1825 589 1870 lherosolimam
629 1822 934 1882 ascendebant,
986 1823 1160 1869 codices
1201 1825 1532 1887 euangeliorum
1569 1826 1644 1873 fibi

264 1895 451 1942 exhiberi
494 1893 769 1957 postulabant
812 1897 856 1940 ὅ(
898 1894 1203 1940 osculabantur
1243 1897 1288 1940 &
1328 1896 1643 1944 venerabantur

264 1984 441 2029 propter
461 1965 731 2012 mundiciam
746 1966 868 2029 legi8‚
891 1984 1024 2028 quam
1038 1966 1230 2012 Christus
1245 1966 1380 2025 dedit,
1400 1970 1444 2013 ὃς
1462 1986 1643 2032 propter

262 2038 495 2084 lechonem
521 2038 706 2082 maxime
733 2037 947 2100 euangelij
973 2038 1111 2082 Luce:
1139 2059 1161 2078 a
1194 2040 1359 2098 miffus
1395 2044 1447 2099 est
1472 2043 1641 2087 Gabriel

261 2111 427 2171 angelus
455 2130 476 2149 n
509 2107 647 2172 (Luc,
676 2121 705 2165 Ι,
745 2106 839 2167 26),
869 2126 1002 2170 quam
1039 2109 1214 2160 litterati
1244 2111 1353 2156 inter
1388 2128 1463 2156 eos
1499 2112 1638 2174 sepius

261 2196 461 2243 repetunt
495 2182 539 2225 ὃς
576 2182 817 2225 retracstant.
856 2180 937 2225 Lex
969 2196 1115 2225 autem
1140 2198 1307 2241 eorum,
1345 2199 1494 2243 quam,
1533 2183 1638 2228 Dia-

262 2251 365 2298 bolo
395 2261 405 2281 ¹
434 2250 637 2308 diclante‚
679 2251 913 2296 ministerio
939 2252 1072 2314 Sergij
1108 2253 1332 2318 monachi,¹
1370 2253 1565 2316 apostate
1594 2257 1639 2300 δε

263 2322 452 2379 heretici,
476 2321 780 2367 Nlachometus
805 2323 1043 2367 Sarracenis
1069 2321 1202 2382 dedit,
1229 2322 1397 2370 arabice
1416 2325 1637 2387 scriptam:

260 2413 281 2438 α
322 2395 464 2454 gladio
501 2396 618 2453 cepit,
648 2411 726 2454 per
763 2394 947 2453 gladium
982 2411 1134 2438 tenetur
1169 2395 1208 2439 ὃ»
1247 2400 1286 2440 in
1322 2397 1465 2457 gladio
1501 2400 1638 2441 termi-

0 2473 66 2511 ·..,p.
88 2481 157 2511 234,
174 2483 238 2502 c-1-
258 2466 429 2509 nabitur.
474 2462 776 2508 Machometus
813 2464 887 2509 iste
912 2464 1131 2509 illiteratus
1164 2465 1255 2523 fuit,
1288 2464 1390 2511 licut
1417 2466 1506 2528 ipse
1536 2483 1637 2528 pro-

259 2535 431 2580 testatur
457 2536 499 2580 in
525 2534 733 2580 alcorano
766 2535 840 2580 suo
865 2538 924 2594 ὅς,
957 2553 1040 2598 que
1071 2539 1398 2598 prenominatus
1429 2538 1637 2583 hereticus

260 2606 456 2665 dielavit³
490 2606 578 2668 ipse
603 2606 899 2670 promulgavit
921 2609 967 2653 ὃς
995 2624 1072 2669 per
1097 2609 1472 2655 comminaciones
1495 2608 1638 2654 statuit

311 2778 318 2796 1
341 2765 574 2807 Restituendum
593 2765 751 2808 censemus
770 2778 785 2798 e
804 2774 892 2800 textu
910 2766 1063 2809 Oliverzj
1075 2774 1135 2810 pro
1151 2767 1278 2801 lellione
1296 2768 1445 2802 Codicum
1464 2767 1631 2813 discipulo.
