2216 3435
602 210 692 258 218
1034 221 1173 254 BEDA
1209 221 1540 254 VENERABILIS

599 384 654 427 ΙΙΙ.
693 386 760 427 ‘De
799 384 972 444 templo,
1014 384 1062 426 de
1099 386 1278 427 oratorio
1313 383 1651 438 sarracenorum,
1695 385 1743 427 de
1779 384 1977 444 ‘Berliqsda

654 457 839 515 piscina,
866 456 914 498 de
929 457 1050 513 fonte
1077 454 1204 511 Silae,
1230 455 1278 497 de
1302 455 1461 515 ecclefia
1474 456 1600 514 super
1624 472 1790 499 montem
1817 457 1916 500 Sion

751 528 947 586 fundata,
973 527 1021 570 de
1044 526 1133 570 loco
1156 526 1428 586 lapidationis
1442 528 1581 586 sancii
1604 529 1809 586 Stephani,

1097 598 1146 641 de
1171 598 1302 641 medio
1327 599 1475 642 mundi.

665 711 760 756 Hec
798 709 978 771 quidem
1015 710 1180 768 omnia,
1218 726 1302 770 que
1336 711 1800 769 commemoravimus,
1835 710 1980 755 sancia

597 781 698 827 loca
718 798 834 827 extra
854 797 1054 826 montem
1073 781 1177 826 Sion
1197 779 1335 843 posita
1353 797 1598 839 cernuntur,
1617 798 1707 843 quo
1727 781 1768 826 se
1784 780 1840 826 ad
1859 782 1982 844 aqui-

596 853 747 897 lonem
786 852 991 898 deficiens
1026 852 1114 896 loci
1152 868 1296 897 tumor
1331 853 1536 914 porrexit.
1576 855 1618 897 In
1649 852 1840 898 inferiori
1877 869 1981 899 vero

599 940 721 986 parre
744 923 872 983 urbis,
898 921 969 969 ubi
993 925 1180 984 templum
1205 924 1249 969 in
1274 924 1431 968 vicinia
1457 925 1566 968 muri
1591 922 1644 969 ab
1672 925 1836 970 oriente
1860 924 1983 969 loca-

598 1012 691 1040 tum
720 993 884 1057 ipsique
911 993 1018 1053 urbi,
1047 993 1219 1040 tranfitu
1245 996 1411 1057 pervio,
1438 1011 1573 1057 ponte
1599 993 1819 1041 mediante
1847 995 1984 1041 fuerat

598 1068 899 1125 coniundlum,
926 1083 1042 1111 nunc
1067 1064 1125 1111 ibi
1148 1070 1362 1112 sarraceni
1387 1066 1647 1129 quadratam
1667 1066 1867 1125 domum,
1888 1065 1982 1112 sub-

597 1140 719 1184 reclis
748 1137 927 1184 tabuhs“
965 1139 1009 1182 δε
1039 1139 1211 1201 magnis
1236 1136 1424 1183 trabibus
1455 1138 1581 1201 super
1606 1137 1816 1200 quasdam
1841 1138 1983 1183 ruina-

598 1228 693 1255 rum
727 1210 927 1271 reliquias
952 1209 1027 1255 vili
1051 1226 1184 1272 opere
1210 1209 1518 1268 construentes,
1549 1211 1750 1255 oratione
1782 1209 1982 1271 frequen-

597 1298 705 1341 tant,
731 1299 815 1343 que
841 1282 919 1327 tria
941 1280 1074 1326 millia
1099 1280 1331 1326 hominum
1356 1297 1512 1344 capere
1536 1280 1716 1327 videtur.
1743 1281 1878 1327 Pauce
1898 1281 1984 1326 illic

598 1353 774 1398 cisterne
804 1353 847 1398 in
884 1351 1008 1398 usum
1043 1369 1257 1414 aquarum
1288 1368 1531 1398 cernuntur.
1564 1355 1608 1397 ln
1640 1353 1799 1399 vicinia
1830 1353 1982 1415 templi

599 1427 821 1487 cBethsaida
838 1426 1001 1484 piscina
1027 1424 1207 1486 gemino
1233 1422 1406 1487 insignis
1438 1424 1535 1470 lacu
1559 1440 1757 1487 apparet,
1792 1441 1982 1487 quorum

597 1496 701 1542 alter
725 1494 914 1541 hibernis
939 1495 1196 1558 plerumque
1224 1495 1430 1558 impletur
1453 1493 1677 1555 imbribus,
1703 1495 1809 1542 alter
1838 1493 1974 1541 rubris

598 1567 656 1612 est
675 1566 863 1613 discolor
881 1569 1019 1630 aquis
1040 1566 1108 1613 Ab
1129 1585 1179 1614 ea
1195 1568 1337 1613 fronte
1355 1568 1517 1612 montis
1530 1568 1650 1626 Sion,
1671 1585 1755 1630 que
1773 1584 1980 1631 prerupta

598 1656 704 1702 rupe
743 1639 1000 1685 orientalem
1033 1639 1215 1702 plagam
1250 1639 1427 1701 lpetstat,
1467 1639 1577 1685 intra
1608 1656 1756 1685 muros
1780 1656 1912 1702 atque
1934 1640 1978 1684 in

596 1709 812 1756 radicibus
836 1711 957 1756 collis
964 1715 1068 1771 fons
1087 1712 1202 1756 siloe
1225 1712 1485 1773 prorumpit,
1512 1711 1587 1773 qui
1605 1711 1843 1756 alternante
1872 1727 1981 1772 quo-

597 1781 702 1828 dam
727 1799 939 1844 aquarum
964 1780 1132 1828 accessu
1151 1783 1195 1827 in
1216 1781 1444 1827 meridiem
1473 1780 1580 1841 fluit,
1606 1780 1651 1827 id
1677 1783 1734 1827 est
1758 1799 1852 1828 non
1869 1782 1981 1845 iugi-

595 1852 699 1900 busb
735 1855 872 1916 aquis,
907 1852 979 1899 sed
1009 1855 1054 1898 in
1093 1855 1215 1899 certis
1241 1853 1357 1899 horis
1384 1851 1620 1915 diebusque
1651 1851 1800 1899 ebullit
1829 1855 1874 1900 δε
1906 1871 1983 1917 per

597 1942 805 1971 terrarum
840 1941 1039 1971 concava
1078 1927 1123 1971 ἃ
1155 1942 1277 1971 antra
1315 1926 1402 1971 saxi
1427 1923 1631 1970 duriffimi
1671 1941 1772 1970 cum
1813 1941 1980 1988 magno

599 1997 739 2042 sonitu
769 1997 916 2042 venire
941 1996 1178 2043 consuevit.

662 2071 706 2113 In
732 2068 938 2130 superiori
964 2070 1125 2115 montis
1147 2069 1251 2114 Sion
1276 2068 1455 2131 planitie
1480 2067 1804 2113 monachorum
1828 2067 1980 2114 cellule

596 2140 841 2202 frequentes
866 2138 1089 2185 ecclefiam
1114 2156 1325 2203 magnam
1361 2138 1647 2198 circumdant,
1680 2139 1780 2198 illic,
1817 2155 1862 2184 ut
1885 2156 1983 2201 per-

595 2210 759 2270 hibent,
781 2209 834 2256 ab
855 2211 1061 2273 apostolis
1080 2210 1326 2269 fundatam,
1345 2227 1398 2256 eo
1423 2209 1544 2272 quod
1566 2209 1624 2256 ibi
1648 2211 1842 2273 spiritum
1862 2211 1982 2256 sanc-

595 2300 689 2328 tum
716 2283 965 2344 acceperint
982 2281 1130 2345 ibique
1156 2282 1301 2328 sancla
1319 2282 1454 2327 Maria
1479 2280 1651 2327 obierit:
1677 2283 1720 2328 in
1747 2299 1832 2344 qua
1851 2283 1984 2329 etiam

593 2354 718 2400 locus
741 2370 846 2399 cene
866 2355 1052 2399 Domini
1070 2352 1326 2401 venerabilis
1340 2351 1588 2399 ostenditur.
1610 2352 1694 2399 Sed
1712 2355 1756 2398 ὃς
1778 2353 1985 2399 columna

597 2442 841 2471 marmorea
878 2426 923 2470 in
947 2424 1097 2471 medio
1122 2426 1200 2470 stat
1225 2423 1411 2483 ecclefie,
1437 2425 1505 2469 cui
1529 2423 1739 2471 adherens
1764 2425 1983 2471 Dominus

596 2494 838 2559 flagellatus
880 2498 948 2542 est.
1008 2497 1147 2542 l-luius
1189 2513 1295 2559 ergo
1340 2493 1513 2542 ecclesie
1557 2496 1649 2542 talis
1696 2495 1851 2542 dicitur
1895 2494 1981 2542 effe

596 2567 772 2631 figuras

643 2693 672 2715 a.
695 2684 742 2715 Pc.
766 2683 823 2715 sub
838 2690 863 2716 t.
887 2703 929 2708 —
949 2685 980 2716 b.
1006 2684 1070 2724 M.,
1095 2684 1172 2724 Pa„
1192 2684 1244 2724 0.‚
1331 2683 1400 2716 bus.
1429 2702 1470 2708 —-
1490 2694 1518 2716 c.
1537 2685 1599 2725 M.,
1619 2685 1666 2717 Pc.
1692 2684 1814 2717 babent
1826 2685 1978 2728 figuram

597 2735 659 2777 Pa,
673 2737 723 2768 ed.
739 2735 814 2779 Bas.
837 2736 917 2780 Col.‚·
930 2736 975 2769 al.
987 2736 1085 2769 certis
1098 2736 1147 2769 vel
1161 2736 1244 2781 iugi·
1329 2736 1458 2781 ecclesie.
