2216 3435
547 218 580 268 4
1099 212 1386 246 ORDINACIO

549 363 656 409 dum
682 380 859 410 carnem
885 362 941 407 est
967 378 1179 419 amarum,
1206 376 1464 405 convertens
1490 359 1533 404 in
1559 358 1618 416 id,
1636 357 1758 421 quod
1784 359 1933 404 secun-

549 435 655 481 dum
680 436 873 497 spiritum
899 435 955 480 est
981 433 1122 489 dulce,
1146 435 1190 478 ὃ(
1216 449 1382 494 pompe
1409 429 1631 476 mundane
1658 429 1935 476 umbratilem

550 509 749 570 respuens
785 508 1038 560 vanitatem,
1078 504 1134 550 ad
1166 505 1308 567 ipsum
1334 501 1555 559 veniendi,
1585 522 1607 548 α
1633 522 1709 564 quo
1730 508 1781 563 est
1807 507 1935 548 omnis

548 580 669 636 salus,
688 584 756 638 qui
780 584 830 639 est
855 584 933 633 νὶα,
960 584 1106 624 veritas
1132 578 1171 622 δ’
1197 581 1278 621 vita
1304 577 1494 635 (Ioann.‚
1519 588 1620 633 XIV,
1647 574 1713 635 ὁ),
1739 575 1937 620 semitam

549 649 835 696 breviffimam
872 649 944 695 fibi
986 650 1105 712 eligit
1137 646 1412 704 imitandam,
1441 664 1486 692 ut
1513 663 1629 691 mors
1653 647 1739 692 vite
1766 663 1936 708 tempo-

549 721 644 766 ralis
684 720 728 766 fit
764 720 878 783 quasi
918 723 1043 766 ianua
1078 722 1122 765 ὃς
1158 719 1355 763 introitus
1393 718 1514 781 regni
1546 717 1741 762 celorum
1772 718 1816 762 &
1851 718 1937 763 vite

548 792 849 838 indeficientis.
879 796 996 839 Cum
1015 793 1143 852 igitur
1160 806 1324 853 quanto
1346 790 1485 853 magis
1512 787 1674 850 aliquid
1696 789 1752 834 est
1768 786 1938 835 bonum

548 866 592 908 ὅς
625 864 719 926 plus
745 863 1013 922 dclcchbile,
1035 853 1177 909 *tanto
1220 862 1358 925 magis
1389 859 1435 905 {it
1472 858 1788 923 appetendum,
1813 862 1858 905 ὅς
1882 860 1938 906 ad

550 937 689 998 ipsum
715 954 768 981 eo
795 938 933 999 magis
961 934 1005 980 {it
1030 933 1378 991 accelerandum,
1403 932 1459 978 ad
1485 951 1600 990 eum,
1637 950 1726 995 quo
1752 932 1858 978 nihil
1881 933 1938 978 est

548 1008 714 1065 melius,
742 1008 808 1053 vel
834 1006 1129 1053 delechbssius
1154 1008 1197 1052 in
1224 1022 1369 1062 cruce,
1394 1022 1478 1066 que
1504 1005 1561 1050 est
1586 1006 1654 1051 via
1678 1003 1797 1067 apud
1822 1004 1938 1050 celos

547 1078 804 1136 breviffima,
841 1080 898 1124 est
939 1077 1271 1142 properandum
1307 1076 1572 1122 dilacionem
1600 1075 1809 1140 fugiendo
1836 1093 1938 1122 cum

551 1151 731 1196 ferventi
757 1149 981 1196 defiderio.
1014 1150 1079 1195 Ne
1104 1151 1233 1213 igitur
1258 1148 1313 1194 ad
1340 1166 1440 1194 eum
1466 1146 1669 1194 veniendi
1695 1165 1847 1210 queras
1872 1147 1936 1194 di-

548 1223 766 1267 lacionem
803 1240 878 1284 per
919 1220 1092 1268 effecius
1124 1220 1400 1267 evidenciam
1433 1237 1523 1265 non
1561 1217 1794 1265 observans
1830 1219 1938 1266 illud

550 1291 824 1351 mandatum,
854 1315 874 1334 α
896 1295 1068 1354 ‘Diliges
1089 1298 1220 1338 ‘Deum
1246 1311 1353 1337 tuum
1378 1312 1423 1337 ex
1440 1309 1522 1337 toto
1543 1293 1675 1350 corde,
1695 1293 1794 1349 &e.‚
1815 1310 1837 1335 α
1863 1308 1937 1350 quo

542 1368 690 1427 pendet
723 1383 805 1410 tota
843 1368 904 1410 lex
941 1366 980 1410 ὁ)
1014 1370 1205 1425 prophete
1233 1385 1254 1404 υ
1290 1363 1482 1424 (Matth.‚
1525 1376 1649 1421 XXII,
1677 1375 1736 1425 37
1770 1364 1815 1407 &
1838 1363 1938 1424 40),

551 1455 650 1482 eum
679 1438 867 1498 sequere,
883 1439 957 1499 qui
980 1436 1106 1482 dicit:
1129 1458 1150 1477 <r
1170 1440 1316 1482 Servus
1336 1455 1410 1482 non
1427 1440 1478 1495 est
1498 1440 1628 1480 maior
1646 1437 1899 1496 dominosuo
1913 1456 1936 1476 υ

551 1511 736 1568 (loanm,
761 1522 868 1564 XIII,
903 1510 994 1568 16),
1014 1510 1057 1553 ὃς
1073 1506 1186 1566 alibi,
1205 1529 1227 1548 <c
1251 1511 1329 1553 Ubi
1341 1510 1435 1568 sum
1456 1509 1723 1569 eg0‚scilicet
1746 1511 1786 1551 in
1811 1525 1937 1564 cruce,

552 1581 641 1625 illic
665 1581 705 1625 ἃ
731 1584 901 1639 minister
926 1599 1032 1625 meus
1057 1584 1133 1625 erit
1157 1601 1179 1620 υ
1218 1583 1405 1640 (mann,
1447 1592 1535 1635 XII,
1577 1580 1674 1639 26),
1711 1579 1827 1640 quia,
1866 1579 1938 1640 qui

551 1651 657 1696 mihi
694 1652 915 1708 ministrat,
953 1669 1022 1697 me
1063 1652 1277 1713 sequatur,
1313 1652 1356 1695 in
1394 1667 1521 1695 cruce
1555 1650 1738 1708 scilicet⁷
1772 1651 1817 1696 in
1852 1668 1939 1713 qua

551 1723 783 1768 moriendo
804 1724 1022 1768 Dominus
1042 1741 1179 1786 genus
1205 1722 1386 1768 redemit
1411 1722 1678 1780 humanum3
1704 1720 1808 1766 dicit
1820 1723 1938 1767 enim

549 1795 594 1839 in
620 1794 852 1857 Evangelio
872 1817 880 1840 :
909 1816 929 1834 a
958 1798 1077 1856 Qifi
1094 1812 1264 1855 granum
1287 1797 1486 1854 frumenti
1512 1796 1656 1838 cadens
1678 1798 1718 1838 in
1742 1811 1887 1838 terram
1909 1803 1919 1822 ¹

550 1884 743 1911 mortuum
770 1870 920 1926 fuerit,
954 1869 1080 1926 ipsum
1119 1883 1249 1910 manet
1268 1867 1443 1927 solum»
1489 1867 1677 1925 (loann.‚
1716 1878 1803 1924 XII,
1839 1870 1934 1928 24).

550 1936 743 1982 Christus
785 1937 941 1983 dicitur
977 1955 1164 2001 granum
1197 1937 1416 1995 frumenti,
1450 1937 1549 1998 quia
1581 1953 1633 1981 eo
1666 1937 1868 1996 fruemur,
1893 1938 1938 1982 ὃς

551 2007 708 2054 dicitur
740 2027 940 2072 granum,
973 2010 1089 2071 quia,
1123 2007 1225 2053 ficut
1258 2026 1445 2071 granum
1478 2008 1681 2054 frumenti
1705 2010 1763 2054 est
1787 2008 1936 2054 candi-

551 2079 658 2125 dum
683 2081 860 2125 interius
879 2082 923 2125 ὃς
943 2079 1237 2125 rubicundum
1257 2081 1453 2139 emerius,
1471 2078 1524 2124 fic
1548 2079 1740 2126 Christus
1762 2081 1937 2126 interius

551 2151 762 2198 candidus
789 2169 864 2214 per
889 2153 1198 2198 innocenciam
1217 2154 1261 2197 ὃς
1280 2153 1586 2215 virginitatem,
1603 2154 1648 2197 ὃς
1672 2151 1936 2199 rubicundus

551 2223 630 2268 fuit
653 2224 834 2268 exterius
859 2225 900 2268 in
927 2241 1053 2269 cruce
1077 2241 1154 2286 per
1179 2224 1405 2286 proprium
1430 2224 1699 2287 sanguinem.
1729 2227 1768 2269 [n
1795 2241 1936 2287 grano

551 2295 760 2340 frumenti
785 2295 841 2339 est
867 2294 1059 2355 quedam
1084 2295 1190 2339 rima
1216 2293 1331 2355 quafi
1354 2295 1464 2340 inter
1481 2293 1586 2353 dut),
1612 2312 1695 2357 que
1721 2296 1937 2353 uniuntur,

552 2363 607 2409 fic
637 2365 732 2410 sunt
761 2366 803 2409 in
837 2365 1010 2410 Christo
1044 2364 1128 2410 due
1169 2381 1330 2422 nature,
1370 2365 1529 2410 scilicet
1552 2367 1704 2412 Dei&
1728 2366 1936 2426 hominis,

553 2452 636 2497 que
663 2439 705 2481 in
726 2453 778 2481 eo
799 2438 1016 2482 uniuntur.
1043 2436 1235 2482 Christus
1260 2437 1376 2481 enim
1403 2437 1460 2482 est
1484 2455 1606 2483 verus
1623 2439 1935 2485 Deus&verus

552 2507 705 2572 homo,
749 2509 850 2570 quia
875 2509 932 2553 est
957 2508 1081 2571 gigas
1107 2508 1282 2571 gemine
1308 2507 1558 2555 substancie.
1606 2510 1723 2555 Sicut
1747 2528 1935 2573 granum

552 2578 756 2623 frumenti
782 2580 957 2625 molitur
980 2582 1025 2625 in
1051 2579 1169 2624 mola
1193 2580 1302 2625 inter
1321 2579 1432 2625 duos
1455 2580 1637 2643 lapides,
1663 2580 1718 2626 fic
1743 2581 1936 2628 Christus

551 2651 597 2694 in
622 2667 747 2695 cruce
772 2652 881 2696 inter
905 2650 1015 2696 duos
1041 2650 1244 2715 populos,
1276 2651 1433 2698 scilicet
1466 2652 1686 2698 Iudaicum
1710 2655 1755 2700 ὅ(
1780 2654 1936 2700 Genti-

606 2769 617 2793 !
641 2757 774 2793 Cadens
792 2758 823 2792 in
839 2767 959 2794 tetram
979 2760 1058 2793 add.
1081 2769 1116 2792 οι.

1959 735 2209 778 Afi57a,c.2.

1956 2451 1985 2479 A
2001 2447 2021 2478 f.
2039 2457 2076 2488 57
2090 2448 2118 2489 b,
2135 2460 2159 2481 c.
2180 2459 2205 2480 1.
