2216 3435
517 182 586 228 lV.
636 195 935 240 EUCHERIUS,
973 193 1038 226 DE
1075 193 1214 226 LOCIS
1249 194 1470 228 SANCTIS.
1597 184 1681 242 xvij

960 375 1009 420 ΙΙΙ

412 507 588 541 PAULA
616 508 686 541 ET
714 508 1043 541 EUSTOCHIUM
1072 508 1141 541 DE
1164 508 1313 543 LOCIS
1335 509 1563 544 SANCTIS.

350 632 501 692 Forsan
523 634 673 688 quidam
694 635 953 686 mirabuntur,
970 635 1067 689 quod
1083 650 1203 676 annus
1215 635 1293 690 386
1314 652 1453 677 annum
1472 650 1551 691 404
1570 639 1608 678 in
1625 639 1686 679 hoc

298 699 429 738 titulo:
461 698 738 753 Peregrinatio
761 698 784 739 s.
807 698 954 751 Paulae,
968 701 1176 758 secundum
1206 710 1407 755 temporum
1433 704 1595 744 ordinem
1617 721 1684 744 non

295 765 514 817 praecedat;
542 764 617 805 eius
650 774 771 805 autem
799 766 857 806 rei
883 767 1036 824 causam
1065 767 1103 806 in
1129 782 1164 806 eo
1188 768 1406 822 reperimus,
1427 770 1523 822 quod
1543 770 1685 829 utrius-

295 845 361 883 que
391 829 578 870 Romana:
614 840 797 871 matronae
825 833 1079 886 peregrinatio
1107 832 1218 873 multo
1242 834 1352 886 prior
1385 836 1446 886 est,
1462 851 1573 888 quum
1593 846 1685 890 pro-

283 896 388 951 fecto
398 895 530 953 serius
549 895 805 948 Marcellam,
826 906 867 936 ut
884 898 1093 937 Bethlehem
1110 899 1268 949 veniret,
1287 899 1552 941 invitaverint.

349 961 557 1017 Impreffas
581 970 726 1002 tantum
755 963 923 1004 editiones
951 964 988 1003 in
1017 963 1189 1004 manibus
1216 964 1423 1006 habuimus.
1441 977 1452 997 1
1481 966 1684 1007 Editionem

296 1025 337 1068 V
334 1026 483 1081 allarstj
510 1027 547 1066 in
565 1025 607 1082 s.
637 1026 864 1082 Hieronymi
884 1028 1026 1081 Opera
1060 1043 1185 1080 omn.,
1213 1039 1294 1070 tom.
1330 1029 1362 1082 Ι,
1393 1041 1499 1085 part.
1530 1045 1565 1083 2,
1593 1043 1684 1087 pag.

291 1104 367 1146 203
382 1093 470 1150 sqq.
502 1091 563 1145 (V
559 1101 661 1144 enet.,
694 1094 823 1147 1766),
849 1095 1012 1135 omnibus
1042 1095 1126 1135 aliis
1148 1096 1314 1149 praetuli.
1345 1096 1386 1138 V
1382 1097 1558 1153 allarfius
1590 1100 1685 1157 epis-

291 1159 401 1199 tolam
435 1158 473 1197 in
506 1158 673 1213 capitula
701 1159 900 1218 diviserat,
925 1175 969 1199 ac
989 1161 1088 1201 nohis
1103 1161 1226 1216 primo
1255 1162 1458 1217 exemplum
1487 1163 1562 1204 eius
1578 1164 1684 1219 sequi

291 1239 361 1264 non
401 1223 486 1263 utile
524 1223 648 1281 visum
660 1224 817 1278 fuerat.
858 1226 961 1266 Dein
996 1241 1087 1266 vero
1116 1243 1153 1267 eo
1179 1228 1348 1268 venimus
1374 1238 1425 1279 ut,
1459 1230 1686 1284 nonolstante

293 1288 483 1344 epistolari
487 1289 632 1341 forma,
646 1290 892 1343 capitulorum
902 1300 1022 1331 tamen
1035 1307 1204 1333 numeros
1215 1303 1492 1347 apponeremus,
1510 1295 1684 1348 quamvis

293 1356 420 1407 nostra
440 1353 570 1407 divisio
593 1369 662 1394 non
690 1356 830 1396 omnino
855 1372 939 1396 cum
972 1373 1017 1397 ea
1050 1367 1243 1411 congruat,
1274 1375 1348 1412 qua
1379 1361 1685 1401 commendandus

289 1421 350 1461 ille
392 1420 506 1460 editor
539 1420 626 1478 usus
652 1422 712 1474 est,
740 1437 851 1475 quum
881 1438 925 1462 ea
958 1423 1057 1464 nobis
1082 1438 1151 1463 non
1166 1424 1321 1481 semper
1346 1425 1444 1479 iusta
1474 1426 1682 1467 videretur.

293 1483 428 1525 Huius
448 1499 539 1525 vero
559 1485 715 1538 epistolae
742 1495 885 1527 tantum
918 1487 1130 1528 ulteriorem
1151 1498 1315 1542 partem,
1346 1505 1428 1543 quae
1457 1491 1513 1530 ad
1522 1505 1683 1543 geogra-

285 1549 419 1603 phiam
440 1549 560 1604 magis
573 1551 745 1604 pertinet,
765 1553 994 1594 retinuimus.
1008 1564 1026 1584 2

958 1674 1015 1720 1V

572 1793 855 1827 EUCHERIUS
883 1793 954 1827 DE
976 1794 1128 1828 LOCIS
1149 1793 1386 1830 SANCTIS.

343 1900 477 1942 Huius
526 1903 702 1954 auetoris,
719 1904 851 1961 saneti
882 1904 1073 1958 Eucherij,
1094 1905 1350 1962 Lugdunensis
1378 1907 1541 1965 episcopi,
1575 1909 1683 1948 dum-

289 1967 390 2005 modo
405 1967 556 2008 nominis
555 1968 759 2023 sinceritas
772 1985 841 2008 non
853 1970 890 2009 in
908 1970 1016 2010 dubio
1014 1970 1080 2025 fit,
1094 1983 1109 2012 3
1124 1986 1249 2011 nomen
1262 1973 1483 2024 &patriam
1499 1974 1679 2015 novimus.

341 2031 434 2072 Non
461 2034 583 2073 omnia
603 2034 746 2086 quidem
767 2035 942 2093 exscripst
958 2052 1001 2075 ex
1020 2036 1075 2087 iis,
1096 2051 1178 2089 quae
1197 2037 1234 2076 in
1255 2038 1402 2092 epssola
1421 2038 1601 2092 Eucherzj
1620 2040 1688 2080 vel

339 2143 352 2163 1
367 2132 469 2166 Nullo
483 2133 671 2178 enim‚inter
680 2134 821 2180 plurima
832 2147 944 2169 exem-

1028 2134 1181 2179 praesenti
1218 2135 1405 2170 colleElioni
1441 2137 1579 2172 inserere
1612 2139 1681 2184 pla-

286 2184 390 2229 plaria
418 2187 438 2219 s.
472 2186 673 2234 Hieronymi
706 2190 945 2235 manuscripta,

1028 2190 1115 2232 cuit3
1148 2188 1230 2222 liber
1253 2190 1354 2232 enim,
1383 2190 1434 2223 cui
1465 2191 1603 2226 titulus:
1629 2194 1681 2226 De

287 2238 420 2273 huiusce
435 2240 526 2286 epist.
540 2242 670 2285 codice,
683 2254 725 2276 ne
742 2243 943 2277 Caduinenfi

286 2293 423 2337 quidem
445 2295 628 2339 exemplari
652 2296 706 2338 (de
725 2308 793 2341 quo
817 2297 944 2342 optime

286 2345 435 2380 differuit
457 2348 629 2382 Martialis
643 2349 771 2394 Delpst,
787 2350 944 2394 Effaisur

285 2399 332 2433 les
345 2412 418 2434 anc.
438 2400 661 2446 pelerinages‚
677 2414 733 2448 pp.
754 2404 943 2449 373-374)‚

289 2453 336 2486 uti
369 2453 473 2487 voluit
505 2455 553 2488 T.
581 2456 726 2499 Tobler,
744 2464 862 2501 utpote
888 2457 945 2501 qui

288 2507 484 2552 opusculum
500 2508 584 2541 istud
597 2509 732 2543 minimi
745 2509 944 2555 effe‚quoad

286 2561 548 2606 geographiam,
591 2563 751 2597 momenti
801 2564 944 2597 arbitra-

289 2622 380 2648 retur
399 2615 503 2659 (Nota
520 2616 605 2660 Aug.
625 2616 804 2660 Molinier).

336 2680 355 2700 2
380 2670 452 2701 Hos
474 2675 607 2702 tantum
624 2670 722 2712 duos,
736 2682 774 2704 ex
788 2671 943 2704 omnibus

257 2722 260 2724 ’
287 2720 310 2753 s.
356 2721 557 2767 Hieronymi
600 2723 769 2768 operibuS,
811 2724 942 2758 libellos

1028 2243 1130 2276 XLII
1141 2243 1351 2285 manstonibus
1360 2244 1510 2288 filiorum
1527 2245 1637 2288 Israel
1647 2246 1680 2280 in

1027 2297 1174 2340 Deserto,
1193 2297 1260 2330 fere
1274 2297 1376 2339 nulla,
1389 2310 1466 2342 quae
1479 2300 1522 2332 ad
1536 2312 1680 2345 geogra—

1029 2350 1141 2396 phiam
1179 2351 1343 2395 spee'tent,
1379 2352 1583 2397 suppeditat,
1619 2366 1680 2388 nec

1029 2404 1176 2437 nostrum
1197 2411 1267 2437 erat
1286 2417 1324 2437 ea
1337 2405 1462 2448 omnia,
1476 2418 1551 2451 quae
1564 2407 1678 2451 passim

1028 2456 1059 2490 in
1074 2457 1136 2490 suis
1150 2458 1396 2491 commentariis
1410 2459 1452 2492 de
1464 2460 1563 2494 Locis
1579 2463 1679 2494 Sanc-

1028 2510 1070 2543 tis
1099 2511 1217 2544 dixerit
1244 2511 1339 2545 divus
1365 2514 1493 2555 aneton
1512 2514 1683 2559 colligere.

1079 2576 1093 2605 3
1118 2568 1217 2599 Hanc
1237 2565 1323 2598 enirn
1346 2566 1514 2611 epistolam
1535 2568 1676 2612 spuriam

1028 2616 1093 2651 effe
1108 2619 1315 2651 contendunt
1327 2620 1485 2660 nonnulli,
1495 2621 1580 2654 inter
1592 2633 1677 2666 quos

1029 2673 1067 2705 C.
1102 2673 1149 2706 T.
1187 2673 1430 2707 Schoenemann
1467 2674 1675 2719 (Bibliothec.

1027 2725 1355 2770 historico-literaria
1408 2730 1543 2762 Patrum
1593 2729 1675 2769 Lat,

1442 2804 1456 2835 3
