2216 3435
582 128 623 174 xl
1147 134 1442 170 PRAEFATIO.

571 285 720 343 scilicet
736 285 890 326 nimium
906 285 1015 339 febre
1036 283 1258 324 laborantes.
1288 280 1371 321 Nec
1380 278 1579 336 satisfuit
1596 279 1717 333 nostro
1742 277 1803 318 W
1801 276 1969 317 illibalclo

571 349 716 406 sanHa
748 349 832 390 vidi
870 365 886 388 e
920 348 1051 388 limina
1085 346 1330 401 apostolorum
1341 365 1356 391 ,·
1382 344 1453 400 secl
1477 342 1662 398 confilium
1692 342 1776 382 iniit
1812 341 1969 397 Ierusa-

582 416 651 456 lem
674 415 849 465 adeundi,
869 429 912 454 ac
942 413 1021 453 loca
1042 412 1124 462 illa,
1156 409 1241 466 Iesu
1264 409 1406 462 Christi
1424 410 1508 449 vita
1529 424 1572 448 ac
1590 407 1750 462 pafflone
1769 407 1970 457 celebrata,

579 480 856 536 perlustrandi.
893 478 1033 519 Relicto
1056 478 1203 529 fratre,
1233 476 1370 515 duobus
1399 483 1543 514 tantum
1572 473 1826 513 comitantibus
1847 472 1972 528 sociis,

584 547 709 587 Roma
729 544 897 602 disccffit,
926 543 1140 597 Neapolim,
1160 557 1242 582 mox
1257 540 1419 593 Regium
1436 540 1539 594 petit,
1561 555 1604 578 ac
1625 554 1762 578 navem
1777 537 1972 592 AEgyptia-

585 628 667 654 cam
688 610 904 667 conscendit,
927 610 1120 650 Orientem
1141 608 1328 647 aditurus.

643 678 849 727 Pataram,
879 675 1006 729 Lyciae
1028 675 1170 723 urbem,
1196 687 1277 711 mox
1298 672 1488 721 advectus,
1509 669 1658 709 hiemem
1679 678 1791 708 totam
1820 669 1873 708 ibi
1890 684 1973 708 con-

577 740 1001 800 sumpseruntsanfflus
1022 737 1276 795 eiusquesocij
1303 752 1400 776 anno
1423 747 1617 789 722-7233
1647 751 1754 775 mare
1779 736 1894 775 denuo
1916 736 1974 773 in-

582 809 710 864 greffi,
722 809 834 848 hieme
846 808 1024 856 intrante,
1029 805 1172 860 festum
1192 800 1350 858 Paschae
1364 800 1492 854 Paphi
1501 801 1538 840 in
1550 800 1672 854 Cypro
1686 798 1813 855 insula
1824 810 1978 854 egerunt

591 877 642 930 (p.
660 880 764 928 257).
786 874 909 913 Serius
925 869 1045 926 Emes
1040 887 1100 910 am
1118 868 1277 919 advecti,
1297 866 1475 906 nonnulla
1497 866 1550 905 ibi
1567 865 1671 904 mala
1687 865 1977 922 perpeſjisunt;

590 942 721 994 quippe
735 941 808 993 qui,
830 953 940 992 quum
957 952 1008 976 eos
1024 936 1274 989 exploratores
1295 931 1365 987 effi
1374 930 1673 988 suspicarentur
1694 931 1849 984 regionis
1864 932 1977 985 prin-

591 1007 698 1060 cipes,
722 1006 759 1045 in
781 1019 969 1044 carcerem
984 1002 1259 1046 detruduntur;
1281 1015 1304 1037 a
1328 1013 1407 1050 quo,
1428 997 1641 1036 interventu
1660 993 1856 1050 cuiusdam
1872 994 1977 1051 His-

586 1073 684 1126 pani
699 1072 890 1125 apostatae,
913 1067 1075 1117 liberati,
1097 1063 1305 1121 Ierusalem
1329 1063 1476 1103 tandem
1494 1063 1622 1101 urbem
1638 1061 1823 1116 sanctam,
1843 1061 1980 1102 diutius

593 1147 771 1192 optatam,
799 1136 1040 1183 devenerunt,
1071 1147 1168 1172 anno
1188 1142 1278 1185 724,
1304 1126 1425 1184 mense
1453 1128 1648 1167 novembri
1677 1127 1793 1174 (infra
1814 1137 1853 1181 p.
1876 1128 1980 1181 263).

593 1204 675 1244 Hic
701 1201 953 1243 lVillibaldus
973 1200 1091 1251 noster
1106 1198 1230 1237 morbo
1251 1195 1470 1248 corripitur,
1495 1208 1562 1246 quo
1580 1194 1674 1246 jere
1693 1193 1832 1233 duobus
1850 1194 1981 1248 menst-

595 1272 660 1310 bus
680 1268 887 1310 laboravit.
909 1266 1064 1306 Annum
1087 1275 1161 1318 725
1185 1263 1220 1302 in
1239 1260 1491 1316 peragranda
1521 1259 1731 1311 Palaestina
1752 1257 1982 1315 consumpsit,

595 1346 703 1389 utque
731 1336 767 1375 in
790 1335 881 1374 urbe
902 1331 1045 1388 sancta
1074 1340 1148 1369 tota
1177 1329 1288 1368 hieme
1318 1344 1353 1367 a.
1375 1326 1552 1380 725-726
1576 1326 1787 1364 demoratus
1807 1325 1867 1378 ist.
1890 1323 1982 1364 Inde

600 1402 743 1456 Tyrum
755 1401 910 1449 rediens,
925 1413 1062 1438 navem
1077 1394 1290 1452 conscendit,
1301 1395 1344 1434 {3³
1352 1393 1430 1447 post
1441 1392 1586 1444 longam
1599 1390 1855 1446 difficilemque
1866 1389 1982 1430 navi-

591 1469 789 1522 gationem,
806 1462 1152 1519 Constantinopolim
1167 1461 1270 1500 circa
1287 1457 1443 1514 mensem
1459 1457 1653 1506 martium,
1675 1471 1771 1496 anno
1786 1456 1876 1510 726,
1892 1465 1984 1509 per-

599 1534 714 1584 venit,
748 1532 812 1571 ubi
842 1532 929 1571 duos
955 1543 1069 1569 annos
1097 1524 1331 1567 continuavit
1357 1523 1475 1575 (infra
1495 1531 1536 1575 p.
1565 1522 1671 1574 272).
1703 1520 1806 1560 Anno
1833 1521 1984 1573 denique

599 1612 675 1654 729
714 1597 868 1638 Italiam
907 1592 1087 1650 reversus
1127 1608 1207 1632 cum
1249 1589 1387 1630 nuntiis
1426 1597 1541 1642 papa:
1585 1596 1693 1640 atque
1731 1586 1983 1640 imperatoris,

599 1674 775 1705 autumno
800 1661 914 1703 medio
935 1660 1108 1701 Mentem
1129 1656 1304 1712 Casinum
1327 1654 1432 1704 adiit,
1454 1653 1518 1692 ubi
1547 1652 1798 1692 monachalem
1817 1651 1986 1692 habitum

600 1728 805 1786 resumpfit.
836 1727 973 1780 Septem
1004 1725 1080 1764 iam
1102 1731 1213 1763 erant
1231 1720 1343 1774 elapsi
1371 1718 1474 1769 anni,
1505 1734 1547 1757 ex
1568 1732 1635 1770 quo
1663 1733 1687 1757 a
1706 1716 1831 1756 Roma
1852 1716 1987 1774 disces-

589 1796 714 1854 serat.
745 1794 883 1833 Decem
911 1791 1037 1831 exinde
1068 1803 1180 1829 annos
1207 1787 1244 1825 in
1270 1785 1406 1825 Monte
1430 1782 1561 1838 Casino
1584 1781 1804 1835 permansit,
1832 1781 1989 1836 diversis

602 1861 726 1917 officiis
758 1869 835 1898 tam
870 1857 976 1910 apud
1000 1853 1260 1908 monasterium
1295 1865 1406 1903 quam
1437 1848 1543 1901 apud
1560 1845 1797 1902 subiacentes
1826 1846 1991 1901 ecclesias

599 1925 818 1980 implendis;
843 1937 939 1964 anno
967 1921 1113 1961 tandem
1135 1930 1224 1972 739,
1255 1931 1365 1969 quum
1391 1914 1554 1954 Romam
1583 1911 1753 1967 venzſjh,
1785 1911 1992 1965 Gregorius

600 2002 706 2046 papa
732 1989 806 2030 III
819 1986 940 2044 ipsum
961 1986 1121 2026 comitem
1143 1984 1175 2040 s.
1197 1981 1408 2036 Bonifacio,
1429 1979 1492 2032 qui
1510 1978 1764 2031 Evangelium
1788 1976 1992 2017 Germanis

604 2056 725 2097 adhuc
740 2053 905 2109 paganis
925 2061 1010 2091 tunc
1026 2047 1281 2104 praedicahat,
1300 2043 1516 2100 destinavit.
1542 2042 1694 2082 Iubente
1715 2057 1799 2095 ergo
1809 2041 1992 2096 pontifice,

603 2121 828 2162 Bavariam
858 2118 966 2168 adiit,
1005 2117 1070 2156 ubi
1105 2112 1290 2170 episcopus
1324 2107 1571 2162 Eichstetensts
1606 2107 1762 2161 effectus,
1796 2106 1993 2162 apostolica

602 2185 870 2241 praedicatione
890 2183 1074 2237 reliquam
1095 2180 1217 2220 vitam
1238 2175 1468 2234 consumpstt.
1488 2185 1499 2205 ¹

659 2252 814 2292 Praeter
845 2249 991 2298 codices,
1012 2261 1095 2300 quos
1116 2245 1264 2299 priores
1284 2241 1411 2298 secuti
1427 2239 1527 2296 sunt
1545 2240 1708 2290 editores,
1729 2239 1837 2278 etiam
1865 2237 1907 2279 V
1903 2237 1993 2278 alli-

607 2318 772 2368 celliano,
801 2313 971 2370 Augienst
988 2315 1032 2354 {3⁹
1054 2309 1263 2366 Parifienfi
1290 2307 1469 2348 codicibus
1494 2306 1531 2344 in
1556 2304 1739 2361 praesenti
1764 2303 1914 2343 editione
1943 2303 1997 2358 usi

598 2384 746 2441 sumus.
782 2381 828 2422 In
858 2380 997 2420 duobus
1029 2376 1167 2417 ultimis
1200 2374 1374 2427 quaedam
1406 2371 1557 2430 desunt;
1587 2384 1681 2408 unus
1708 2369 1800 2408 enim
1830 2377 1996 2408 tantum-

607 2449 709 2489 modo
754 2445 924 2500 capitula
966 2439 1281 2490 XIII-XXIX,
1323 2437 1423 2478 alter
1465 2435 1631 2488 capitula
1660 2435 1781 2474 omnia
1807 2431 1920 2488 usque
1947 2433 2002 2473 ad

660 2568 673 2588 1
697 2553 825 2588 Itineris
846 2555 876 2586 S.
890 2549 1079 2586 willibaldi
1099 2547 1259 2582 recenfio-
1348 2545 1534 2590 Jahrgang,
1584 2556 1596 2575 1
1605 2547 1645 2584 87
1654 2555 1684 2583 7,
1717 2553 1773 2586 pp.
1807 2551 1885 2582 97-1
1894 2550 1938 2579 04
1965 2538 1997 2570 δι

610 2621 684 2642 nem
694 2607 878 2653 quamdam
889 2603 1078 2639 inveniesin
1088 2600 1261 2646 affis,qui-
1354 2608 1516 2642 129·¹37·

611 2664 674 2696 bus
684 2662 815 2695 titulus:
826 2663 898 2695 Das
912 2658 1038 2702 Heilige
1047 2658 1152 2698 Land,
1164 2655 1258 2688 XXI.
