2216 3435
679 143 742 207 96
1086 151 1384 185 ANTONINUS
1422 149 1654 183 MARTYR

677 303 883 366 exspuere
898 325 909 361 3
925 300 952 346 s1
970 301 1087 347 enirn
1107 300 1337 363 exspueris,
1359 295 1779 344 scandalizabuntur.
1802 296 1905 342 Sero
1925 311 2073 340 autem

678 374 910 439 purificant
946 375 986 419 se
1022 375 1064 418 in
1102 389 1215 433 aqua
1247 373 1292 416 ὃς
1331 369 1384 416 iic
1420 368 1724 432 ingrediuntur
1749 369 1792 414 in
1830 368 1976 414 vicum
2002 383 2076 412 aut

677 447 914 493 civitatem.

680 639 746 686 IX.
798 643 923 684 Locus
972 640 1142 698 quinque
1183 654 1350 697 panum,
1401 637 1590 697 baptismi
1630 638 1841 690 dominici,
1883 637 2070 696 tranfitus

854 710 1149 770 Israelitarum,
1187 709 1382 763 Hermon,
1416 725 1483 752 ros
1509 709 1678 752 medicis
1690 709 1893 768 serviens,

1096 781 1163 823 ubi
1191 780 1418 840 baptizabat
1447 781 1657 823 Iohannes.

740 935 916 982 Deinde
952 936 1151 983 venimus
1189 936 1403 991 inlocum,
1444 932 1517 979 ubi
1554 935 1778 979 Dominus
1817 933 1871 980 de
1906 938 2076 995 quinque

671 1011 849 1068 panibus
890 1009 935 1052 ὃς
972 1005 1145 1052 duobus
1189 1003 1376 1068 piscibus
1419 1007 1615 1067 quinque
1660 1006 1796 1052 millia
1841 1006 2077 1052 hominum

678 1079 860 1138 satiavit,
888 1080 1078 1141 exceptis
1106 1077 1294 1140 parvulis
1319 1079 1364 1122 ὃς
1389 1076 1655 1137 mulieribus,
1688 1079 1732 1123 in
1760 1079 1933 1124 extensa
1958 1095 2075 1124 cam-

676 1151 807 1213 pania
820 1149 1011 1197 habente
1026 1151 1239 1196 oliveta&
1252 1149 1457 1212 palmeta.
1468 1148 1628 1195 Exinde
1642 1151 1840 1195 venimus
1853 1150 2073 1208 inlocum,

674 1226 741 1268 ubi
768 1226 994 1284 baptiqatus
1019 1227 1070 1282 est
1089 1226 1308 1267 Dominus.
1341 1224 1383 1267 {n
1410 1222 1505 1284 ipso
1525 1221 1628 1266 loco
1643 1224 1736 1281 filii
1761 1224 1890 1284 Israel
1913 1228 2075 1285 transte-

673 1313 765 1340 runt
788 1298 1014 1352 Iordanem,
1036 1297 1081 1340 ὃς
1106 1293 1179 1339 filii
1205 1293 1521 1356 prophetarum
1555 1293 1845 1357 perdiderunt
1874 1294 2075 1353 securim,

675 1368 720 1411 &
745 1384 797 1412 ex
826 1367 921 1430 ipso
947 1367 1050 1412 loco
1079 1365 1228 1411 Helias
1254 1364 1464 1410 assumtus
1492 1367 1549 1410 est
1582 1367 1626 1411 in
1656 1366 1810 1412 celum.
1844 1365 1992 1430 Ibique
2017 1367 2075 1412 est

677 1456 807 1485 mons
827 1442 1006 1484 Hermon
1033 1436 1250 1495 modicus,
1284 1437 1357 1498 qui
1382 1436 1538 1500 legitur
1573 1438 1616 1481 in
1643 1438 1822 1484 Psalmo.
1850 1437 1921 1483 Ad
1941 1437 2074 1500 pedes

674 1512 838 1556 montis
863 1509 990 1573 ipfius
1010 1509 1205 1555 ascendit
1230 1508 1283 1554 de
1304 1507 1439 1555 fluvio
1461 1507 1597 1554 nubes
1623 1509 1731 1555 hora
1749 1511 1889 1572 prima
1906 1510 2073 1556 oriente

674 1583 777 1642 sole,
803 1585 849 1628 ὃς
873 1583 994 1628 venit
1019 1580 1377 1640 Hierosolymam
1408 1581 1534 1643 super
1563 1579 1798 1641 bafilicam,
1837 1599 1921 1644 que
1947 1582 2004 1627 est
2028 1582 2072 1628 in

672 1655 792 1713 Sion,
832 1656 877 1700 ὃ(
907 1654 1031 1716 super
1070 1650 1292 1697 bafilicam
1324 1650 1381 1697 ad
1419 1668 1761 1698 monumentum
1790 1653 2005 1698 Domini⁰
2028 1655 2074 1698 ὃς

673 1727 798 1790 super
839 1724 1060 1771 basilicam
1096 1724 1242 1769 sane‘le
1267 1724 1402 1768 Mai-ie
1427 1725 1472 1768 ὃς
1498 1723 1644 1769 [lancie
1668 1724 1846 1786 Sophie‚
1874 1741 1959 1786 que
1992 1723 2073 1770 fuit

672 1799 937 1861 pretorium,
979 1794 1051 1841 ubi
1093 1794 1264 1840 auditus
1306 1795 1364 1840 est
1399 1796 1632 1840 Dominus.
1675 1797 1813 1858 Super
1855 1795 1935 1842 hec
1971 1795 2072 1842 loca

673 1868 897 1916 descendit
930 1885 1000 1914 ros
1031 1866 1134 1912 ficut
1164 1867 1325 1929 pluvia.
1354 1867 1588 1931 Colligunt
1613 1885 1716 1912 eum
1753 1866 1928 1926 medici,
1956 1868 2070 1913 &in

670 1943 765 2005 ipso
787 1956 989 2003 coquunt
1015 1956 1170 1984 omnes
1196 1939 1500 1985 confefflones
1525 1957 1607 2002 pro
1633 1937 1944 1999 xenodochii83
1964 1957 2070 1986 nam

672 2013 798 2059 multi
824 2013 1063 2075 languores
1088 2011 1294 2056 sanantur
1324 2009 1397 2070 ibi,
1428 2009 1502 2056 ubi
1533 2010 1650 2057 cadit
1681 2011 1770 2074 ipse
1791 2029 1875 2068 ros,
1899 2010 1954 2057 de
1979 2027 2069 2073 quo

670 2085 894 2149 propheta
913 2081 1061 2129 David
1079 2083 1220 2128 canit:
1246 2086 1362 2127 Sicut
1385 2101 1453 2127 ros
1472 2086 1665 2139 Hermon,
1694 2087 1763 2143 qui
1788 2085 1992 2144 descendit
2027 2087 2066 2127 in

671 2175 842 2203 montem
864 2159 980 2201 Sion.
1011 2157 1055 2199 ln
1079 2154 1153 2199 illa
1179 2170 1299 2216 parte
1326 2153 1517 2200 Iordanis
1542 2155 1601 2200 est
1609 2158 1727 2214 fons,
1749 2158 1817 2200 ubi
1836 2157 2067 2216 baptizabat

670 2232 881 2274 Iohannes.
930 2226 1032 2273 Inde
1072 2227 1205 2290 usque
1242 2225 1299 2272 ad
1336 2225 1569 2272 Iordanem
1604 2225 1738 2271 millia
1764 2225 1866 2272 duo.
1906 2229 1950 2272 ln
1974 2226 2067 2289 ipsa

670 2300 782 2346 valle
811 2301 1013 2346 inventus
1051 2299 1109 2344 est
1141 2299 1306 2357 Helias,
1345 2297 1525 2360 quando
1564 2299 1602 2344 ei
1641 2315 1799 2345 corvus
1841 2297 2067 2344 deferebat

667 2389 831 2436 panem
870 2374 916 2417 ὃς
956 2388 1120 2417 carnes.
1169 2374 1212 2416 ln
1259 2371 1438 2416 circuitu
1485 2370 1605 2417 vallis
1652 2368 1776 2433 ipsius
1823 2368 2062 2415 multitudo

668 2444 945 2489 eremitarum
970 2443 1040 2490 est.

715 2617 743 2638 a.
769 2606 907 2638 Tantum
927 2607 966 2638 G.
986 2605 1082 2650 super
1103 2604 1192 2638 bafil.
1211 2605 1254 2637 ad
1271 2616 1360 2637 mon.
1382 2605 1427 2638 D.
