<?xml version="1.0" encoding="UTF-8"?>
<!DOCTYPE html PUBLIC "-//W3C//DTD XHTML 1.0 Transitional//EN"
    "http://www.w3.org/TR/xhtml1/DTD/xhtml1-transitional.dtd">
<html xmlns="http://www.w3.org/1999/xhtml" xml:lang="en" lang="en">
 <head>
  <title>
</title>
<meta http-equiv="Content-Type" content="text/html;charset=utf-8" />
  <meta name='ocr-system' content='tesseract 3.04.00' />
  <meta name='ocr-capabilities' content='ocr_page ocr_carea ocr_par ocr_line ocrx_word'/>
</head>
<body>
  <div class='ocr_page' id='page_1' title='image "./p1itinerahierosoly1tobl_0044.png"; bbox 0 0 2216 3435; ppageno 0'>
   <div class='ocr_carea' id='block_1_1' title="bbox 598 136 1454 194">
    <p class='ocr_par' dir='ltr' id='par_1_1' title="bbox 598 136 1454 194">
     <span class='ocr_line' id='line_1_1' title="bbox 598 136 1454 194; baseline 0 -14"><span class='ocrx_word' id='word_1_1' title='bbox 598 136 668 194; x_wconf 87' lang='lat' dir='ltr'>xlij</span> <span class='ocrx_word' id='word_1_2' title='bbox 1160 147 1454 181; x_wconf 83' lang='lat' dir='ltr'><strong>PRAEFATIO.</strong></span> 
     </span>
    </p>
   </div>
   <div class='ocr_carea' id='block_1_2' title="bbox 1422 228 1752 234">
    <p class='ocr_par' dir='ltr' id='par_1_2' title="bbox 1422 228 1752 234">
     <span class='ocr_line' id='line_1_2' title="bbox 1422 228 1752 234; baseline 0 0"><span class='ocrx_word' id='word_1_3' title='bbox 1422 228 1752 234; x_wconf 95' lang='lat' dir='ltr'><em> </em></span> 
     </span>
    </p>
   </div>
   <div class='ocr_carea' id='block_1_3' title="bbox 581 292 1980 870">
    <p class='ocr_par' dir='ltr' id='par_1_3' title="bbox 651 292 1485 346">
     <span class='ocr_line' id='line_1_3' title="bbox 651 292 1485 346; baseline -0.001 -14"><span class='ocrx_word' id='word_1_4' title='bbox 651 292 735 332; x_wconf 81' lang='lat' dir='ltr'><em>Hos</em></span> <span class='ocrx_word' id='word_1_5' title='bbox 755 308 839 346; x_wconf 81' lang='lat' dir='ltr'><em>ergo</em></span> <span class='ocrx_word' id='word_1_6' title='bbox 860 292 1050 334; x_wconf 79' lang='lat' dir='ltr'>CODICES</span> <span class='ocrx_word' id='word_1_7' title='bbox 1071 292 1107 331; x_wconf 79' lang='lat' dir='ltr'><em>in</em></span> <span class='ocrx_word' id='word_1_8' title='bbox 1130 307 1243 332; x_wconf 83' lang='lat' dir='ltr'><em>manu</em></span> <span class='ocrx_word' id='word_1_9' title='bbox 1266 292 1485 332; x_wconf 77' lang='lat' dir='ltr'><em>habuimus:</em></span> 
     </span>
    </p>

    <p class='ocr_par' dir='ltr' id='par_1_4' title="bbox 597 356 1979 463">
     <span class='ocr_line' id='line_1_4' title="bbox 649 356 1979 413; baseline 0 -16"><span class='ocrx_word' id='word_1_10' title='bbox 649 372 682 397; x_wconf 90' lang='lat' dir='ltr'><em>a.</em></span> <span class='ocrx_word' id='word_1_11' title='bbox 705 358 882 408; x_wconf 82' lang='lat' dir='ltr'><em>Monaci,</em></span> <span class='ocrx_word' id='word_1_12' title='bbox 903 359 1054 398; x_wconf 79' lang='lat' dir='ltr'><em>Bibliot.</em></span> <span class='ocrx_word' id='word_1_13' title='bbox 1077 358 1184 411; x_wconf 83' lang='lat' dir='ltr'><em>regia</em></span> <span class='ocrx_word' id='word_1_14' title='bbox 1205 358 1262 405; x_wconf 84' lang='lat' dir='ltr'><em>(ol.</em></span> <span class='ocrx_word' id='word_1_15' title='bbox 1282 357 1473 412; x_wconf 70' lang='lat' dir='ltr'><em>Frfingen</em></span> <span class='ocrx_word' id='word_1_16' title='bbox 1490 358 1549 410; x_wconf 79' lang='lat' dir='ltr'><em>ts),</em></span> <span class='ocrx_word' id='word_1_17' title='bbox 1569 358 1635 398; x_wconf 87' lang='lat' dir='ltr'><em>lat.</em></span> <span class='ocrx_word' id='word_1_18' title='bbox 1655 356 1823 413; x_wconf 78' lang='lat' dir='ltr'><em>6890,s.</em></span> <span class='ocrx_word' id='word_1_19' title='bbox 1851 357 1979 399; x_wconf 87' lang='lat' dir='ltr'><em>VII]-</em></span> 
     </span>
     <span class='ocr_line' id='line_1_5' title="bbox 597 423 674 463; baseline 0.013 -1"><span class='ocrx_word' id='word_1_20' title='bbox 597 423 674 463; x_wconf 88' lang='lat' dir='ltr'><em>IX.</em></span> 
     </span>
    </p>

    <p class='ocr_par' dir='ltr' id='par_1_5' title="bbox 650 487 1638 544">
     <span class='ocr_line' id='line_1_6' title="bbox 650 487 1638 544; baseline -0.001 -15"><span class='ocrx_word' id='word_1_21' title='bbox 650 489 684 529; x_wconf 91' lang='lat' dir='ltr'><em>b.</em></span> <span class='ocrx_word' id='word_1_22' title='bbox 708 489 854 539; x_wconf 66' lang='lat' dir='ltr'><em>Romae,</em></span> <span class='ocrx_word' id='word_1_23' title='bbox 881 489 1117 530; x_wconf 73' lang='lat' dir='ltr'><em>lsallicellan.</em></span> <span class='ocrx_word' id='word_1_24' title='bbox 1141 490 1196 539; x_wconf 62' lang='lat' dir='ltr'><em>C„</em></span> <span class='ocrx_word' id='word_1_25' title='bbox 1219 487 1331 544; x_wconf 82' lang='lat' dir='ltr'><em>73,s.</em></span> <span class='ocrx_word' id='word_1_26' title='bbox 1350 489 1417 528; x_wconf 91' lang='lat' dir='ltr'><em>Xl</em></span> <span class='ocrx_word' id='word_1_27' title='bbox 1440 489 1638 543; x_wconf 73' lang='lat' dir='ltr'><em>(fragm).</em></span> 
     </span>
    </p>

    <p class='ocr_par' dir='ltr' id='par_1_6' title="bbox 648 554 1545 611">
     <span class='ocr_line' id='line_1_7' title="bbox 648 554 1545 611; baseline -0.001 -17"><span class='ocrx_word' id='word_1_28' title='bbox 648 569 681 594; x_wconf 89' lang='lat' dir='ltr'><em>c.</em></span> <span class='ocrx_word' id='word_1_29' title='bbox 703 554 882 604; x_wconf 63' lang='lat' dir='ltr'><em>Marmei,</em></span> <span class='ocrx_word' id='word_1_30' title='bbox 902 554 1004 594; x_wconf 79' lang='lat' dir='ltr'><em>Bibl.</em></span> <span class='ocrx_word' id='word_1_31' title='bbox 1027 570 1117 607; x_wconf 58' lang='lat' dir='ltr'><em>reg,</em></span> <span class='ocrx_word' id='word_1_32' title='bbox 1139 555 1203 593; x_wconf 87' lang='lat' dir='ltr'><em>lat.</em></span> <span class='ocrx_word' id='word_1_33' title='bbox 1231 554 1418 611; x_wconf 77' lang='lat' dir='ltr'><em>14396,s.</em></span> <span class='ocrx_word' id='word_1_34' title='bbox 1441 554 1545 594; x_wconf 85' lang='lat' dir='ltr'><em>XII.</em></span> 
     </span>
    </p>

    <p class='ocr_par' dir='ltr' id='par_1_7' title="bbox 647 619 1732 676">
     <span class='ocr_line' id='line_1_8' title="bbox 647 619 1732 676; baseline -0.001 -17"><span class='ocrx_word' id='word_1_35' title='bbox 647 620 683 659; x_wconf 89' lang='lat' dir='ltr'><em>d.</em></span> <span class='ocrx_word' id='word_1_36' title='bbox 708 619 818 670; x_wconf 85' lang='lat' dir='ltr'><em>Ibid.,</em></span> <span class='ocrx_word' id='word_1_37' title='bbox 840 619 939 658; x_wconf 76' lang='lat' dir='ltr'><em>Bibl.</em></span> <span class='ocrx_word' id='word_1_38' title='bbox 961 635 1054 672; x_wconf 60' lang='lat' dir='ltr'><em>reg„</em></span> <span class='ocrx_word' id='word_1_39' title='bbox 1075 620 1139 659; x_wconf 88' lang='lat' dir='ltr'><em>lat.</em></span> <span class='ocrx_word' id='word_1_40' title='bbox 1160 619 1328 676; x_wconf 82' lang='lat' dir='ltr'><em>4535,s.</em></span> <span class='ocrx_word' id='word_1_41' title='bbox 1352 619 1515 659; x_wconf 87' lang='lat' dir='ltr'><em>IX-XI</em></span> <span class='ocrx_word' id='word_1_42' title='bbox 1533 619 1732 673; x_wconf 81' lang='lat' dir='ltr'><em>(fragm.).</em></span> 
     </span>
    </p>

    <p class='ocr_par' dir='ltr' id='par_1_8' title="bbox 581 684 1980 807">
     <span class='ocr_line' id='line_1_9' title="bbox 646 684 1980 743; baseline 0.001 -19"><span class='ocrx_word' id='word_1_43' title='bbox 646 700 679 725; x_wconf 90' lang='lat' dir='ltr'><em>e.</em></span> <span class='ocrx_word' id='word_1_44' title='bbox 703 684 925 743; x_wconf 72' lang='lat' dir='ltr'><em>Carlsruhe,</em></span> <span class='ocrx_word' id='word_1_45' title='bbox 957 685 1054 725; x_wconf 73' lang='lat' dir='ltr'><em>Bihl.</em></span> <span class='ocrx_word' id='word_1_46' title='bbox 1084 701 1208 738; x_wconf 85' lang='lat' dir='ltr'><em>magn.</em></span> <span class='ocrx_word' id='word_1_47' title='bbox 1244 685 1362 734; x_wconf 88' lang='lat' dir='ltr'><em>Duc.,</em></span> <span class='ocrx_word' id='word_1_48' title='bbox 1398 684 1642 725; x_wconf 86' lang='lat' dir='ltr'><em>LXXXIV</em></span> <span class='ocrx_word' id='word_1_49' title='bbox 1667 685 1725 737; x_wconf 88' lang='lat' dir='ltr'><em>(ol.</em></span> <span class='ocrx_word' id='word_1_50' title='bbox 1756 685 1980 740; x_wconf 82' lang='lat' dir='ltr'><em>Augiensts),</em></span> 
     </span>
     <span class='ocr_line' id='line_1_10' title="bbox 581 750 978 807; baseline -0.003 -17"><span class='ocrx_word' id='word_1_51' title='bbox 581 750 620 807; x_wconf 67' lang='lat' dir='ltr'><em>s]</em></span> <span class='ocrx_word' id='word_1_52' title='bbox 642 750 764 790; x_wconf 83' lang='lat' dir='ltr'><em>XIII</em></span> <span class='ocrx_word' id='word_1_53' title='bbox 783 751 978 804; x_wconf 83' lang='lat' dir='ltr'><em>(fragm.).</em></span> 
     </span>
    </p>

    <p class='ocr_par' dir='ltr' id='par_1_9' title="bbox 648 813 1885 870">
     <span class='ocr_line' id='line_1_11' title="bbox 648 813 1885 870; baseline 0.001 -15"><span class='ocrx_word' id='word_1_54' title='bbox 648 816 670 855; x_wconf 88' lang='lat' dir='ltr'><em>f.</em></span> <span class='ocrx_word' id='word_1_55' title='bbox 694 815 867 868; x_wconf 78' lang='lat' dir='ltr'><em>Parzfiis,</em></span> <span class='ocrx_word' id='word_1_56' title='bbox 888 816 1037 855; x_wconf 74' lang='lat' dir='ltr'><em>Bibliot.</em></span> <span class='ocrx_word' id='word_1_57' title='bbox 1064 815 1236 866; x_wconf 59' lang='lat' dir='ltr'><em>Natum„</em></span> <span class='ocrx_word' id='word_1_58' title='bbox 1257 816 1323 855; x_wconf 87' lang='lat' dir='ltr'><em>lat.</em></span> <span class='ocrx_word' id='word_1_59' title='bbox 1345 827 1463 869; x_wconf 81' lang='grc'>9744,</span> <span class='ocrx_word' id='word_1_60' title='bbox 1473 813 1514 870; x_wconf 87' lang='lat' dir='ltr'><em>s.</em></span> <span class='ocrx_word' id='word_1_61' title='bbox 1536 815 1635 866; x_wconf 82' lang='lat' dir='ltr'><em>XV,</em></span> <span class='ocrx_word' id='word_1_62' title='bbox 1655 814 1885 856; x_wconf 79' lang='lat' dir='ltr'><em>chartaceus.</em></span> 
     </span>
    </p>
   </div>
   <div class='ocr_carea' id='block_1_4' title="bbox 646 944 1980 1079">
    <p class='ocr_par' dir='ltr' id='par_1_10' title="bbox 646 944 1980 1079">
     <span class='ocr_line' id='line_1_12' title="bbox 646 944 1822 1002; baseline 0.001 -18"><span class='ocrx_word' id='word_1_63' title='bbox 646 944 890 985; x_wconf 81' lang='lat' dir='ltr'>EDITIONES</span> <span class='ocrx_word' id='word_1_64' title='bbox 907 946 1114 1001; x_wconf 64' lang='lat' dir='ltr'><em>praecipua:</em></span> <span class='ocrx_word' id='word_1_65' title='bbox 1137 946 1252 998; x_wconf 79' lang='lat' dir='ltr'><em>operis</em></span> <span class='ocrx_word' id='word_1_66' title='bbox 1273 945 1618 1000; x_wconf 82' lang='lat' dir='ltr'><em>Heydenheimensts</em></span> <span class='ocrx_word' id='word_1_67' title='bbox 1638 944 1822 1002; x_wconf 84' lang='lat' dir='ltr'><em>haesunt:</em></span> 
     </span>
     <span class='ocr_line' id='line_1_13' title="bbox 653 1021 1980 1079; baseline 0.002 -17"><span class='ocrx_word' id='word_1_68' title='bbox 653 1023 765 1077; x_wconf 84' lang='lat'>1603,</span> <span class='ocrx_word' id='word_1_69' title='bbox 796 1034 856 1077; x_wconf 85' lang='lat' dir='ltr'><em>ap.</em></span> <span class='ocrx_word' id='word_1_70' title='bbox 880 1023 1083 1078; x_wconf 78' lang='lat' dir='ltr'><em>Cunisimn,</em></span> <span class='ocrx_word' id='word_1_71' title='bbox 1105 1021 1222 1062; x_wconf 59' lang='lat' dir='ltr'><em>Led-It.</em></span> <span class='ocrx_word' id='word_1_72' title='bbox 1246 1023 1389 1077; x_wconf 87' lang='lat' dir='ltr'>Antiq.</span> <span class='ocrx_word' id='word_1_73' title='bbox 1413 1022 1505 1076; x_wconf 76' lang='lat' dir='ltr'><em>(IV,</em></span> <span class='ocrx_word' id='word_1_74' title='bbox 1525 1034 1616 1077; x_wconf 87' lang='lat'>473,</span> <span class='ocrx_word' id='word_1_75' title='bbox 1633 1024 1686 1063; x_wconf 86' lang='lat' dir='ltr'><em>ed.</em></span> <span class='ocrx_word' id='word_1_76' title='bbox 1707 1021 1899 1079; x_wconf 82' lang='lat' dir='ltr'><em>Basnage,</em></span> <span class='ocrx_word' id='word_1_77' title='bbox 1922 1023 1980 1076; x_wconf 85' lang='lat' dir='ltr'><em>Il,</em></span> 
     </span>
    </p>
   </div>
   <div class='ocr_carea' id='block_1_5' title="bbox 581 1088 1980 1929">
    <p class='ocr_par' dir='ltr' id='par_1_11' title="bbox 590 1088 1980 1213">
     <span class='ocr_line' id='line_1_14' title="bbox 590 1088 1980 1144; baseline 0.001 -17"><span class='ocrx_word' id='word_1_78' title='bbox 590 1090 682 1142; x_wconf 82' lang='grc'>99),-</span> <span class='ocrx_word' id='word_1_79' title='bbox 704 1104 817 1128; x_wconf 87' lang='lat' dir='ltr'><em>unum</em></span> <span class='ocrx_word' id='word_1_80' title='bbox 834 1099 979 1129; x_wconf 79' lang='lat' dir='ltr'><em>tantum</em></span> <span class='ocrx_word' id='word_1_81' title='bbox 995 1089 1147 1129; x_wconf 78' lang='lat' dir='ltr'><em>codicem</em></span> <span class='ocrx_word' id='word_1_82' title='bbox 1162 1088 1224 1127; x_wconf 69' lang='lat' dir='ltr'><em>ille</em></span> <span class='ocrx_word' id='word_1_83' title='bbox 1244 1089 1358 1128; x_wconf 77' lang='lat' dir='ltr'><em>editor</em></span> <span class='ocrx_word' id='word_1_84' title='bbox 1379 1089 1415 1128; x_wconf 85' lang='lat' dir='ltr'><em>in</em></span> <span class='ocrx_word' id='word_1_85' title='bbox 1438 1090 1610 1130; x_wconf 80' lang='lat' dir='ltr'><em>manibus</em></span> <span class='ocrx_word' id='word_1_86' title='bbox 1626 1089 1768 1140; x_wconf 79' lang='lat' dir='ltr'><em>hahuit,</em></span> <span class='ocrx_word' id='word_1_87' title='bbox 1789 1105 1892 1142; x_wconf 85' lang='lat' dir='ltr'><em>quem</em></span> <span class='ocrx_word' id='word_1_88' title='bbox 1908 1089 1980 1144; x_wconf 75' lang='lat' dir='ltr'><em>eſje</em></span> 
     </span>
     <span class='ocr_line' id='line_1_15' title="bbox 590 1154 1732 1213; baseline 0.001 -20"><span class='ocrx_word' id='word_1_89' title='bbox 590 1156 664 1194; x_wconf 76' lang='lat' dir='ltr'><em>cod.</em></span> <span class='ocrx_word' id='word_1_90' title='bbox 688 1154 940 1213; x_wconf 71' lang='lat' dir='ltr'><em>Parisiensem</em></span> <span class='ocrx_word' id='word_1_91' title='bbox 960 1155 1028 1194; x_wconf 82' lang='lat' dir='ltr'><em>lat.</em></span> <span class='ocrx_word' id='word_1_92' title='bbox 1049 1166 1154 1207; x_wconf 81' lang='grc'>9744</span> <span class='ocrx_word' id='word_1_93' title='bbox 1175 1154 1293 1194; x_wconf 86' lang='lat' dir='ltr'><em>multa</em></span> <span class='ocrx_word' id='word_1_94' title='bbox 1314 1154 1452 1194; x_wconf 80' lang='lat' dir='ltr'><em>indicia</em></span> <span class='ocrx_word' id='word_1_95' title='bbox 1473 1156 1732 1210; x_wconf 70' lang='lat' dir='ltr'><em>demorfirant.</em></span> 
     </span>
    </p>

    <p class='ocr_par' dir='ltr' id='par_1_12' title="bbox 581 1219 1979 1404">
     <span class='ocr_line' id='line_1_16' title="bbox 649 1219 1979 1275; baseline 0.001 -16"><span class='ocrx_word' id='word_1_96' title='bbox 649 1220 760 1270; x_wconf 87' lang='lat'>1610,</span> <span class='ocrx_word' id='word_1_97' title='bbox 776 1221 906 1274; x_wconf 84' lang='lat' dir='ltr'><em>plures</em></span> <span class='ocrx_word' id='word_1_98' title='bbox 927 1222 981 1260; x_wconf 79' lang='lat' dir='ltr'><em>acl</em></span> <span class='ocrx_word' id='word_1_99' title='bbox 992 1230 1128 1260; x_wconf 84' lang='lat' dir='ltr'><em>textum</em></span> <span class='ocrx_word' id='word_1_100' title='bbox 1146 1219 1387 1274; x_wconf 80' lang='lat' dir='ltr'><em>Cam&#39;sianum</em></span> <span class='ocrx_word' id='word_1_101' title='bbox 1408 1221 1642 1260; x_wconf 69' lang='lat' dir='ltr'><em>correctiones</em></span> <span class='ocrx_word' id='word_1_102' title='bbox 1658 1220 1778 1275; x_wconf 75' lang='lat' dir='ltr'><em>affi’rt</em></span> <span class='ocrx_word' id='word_1_103' title='bbox 1797 1220 1843 1275; x_wconf 95' lang='lat' dir='ltr'><em>J</em></span> <span class='ocrx_word' id='word_1_104' title='bbox 1864 1221 1979 1261; x_wconf 84' lang='lat' dir='ltr'><em>Gret-</em></span> 
     </span>
     <span class='ocr_line' id='line_1_17' title="bbox 581 1284 1978 1341; baseline 0.002 -18"><span class='ocrx_word' id='word_1_105' title='bbox 581 1284 697 1341; x_wconf 84' lang='lat' dir='ltr'><em>serus</em></span> <span class='ocrx_word' id='word_1_106' title='bbox 713 1286 750 1324; x_wconf 85' lang='lat' dir='ltr'><em>in</em></span> <span class='ocrx_word' id='word_1_107' title='bbox 768 1296 872 1339; x_wconf 87' lang='lat' dir='ltr'><em>opere</em></span> <span class='ocrx_word' id='word_1_108' title='bbox 888 1286 947 1326; x_wconf 79' lang='lat' dir='ltr'><em>cui</em></span> <span class='ocrx_word' id='word_1_109' title='bbox 960 1286 1110 1325; x_wconf 74' lang='lat' dir='ltr'><em>titulus:</em></span> <span class='ocrx_word' id='word_1_110' title='bbox 1124 1284 1302 1338; x_wconf 84' lang='lat' dir='ltr'>Philippi</span> <span class='ocrx_word' id='word_1_111' title='bbox 1315 1285 1492 1326; x_wconf 80' lang='lat' dir='ltr'><em>ecclefiae</em></span> <span class='ocrx_word' id='word_1_112' title='bbox 1505 1285 1763 1340; x_wconf 85' lang='lat' dir='ltr'>Eystettenfis</span> <span class='ocrx_word' id='word_1_113' title='bbox 1781 1284 1978 1326; x_wconf 87' lang='lat' dir='ltr'><em>XXXIX</em></span> 
     </span>
     <span class='ocr_line' id='line_1_18' title="bbox 591 1350 1651 1404; baseline 0.004 -16"><span class='ocrx_word' id='word_1_114' title='bbox 591 1350 783 1404; x_wconf 84' lang='lat' dir='ltr'>episcopi,</span> <span class='ocrx_word' id='word_1_115' title='bbox 805 1351 854 1391; x_wconf 86' lang='lat' dir='ltr'><em>de</em></span> <span class='ocrx_word' id='word_1_116' title='bbox 876 1350 1054 1391; x_wconf 87' lang='lat' dir='ltr'>eiusdem</span> <span class='ocrx_word' id='word_1_117' title='bbox 1077 1350 1254 1391; x_wconf 86' lang='lat' dir='ltr'>ecclefiae</span> <span class='ocrx_word' id='word_1_118' title='bbox 1276 1350 1377 1391; x_wconf 85' lang='lat' dir='ltr'>divis</span> <span class='ocrx_word' id='word_1_119' title='bbox 1400 1352 1651 1393; x_wconf 84' lang='lat' dir='ltr'><em>tutelaribus.</em></span> 
     </span>
    </p>

    <p class='ocr_par' dir='ltr' id='par_1_13' title="bbox 590 1416 1979 1536">
     <span class='ocr_line' id='line_1_19' title="bbox 648 1416 1979 1471; baseline 0.002 -16"><span class='ocrx_word' id='word_1_120' title='bbox 648 1417 761 1469; x_wconf 86' lang='lat'>1672,</span> <span class='ocrx_word' id='word_1_121' title='bbox 782 1433 823 1456; x_wconf 76' lang='lat' dir='ltr'><em>ex</em></span> <span class='ocrx_word' id='word_1_122' title='bbox 846 1416 991 1471; x_wconf 83' lang='lat' dir='ltr'><em>Canisto</em></span> <span class='ocrx_word' id='word_1_123' title='bbox 1013 1417 1049 1455; x_wconf 85' lang='lat' dir='ltr'><em>in</em></span> <span class='ocrx_word' id='word_1_124' title='bbox 1072 1416 1189 1457; x_wconf 63' lang='lat' dir='ltr'>Actis</span> <span class='ocrx_word' id='word_1_125' title='bbox 1211 1416 1274 1456; x_wconf 89' lang='lat' dir='ltr'><em>SS.</em></span> <span class='ocrx_word' id='word_1_126' title='bbox 1292 1416 1375 1456; x_wconf 91' lang='lat' dir='ltr'><em>ord.</em></span> <span class='ocrx_word' id='word_1_127' title='bbox 1399 1416 1435 1456; x_wconf 91' lang='lat' dir='ltr'><em>S.</em></span> <span class='ocrx_word' id='word_1_128' title='bbox 1453 1417 1683 1469; x_wconf 61' lang='lat' dir='ltr'>Benedicti,</span> <span class='ocrx_word' id='word_1_129' title='bbox 1703 1425 1853 1459; x_wconf 66' lang='lat' dir='ltr'><em>auctore</em></span> <span class='ocrx_word' id='word_1_130' title='bbox 1873 1417 1979 1458; x_wconf 91' lang='lat' dir='ltr'><em>Ma-</em></span> 
     </span>
     <span class='ocr_line' id='line_1_20' title="bbox 590 1480 1365 1536; baseline 0.001 -17"><span class='ocrx_word' id='word_1_131' title='bbox 590 1480 834 1536; x_wconf 74' lang='lat' dir='ltr'><em>hillone,saec.</em></span> <span class='ocrx_word' id='word_1_132' title='bbox 854 1481 937 1532; x_wconf 87' lang='lat' dir='ltr'><em>III,</em></span> <span class='ocrx_word' id='word_1_133' title='bbox 956 1491 992 1535; x_wconf 84' lang='lat' dir='ltr'><em>p.</em></span> <span class='ocrx_word' id='word_1_134' title='bbox 1016 1481 1075 1532; x_wconf 88' lang='lat' dir='ltr'><em>II,</em></span> <span class='ocrx_word' id='word_1_135' title='bbox 1093 1492 1154 1536; x_wconf 87' lang='lat' dir='ltr'><em>pp.</em></span> <span class='ocrx_word' id='word_1_136' title='bbox 1178 1482 1365 1535; x_wconf 83' lang='lat'><em>367-383.</em></span> 
     </span>
    </p>

    <p class='ocr_par' dir='ltr' id='par_1_14' title="bbox 586 1547 1979 1665">
     <span class='ocr_line' id='line_1_21' title="bbox 647 1547 1979 1601; baseline 0.002 -15"><span class='ocrx_word' id='word_1_137' title='bbox 647 1558 760 1599; x_wconf 87' lang='lat'>1721,</span> <span class='ocrx_word' id='word_1_138' title='bbox 817 1548 854 1586; x_wconf 78' lang='lat' dir='ltr'><em>in</em></span> <span class='ocrx_word' id='word_1_139' title='bbox 911 1547 1028 1587; x_wconf 54' lang='lat' dir='ltr'>Actis</span> <span class='ocrx_word' id='word_1_140' title='bbox 1084 1547 1327 1587; x_wconf 63' lang='lat' dir='ltr'>Sanctorum</span> <span class='ocrx_word' id='word_1_141' title='bbox 1383 1547 1730 1601; x_wconf 60' lang='lat' dir='ltr'><em>Bollanclg&#39;fiarum,</em></span> <span class='ocrx_word' id='word_1_142' title='bbox 1784 1549 1859 1589; x_wconf 88' lang='lat' dir='ltr'><em>Iul.</em></span> <span class='ocrx_word' id='word_1_143' title='bbox 1920 1549 1979 1600; x_wconf 89' lang='lat' dir='ltr'><em>II,</em></span> 
     </span>
     <span class='ocr_line' id='line_1_22' title="bbox 586 1621 835 1665; baseline 0.004 -14"><span class='ocrx_word' id='word_1_144' title='bbox 586 1621 622 1664; x_wconf 83' lang='lat' dir='ltr'><em>p.</em></span> <span class='ocrx_word' id='word_1_145' title='bbox 645 1624 835 1665; x_wconf 84' lang='lat'><em>500-511.</em></span> 
     </span>
    </p>

    <p class='ocr_par' dir='ltr' id='par_1_15' title="bbox 591 1676 1980 1798">
     <span class='ocr_line' id='line_1_23' title="bbox 648 1676 1980 1734; baseline 0.002 -18"><span class='ocrx_word' id='word_1_146' title='bbox 648 1676 761 1730; x_wconf 85' lang='lat'>1857,</span> <span class='ocrx_word' id='word_1_147' title='bbox 792 1677 982 1732; x_wconf 63' lang='lat' dir='ltr'><em>Eiclqstc&#39;itt,</em></span> <span class='ocrx_word' id='word_1_148' title='bbox 1014 1684 1072 1729; x_wconf 89' lang='lat'><em>4⁰,</em></span> <span class='ocrx_word' id='word_1_149' title='bbox 1105 1678 1157 1717; x_wconf 72' lang='lat' dir='ltr'><em>ed.</em></span> <span class='ocrx_word' id='word_1_150' title='bbox 1195 1678 1362 1728; x_wconf 82' lang='lat' dir='ltr'><em>Suttuez,</em></span> <span class='ocrx_word' id='word_1_151' title='bbox 1391 1678 1584 1718; x_wconf 80' lang='lat' dir='ltr'><em>canonicus</em></span> <span class='ocrx_word' id='word_1_152' title='bbox 1613 1688 1711 1730; x_wconf 87' lang='lat' dir='ltr'><em>tunc,</em></span> <span class='ocrx_word' id='word_1_153' title='bbox 1733 1680 1854 1734; x_wconf 70' lang='lat' dir='ltr'><em>pssea</em></span> <span class='ocrx_word' id='word_1_154' title='bbox 1879 1679 1980 1734; x_wconf 68' lang='lat' dir='ltr'><em>fiius</em></span> 
     </span>
     <span class='ocr_line' id='line_1_24' title="bbox 591 1741 1155 1798; baseline 0.004 -18"><span class='ocrx_word' id='word_1_155' title='bbox 591 1741 749 1798; x_wconf 78' lang='lat' dir='ltr'><em>ecclefiae</em></span> <span class='ocrx_word' id='word_1_156' title='bbox 769 1743 941 1783; x_wconf 85' lang='lat' dir='ltr'><em>vicarius</em></span> <span class='ocrx_word' id='word_1_157' title='bbox 955 1743 1155 1796; x_wconf 83' lang='lat' dir='ltr'><em>generalis.</em></span> 
     </span>
    </p>

    <p class='ocr_par' dir='ltr' id='par_1_16' title="bbox 590 1807 1979 1929">
     <span class='ocr_line' id='line_1_25' title="bbox 654 1807 1979 1863; baseline 0.003 -16"><span class='ocrx_word' id='word_1_158' title='bbox 654 1807 767 1862; x_wconf 82' lang='lat'>1873,</span> <span class='ocrx_word' id='word_1_159' title='bbox 788 1807 943 1863; x_wconf 81' lang='lat' dir='ltr'><em>Lipfiae,</em></span> <span class='ocrx_word' id='word_1_160' title='bbox 963 1808 1060 1847; x_wconf 82' lang='lat' dir='ltr'><em>inter</em></span> <span class='ocrx_word' id='word_1_161' title='bbox 1077 1808 1173 1848; x_wconf 81' lang='lat' dir='ltr'><em>alias</em></span> <span class='ocrx_word' id='word_1_162' title='bbox 1195 1808 1502 1861; x_wconf 86' lang='lat' dir='ltr'>Descriptiones</span> <span class='ocrx_word' id='word_1_163' title='bbox 1522 1809 1671 1850; x_wconf 85' lang='lat' dir='ltr'>Terrae</span> <span class='ocrx_word' id='word_1_164' title='bbox 1691 1810 1864 1861; x_wconf 64' lang='lat' dir='ltr'><em>Sanctae,</em></span> <span class='ocrx_word' id='word_1_165' title='bbox 1888 1825 1979 1850; x_wconf 87' lang='lat' dir='ltr'><em>auc—</em></span> 
     </span>
     <span class='ocr_line' id='line_1_26' title="bbox 590 1872 1128 1929; baseline 0.002 -17"><span class='ocrx_word' id='word_1_166' title='bbox 590 1882 667 1912; x_wconf 86' lang='lat' dir='ltr'><em>tore</em></span> <span class='ocrx_word' id='word_1_167' title='bbox 692 1872 737 1913; x_wconf 86' lang='lat' dir='ltr'><em>T.</em></span> <span class='ocrx_word' id='word_1_168' title='bbox 765 1872 916 1925; x_wconf 86' lang='lat' dir='ltr'><em>Tobler,</em></span> <span class='ocrx_word' id='word_1_169' title='bbox 930 1883 995 1929; x_wconf 86' lang='lat' dir='ltr'><em>pp.</em></span> <span class='ocrx_word' id='word_1_170' title='bbox 1022 1886 1128 1927; x_wconf 85' lang='grc'>1-55.</span> 
     </span>
    </p>
   </div>
   <div class='ocr_carea' id='block_1_6' title="bbox 643 2050 1242 2104">
    <p class='ocr_par' dir='ltr' id='par_1_17' title="bbox 643 2050 1242 2104">
     <span class='ocr_line' id='line_1_27' title="bbox 643 2050 1242 2104; baseline -0.002 -13"><span class='ocrx_word' id='word_1_171' title='bbox 643 2051 682 2091; x_wconf 91' lang='lat' dir='ltr'><em>b.</em></span> <span class='ocrx_word' id='word_1_172' title='bbox 705 2050 910 2104; x_wconf 86' lang='lat' dir='ltr'>Scriptum</span> <span class='ocrx_word' id='word_1_173' title='bbox 932 2050 980 2090; x_wconf 87' lang='lat' dir='ltr'><em>ab</em></span> <span class='ocrx_word' id='word_1_174' title='bbox 1002 2050 1242 2103; x_wconf 88' lang='lat' dir='ltr'><em>AnonymO.</em></span> 
     </span>
    </p>
   </div>
   <div class='ocr_carea' id='block_1_7' title="bbox 582 2143 1982 2723">
    <p class='ocr_par' dir='ltr' id='par_1_18' title="bbox 582 2143 1982 2723">
     <span class='ocr_line' id='line_1_28' title="bbox 641 2143 1982 2201; baseline -0.001 -16"><span class='ocrx_word' id='word_1_175' title='bbox 641 2145 845 2185; x_wconf 80' lang='lat' dir='ltr'><em>Narratio</em></span> <span class='ocrx_word' id='word_1_176' title='bbox 867 2145 959 2184; x_wconf 85' lang='lat' dir='ltr'><em>vitae</em></span> <span class='ocrx_word' id='word_1_177' title='bbox 979 2143 1112 2200; x_wconf 69' lang='lat' dir='ltr'><em>sancti</em></span> <span class='ocrx_word' id='word_1_178' title='bbox 1135 2144 1196 2184; x_wconf 84' lang='lat' dir='ltr'><em>W</em></span> <span class='ocrx_word' id='word_1_179' title='bbox 1193 2144 1358 2184; x_wconf 80' lang='lat' dir='ltr'><em>illibaldi</em></span> <span class='ocrx_word' id='word_1_180' title='bbox 1378 2145 1425 2183; x_wconf 82' lang='lat' dir='ltr'><em>ab</em></span> <span class='ocrx_word' id='word_1_181' title='bbox 1456 2159 1630 2197; x_wconf 83' lang='lat' dir='ltr'><em>anonymo</em></span> <span class='ocrx_word' id='word_1_182' title='bbox 1650 2150 1799 2184; x_wconf 73' lang='lat' dir='ltr'><em>auc‘tore</em></span> <span class='ocrx_word' id='word_1_183' title='bbox 1816 2143 1982 2201; x_wconf 82' lang='lat' dir='ltr'><em>scripta,</em></span> 
     </span>
     <span class='ocr_line' id='line_1_29' title="bbox 586 2207 1978 2265; baseline -0.002 -15"><span class='ocrx_word' id='word_1_184' title='bbox 586 2212 688 2264; x_wconf 82' lang='lat' dir='ltr'><em>longe</em></span> <span class='ocrx_word' id='word_1_185' title='bbox 706 2211 807 2265; x_wconf 85' lang='lat' dir='ltr'><em>abest</em></span> <span class='ocrx_word' id='word_1_186' title='bbox 823 2211 909 2263; x_wconf 79' lang='lat' dir='ltr'><em>quin</em></span> <span class='ocrx_word' id='word_1_187' title='bbox 926 2210 1022 2250; x_wconf 82' lang='lat' dir='ltr'><em>tanti</em></span> <span class='ocrx_word' id='word_1_188' title='bbox 1031 2210 1146 2264; x_wconf 79' lang='lat' dir='ltr'><em>pretij</em></span> <span class='ocrx_word' id='word_1_189' title='bbox 1156 2208 1213 2265; x_wconf 83' lang='lat' dir='ltr'><em>fit</em></span> <span class='ocrx_word' id='word_1_190' title='bbox 1226 2209 1356 2262; x_wconf 84' lang='lat' dir='ltr'><em>quanti</em></span> <span class='ocrx_word' id='word_1_191' title='bbox 1366 2210 1476 2263; x_wconf 85' lang='lat' dir='ltr'><em>prior</em></span> <span class='ocrx_word' id='word_1_192' title='bbox 1493 2209 1565 2263; x_wconf 83' lang='lat' dir='ltr'><em>ista</em></span> <span class='ocrx_word' id='word_1_193' title='bbox 1582 2224 1694 2262; x_wconf 88' lang='lat' dir='ltr'><em>quam</em></span> <span class='ocrx_word' id='word_1_194' title='bbox 1702 2207 1978 2264; x_wconf 61' lang='lat' dir='ltr'><em>sanctimonia-</em></span> 
     </span>
     <span class='ocr_line' id='line_1_30' title="bbox 591 2273 1978 2329; baseline -0.002 -13"><span class='ocrx_word' id='word_1_195' title='bbox 591 2276 633 2316; x_wconf 87' lang='lat' dir='ltr'><em>lis</em></span> <span class='ocrx_word' id='word_1_196' title='bbox 653 2275 807 2328; x_wconf 78' lang='lat' dir='ltr'><em>redegit,</em></span> <span class='ocrx_word' id='word_1_197' title='bbox 828 2275 890 2329; x_wconf 81' lang='lat' dir='ltr'><em>etfi</em></span> <span class='ocrx_word' id='word_1_198' title='bbox 909 2276 983 2315; x_wconf 83' lang='lat' dir='ltr'><em>eius</em></span> <span class='ocrx_word' id='word_1_199' title='bbox 1003 2275 1120 2315; x_wconf 85' lang='lat' dir='ltr'><em>oratio</em></span> <span class='ocrx_word' id='word_1_200' title='bbox 1136 2274 1248 2314; x_wconf 85' lang='lat' dir='ltr'><em>multo</em></span> <span class='ocrx_word' id='word_1_201' title='bbox 1269 2275 1493 2314; x_wconf 82' lang='lat' dir='ltr'><em>emendatior</em></span> <span class='ocrx_word' id='word_1_202' title='bbox 1500 2275 1564 2329; x_wconf 84' lang='lat' dir='ltr'><em>fit.</em></span> <span class='ocrx_word' id='word_1_203' title='bbox 1583 2273 1803 2314; x_wconf 86' lang='lat' dir='ltr'><em>Putandum</em></span> <span class='ocrx_word' id='word_1_204' title='bbox 1823 2274 1869 2328; x_wconf 68' lang='lat' dir='ltr'><em>est</em></span> <span class='ocrx_word' id='word_1_205' title='bbox 1886 2273 1978 2314; x_wconf 89' lang='lat' dir='ltr'><em>via-</em></span> 
     </span>
     <span class='ocr_line' id='line_1_31' title="bbox 588 2339 1977 2394; baseline -0.002 -13"><span class='ocrx_word' id='word_1_206' title='bbox 588 2342 679 2381; x_wconf 82' lang='lat' dir='ltr'><em>toris</em></span> <span class='ocrx_word' id='word_1_207' title='bbox 699 2341 959 2380; x_wconf 81' lang='lat' dir='ltr'><em>narrationem</em></span> <span class='ocrx_word' id='word_1_208' title='bbox 981 2341 1028 2380; x_wconf 87' lang='lat' dir='ltr'><em>ab</em></span> <span class='ocrx_word' id='word_1_209' title='bbox 1058 2348 1203 2381; x_wconf 69' lang='lat' dir='ltr'><em>auaore</em></span> <span class='ocrx_word' id='word_1_210' title='bbox 1233 2340 1404 2380; x_wconf 85' lang='lat' dir='ltr'><em>auditam</em></span> <span class='ocrx_word' id='word_1_211' title='bbox 1417 2339 1559 2394; x_wconf 70' lang='lat' dir='ltr'><em>suff,</em></span> <span class='ocrx_word' id='word_1_212' title='bbox 1589 2355 1738 2392; x_wconf 87' lang='lat' dir='ltr'><em>eumque</em></span> <span class='ocrx_word' id='word_1_213' title='bbox 1759 2339 1835 2379; x_wconf 85' lang='lat' dir='ltr'><em>ideo</em></span> <span class='ocrx_word' id='word_1_214' title='bbox 1857 2355 1977 2392; x_wconf 87' lang='lat' dir='ltr'><em>argu-</em></span> 
     </span>
     <span class='ocr_line' id='line_1_32' title="bbox 587 2403 1981 2463; baseline -0.001 -18"><span class='ocrx_word' id='word_1_215' title='bbox 587 2415 748 2446; x_wconf 79' lang='lat' dir='ltr'><em>mentum</em></span> <span class='ocrx_word' id='word_1_216' title='bbox 771 2406 910 2459; x_wconf 77' lang='lat' dir='ltr'><em>longius</em></span> <span class='ocrx_word' id='word_1_217' title='bbox 932 2406 1042 2462; x_wconf 87' lang='lat' dir='ltr'><em>usque</em></span> <span class='ocrx_word' id='word_1_218' title='bbox 1063 2407 1118 2445; x_wconf 89' lang='lat' dir='ltr'><em>ad</em></span> <span class='ocrx_word' id='word_1_219' title='bbox 1133 2405 1419 2463; x_wconf 74' lang='lat' dir='ltr'><em>mortemsantti</em></span> <span class='ocrx_word' id='word_1_220' title='bbox 1437 2405 1519 2445; x_wconf 82' lang='lat' dir='ltr'><em>viri</em></span> <span class='ocrx_word' id='word_1_221' title='bbox 1538 2403 1778 2459; x_wconf 56' lang='lat' dir='ltr'><em>trattaviſje,</em></span> <span class='ocrx_word' id='word_1_222' title='bbox 1799 2405 1895 2457; x_wconf 87' lang='lat' dir='ltr'><em>quod</em></span> <span class='ocrx_word' id='word_1_223' title='bbox 1911 2414 1981 2444; x_wconf 87' lang='lat' dir='ltr'><em>aut</em></span> 
     </span>
     <span class='ocr_line' id='line_1_33' title="bbox 585 2469 1975 2528; baseline -0.001 -17"><span class='ocrx_word' id='word_1_224' title='bbox 585 2471 641 2511; x_wconf 81' lang='lat' dir='ltr'><em>illi</em></span> <span class='ocrx_word' id='word_1_225' title='bbox 648 2471 836 2528; x_wconf 80' lang='lat' dir='ltr'><em>superstes</em></span> <span class='ocrx_word' id='word_1_226' title='bbox 854 2471 988 2525; x_wconf 86' lang='lat' dir='ltr'><em>fuerit</em></span> <span class='ocrx_word' id='word_1_227' title='bbox 1007 2481 1075 2510; x_wconf 90' lang='lat' dir='ltr'><em>aut</em></span> <span class='ocrx_word' id='word_1_228' title='bbox 1101 2472 1149 2510; x_wconf 82' lang='lat' dir='ltr'><em>ab</em></span> <span class='ocrx_word' id='word_1_229' title='bbox 1179 2470 1252 2510; x_wconf 85' lang='lat' dir='ltr'><em>alio</em></span> <span class='ocrx_word' id='word_1_230' title='bbox 1281 2471 1437 2523; x_wconf 85' lang='lat' dir='ltr'><em>quodam</em></span> <span class='ocrx_word' id='word_1_231' title='bbox 1467 2470 1760 2524; x_wconf 81' lang='lat' dir='ltr'><em>complementum</em></span> <span class='ocrx_word' id='word_1_232' title='bbox 1789 2469 1888 2509; x_wconf 81' lang='lat' dir='ltr'><em>illud</em></span> <span class='ocrx_word' id='word_1_233' title='bbox 1904 2470 1975 2509; x_wconf 89' lang='lat' dir='ltr'><em>ad-</em></span> 
     </span>
     <span class='ocr_line' id='line_1_34' title="bbox 587 2533 1975 2592; baseline -0.001 -16"><span class='ocrx_word' id='word_1_234' title='bbox 587 2537 703 2576; x_wconf 84' lang='lat' dir='ltr'><em>ditum</em></span> <span class='ocrx_word' id='word_1_235' title='bbox 717 2535 782 2591; x_wconf 83' lang='lat' dir='ltr'><em>fit.</em></span> <span class='ocrx_word' id='word_1_236' title='bbox 814 2535 956 2576; x_wconf 84' lang='lat' dir='ltr'><em>Coniici</em></span> <span class='ocrx_word' id='word_1_237' title='bbox 972 2537 1083 2592; x_wconf 71' lang='lat' dir='ltr'><em>potest</em></span> <span class='ocrx_word' id='word_1_238' title='bbox 1105 2551 1218 2575; x_wconf 87' lang='lat' dir='ltr'><em>unum</em></span> <span class='ocrx_word' id='word_1_239' title='bbox 1240 2552 1282 2576; x_wconf 81' lang='lat' dir='ltr'><em>ex</em></span> <span class='ocrx_word' id='word_1_240' title='bbox 1301 2535 1463 2576; x_wconf 82' lang='lat' dir='ltr'><em>diaconis</em></span> <span class='ocrx_word' id='word_1_241' title='bbox 1484 2544 1551 2576; x_wconf 88' lang='lat' dir='ltr'><em>aut</em></span> <span class='ocrx_word' id='word_1_242' title='bbox 1570 2536 1800 2576; x_wconf 84' lang='lat' dir='ltr'><em>auditoribus</em></span> <span class='ocrx_word' id='word_1_243' title='bbox 1807 2533 1849 2590; x_wconf 94' lang='lat' dir='ltr'><em>s</em></span> <span class='ocrx_word' id='word_1_244' title='bbox 1871 2534 1975 2575; x_wconf 77' lang='lat' dir='ltr'><em>W&#39;l-</em></span> 
     </span>
     <span class='ocr_line' id='line_1_35' title="bbox 586 2599 1974 2654; baseline -0.001 -14"><span class='ocrx_word' id='word_1_245' title='bbox 586 2601 728 2652; x_wconf 77' lang='lat' dir='ltr'><em>libaldi,</em></span> <span class='ocrx_word' id='word_1_246' title='bbox 765 2600 1016 2642; x_wconf 86' lang='lat' dir='ltr'><em>Adalbertum</em></span> <span class='ocrx_word' id='word_1_247' title='bbox 1046 2611 1114 2642; x_wconf 89' lang='lat' dir='ltr'><em>aut</em></span> <span class='ocrx_word' id='word_1_248' title='bbox 1137 2600 1199 2641; x_wconf 88' lang='lat' dir='ltr'><em>W</em></span> <span class='ocrx_word' id='word_1_249' title='bbox 1197 2600 1431 2651; x_wconf 76' lang='lat' dir='ltr'><em>anibaldum,</em></span> <span class='ocrx_word' id='word_1_250' title='bbox 1454 2601 1624 2654; x_wconf 84' lang='lat' dir='ltr'><em>primum</em></span> <span class='ocrx_word' id='word_1_251' title='bbox 1653 2599 1974 2654; x_wconf 84' lang='lat' dir='ltr'><em>Heydenheimen-</em></span> 
     </span>
     <span class='ocr_line' id='line_1_36' title="bbox 582 2664 1975 2723; baseline -0.001 -17"><span class='ocrx_word' id='word_1_252' title='bbox 582 2666 657 2720; x_wconf 86' lang='lat' dir='ltr'><em>sem</em></span> <span class='ocrx_word' id='word_1_253' title='bbox 679 2668 865 2718; x_wconf 79' lang='lat' dir='ltr'><em>abbatem,</em></span> <span class='ocrx_word' id='word_1_254' title='bbox 900 2667 1157 2707; x_wconf 79' lang='lat' dir='ltr'><em>narrationem</em></span> <span class='ocrx_word' id='word_1_255' title='bbox 1185 2667 1297 2707; x_wconf 88' lang='lat' dir='ltr'><em>talem</em></span> <span class='ocrx_word' id='word_1_256' title='bbox 1317 2664 1581 2723; x_wconf 60' lang='lat' dir='ltr'><em>cgnscripfiffi,</em></span> <span class='ocrx_word' id='word_1_257' title='bbox 1609 2665 1756 2718; x_wconf 87' lang='lat' dir='ltr'><em>qualem</em></span> <span class='ocrx_word' id='word_1_258' title='bbox 1764 2665 1975 2722; x_wconf 86' lang='lat' dir='ltr'><em>secundum</em></span> 
     </span>
    </p>
   </div>
  </div>
 </body>
</html>
