<?xml version="1.0" encoding="UTF-8"?>
<!DOCTYPE html PUBLIC "-//W3C//DTD XHTML 1.0 Transitional//EN"
    "http://www.w3.org/TR/xhtml1/DTD/xhtml1-transitional.dtd">
<html xmlns="http://www.w3.org/1999/xhtml" xml:lang="en" lang="en">
 <head>
  <title>
</title>
<meta http-equiv="Content-Type" content="text/html;charset=utf-8" />
  <meta name='ocr-system' content='tesseract 3.04.00' />
  <meta name='ocr-capabilities' content='ocr_page ocr_carea ocr_par ocr_line ocrx_word'/>
</head>
<body>
  <div class='ocr_page' id='page_1' title='image "./p1itinerahierosoly1tobl_0552.png"; bbox 0 0 2216 3435; ppageno 0'>
   <div class='ocr_carea' id='block_1_1' title="bbox 593 175 1423 223">
    <p class='ocr_par' dir='ltr' id='par_1_1' title="bbox 593 175 1423 223">
     <span class='ocr_line' id='line_1_1' title="bbox 593 175 1423 223; baseline -0.005 0"><span class='ocrx_word' id='word_1_1' title='bbox 593 175 623 223; x_wconf 73' lang='grc' dir='ltr'>ὁ</span> <span class='ocrx_word' id='word_1_2' title='bbox 1134 187 1423 221; x_wconf 80' lang='lat' dir='ltr'><strong>oRD1NAC1o</strong></span> 
     </span>
    </p>
   </div>
   <div class='ocr_carea' id='block_1_2' title="bbox 578 332 2216 2688">
    <p class='ocr_par' dir='ltr' id='par_1_2' title="bbox 591 332 1978 396">
     <span class='ocr_line' id='line_1_2' title="bbox 591 332 1978 396; baseline 0.003 -20"><span class='ocrx_word' id='word_1_3' title='bbox 591 335 789 395; x_wconf 85' lang='lat' dir='ltr'><strong>oportuit</strong></span> <span class='ocrx_word' id='word_1_4' title='bbox 826 334 1026 381; x_wconf 89' lang='lat' dir='ltr'><strong>homines</strong></span> <span class='ocrx_word' id='word_1_5' title='bbox 1058 336 1184 391; x_wconf 82' lang='lat' dir='ltr'><strong>mori,</strong></span> <span class='ocrx_word' id='word_1_6' title='bbox 1222 333 1277 379; x_wconf 82' lang='lat' dir='ltr'><strong>sic</strong></span> <span class='ocrx_word' id='word_1_7' title='bbox 1312 332 1519 396; x_wconf 86' lang='lat' dir='ltr'><strong>opposito</strong></span> <span class='ocrx_word' id='word_1_8' title='bbox 1557 333 1696 380; x_wconf 85' lang='lat' dir='ltr'><strong>modo</strong></span> <span class='ocrx_word' id='word_1_9' title='bbox 1722 351 1798 396; x_wconf 87' lang='lat' dir='ltr'><strong>per</strong></span> <span class='ocrx_word' id='word_1_10' title='bbox 1823 335 1978 394; x_wconf 83' lang='lat' dir='ltr'><strong>virum,</strong></span> 
     </span>
    </p>

    <p class='ocr_par' dir='ltr' id='par_1_3' title="bbox 590 404 1975 466">
     <span class='ocr_line' id='line_1_3' title="bbox 590 404 1975 466; baseline 0.001 -16"><span class='ocrx_word' id='word_1_11' title='bbox 590 405 750 450; x_wconf 87' lang='lat' dir='ltr'><strong>scilicet</strong></span> <span class='ocrx_word' id='word_1_12' title='bbox 776 404 939 451; x_wconf 84' lang='lat' dir='ltr'><strong>lhesum</strong></span> <span class='ocrx_word' id='word_1_13' title='bbox 963 406 1197 462; x_wconf 78' lang='lat' dir='ltr'><strong>Christum,</strong></span> <span class='ocrx_word' id='word_1_14' title='bbox 1225 407 1299 466; x_wconf 87' lang='lat' dir='ltr'><strong>qui</strong></span> <span class='ocrx_word' id='word_1_15' title='bbox 1326 404 1380 450; x_wconf 92' lang='lat' dir='ltr'><strong>de</strong></span> <span class='ocrx_word' id='word_1_16' title='bbox 1408 405 1601 464; x_wconf 86' lang='lat' dir='ltr'><strong>muliere,</strong></span> <span class='ocrx_word' id='word_1_17' title='bbox 1640 406 1799 452; x_wconf 84' lang='lat' dir='ltr'><strong>scilicet</strong></span> <span class='ocrx_word' id='word_1_18' title='bbox 1826 407 1975 465; x_wconf 80' lang='lat' dir='ltr'><strong>Maria,</strong></span> 
     </span>
    </p>

    <p class='ocr_par' dir='ltr' id='par_1_4' title="bbox 591 475 1976 541">
     <span class='ocr_line' id='line_1_4' title="bbox 591 475 1976 541; baseline 0.003 -21"><span class='ocrx_word' id='word_1_19' title='bbox 591 475 756 538; x_wconf 77' lang='lat' dir='ltr'><strong>absque</strong></span> <span class='ocrx_word' id='word_1_20' title='bbox 782 478 1104 522; x_wconf 85' lang='lat' dir='ltr'><strong>coniunccione</strong></span> <span class='ocrx_word' id='word_1_21' title='bbox 1140 476 1331 535; x_wconf 77' lang='lat' dir='ltr'><strong>masculi,</strong></span> <span class='ocrx_word' id='word_1_22' title='bbox 1373 475 1583 522; x_wconf 79' lang='lat' dir='ltr'><strong>debemus</strong></span> <span class='ocrx_word' id='word_1_23' title='bbox 1614 495 1766 523; x_wconf 87' lang='lat' dir='ltr'><strong>omnes</strong></span> <span class='ocrx_word' id='word_1_24' title='bbox 1792 495 1868 541; x_wconf 88' lang='lat' dir='ltr'><strong>per</strong></span> <span class='ocrx_word' id='word_1_25' title='bbox 1893 479 1976 524; x_wconf 83' lang='lat' dir='ltr'><strong>Dei</strong></span> 
     </span>
    </p>

    <p class='ocr_par' dir='ltr' id='par_1_5' title="bbox 590 547 1977 610">
     <span class='ocr_line' id='line_1_5' title="bbox 590 547 1977 610; baseline 0.002 -18"><span class='ocrx_word' id='word_1_26' title='bbox 590 549 786 610; x_wconf 82' lang='lat' dir='ltr'>graciam</span> <span class='ocrx_word' id='word_1_27' title='bbox 810 550 954 595; x_wconf 87' lang='lat' dir='ltr'><strong>vivere</strong></span> <span class='ocrx_word' id='word_1_28' title='bbox 979 551 1023 594; x_wconf 78' lang='grc' dir='ltr'><strong>ὅ(</strong></span> <span class='ocrx_word' id='word_1_29' title='bbox 1047 547 1205 593; x_wconf 87' lang='lat' dir='ltr'><strong>habere</strong></span> <span class='ocrx_word' id='word_1_30' title='bbox 1230 549 1366 594; x_wconf 84' lang='lat' dir='ltr'><strong>vitam</strong></span> <span class='ocrx_word' id='word_1_31' title='bbox 1391 565 1598 594; x_wconf 89' lang='lat' dir='ltr'><strong>eternam.</strong></span> <span class='ocrx_word' id='word_1_32' title='bbox 1629 553 1732 595; x_wconf 85' lang='lat' dir='ltr'><strong>[tem</strong></span> <span class='ocrx_word' id='word_1_33' title='bbox 1753 572 1761 595; x_wconf 90' lang='lat'>:</span> <span class='ocrx_word' id='word_1_34' title='bbox 1789 550 1885 595; x_wconf 81' lang='lat' dir='ltr'><strong>Alia</strong></span> <span class='ocrx_word' id='word_1_35' title='bbox 1919 550 1977 595; x_wconf 89' lang='lat' dir='ltr'><strong>est</strong></span> 
     </span>
    </p>

    <p class='ocr_par' dir='ltr' id='par_1_6' title="bbox 578 619 2018 757">
     <span class='ocr_line' id='line_1_6' title="bbox 590 619 1976 684; baseline 0.004 -22"><span class='ocrx_word' id='word_1_36' title='bbox 590 620 737 679; x_wconf 82' lang='lat' dir='ltr'><strong>raci03</strong></span> <span class='ocrx_word' id='word_1_37' title='bbox 774 638 851 683; x_wconf 91' lang='lat' dir='ltr'><strong>per</strong></span> <span class='ocrx_word' id='word_1_38' title='bbox 888 621 1052 666; x_wconf 88' lang='lat' dir='ltr'><strong>costam</strong></span> <span class='ocrx_word' id='word_1_39' title='bbox 1093 621 1268 666; x_wconf 84' lang='lat' dir='ltr'><strong>intravit</strong></span> <span class='ocrx_word' id='word_1_40' title='bbox 1299 637 1436 678; x_wconf 79' lang='lat' dir='ltr'><strong>mors,</strong></span> <span class='ocrx_word' id='word_1_41' title='bbox 1473 619 1589 682; x_wconf 77' lang='lat' dir='ltr'><strong>quasi</strong></span> <span class='ocrx_word' id='word_1_42' title='bbox 1626 638 1703 684; x_wconf 87' lang='lat' dir='ltr'><strong>per</strong></span> <span class='ocrx_word' id='word_1_43' title='bbox 1732 620 1877 679; x_wconf 78' lang='lat' dir='ltr'><strong>Evam,</strong></span> <span class='ocrx_word' id='word_1_44' title='bbox 1903 641 1976 681; x_wconf 85' lang='lat' dir='ltr'><strong>que</strong></span> 
     </span>
     <span class='ocr_line' id='line_1_7' title="bbox 578 690 2018 757; baseline 0.002 -22"><span class='ocrx_word' id='word_1_45' title='bbox 578 694 801 752; x_wconf 71' lang='lat' dir='ltr'><strong>fac‘lafuit</strong></span> <span class='ocrx_word' id='word_1_46' title='bbox 819 695 867 737; x_wconf 82' lang='lat' dir='ltr'><strong>de</strong></span> <span class='ocrx_word' id='word_1_47' title='bbox 886 697 987 747; x_wconf 76' lang='lat' dir='ltr'><strong>cosla</strong></span> <span class='ocrx_word' id='word_1_48' title='bbox 1003 691 1375 749; x_wconf 69' lang='lat' dir='ltr'><strong>oqde(Gene11,11,</strong></span> <span class='ocrx_word' id='word_1_49' title='bbox 1390 707 1440 737; x_wconf 89' lang='lat'><strong>21</strong></span> <span class='ocrx_word' id='word_1_50' title='bbox 1463 692 1589 754; x_wconf 72' lang='lat' dir='ltr'><strong>seq),</strong></span> <span class='ocrx_word' id='word_1_51' title='bbox 1607 690 1661 737; x_wconf 79' lang='lat' dir='ltr'><strong>fic</strong></span> <span class='ocrx_word' id='word_1_52' title='bbox 1681 711 1703 737; x_wconf 92' lang='lat' dir='ltr'><strong>e</strong></span> <span class='ocrx_word' id='word_1_53' title='bbox 1723 694 1943 738; x_wconf 87' lang='lat' dir='ltr'><strong>contrario</strong></span> <span class='ocrx_word' id='word_1_54' title='bbox 1961 702 1972 722; x_wconf 88' lang='lat'><em>¹</em></span> <span class='ocrx_word' id='word_1_55' title='bbox 2015 747 2018 757; x_wconf 37' lang='grc' dir='ltr'><strong><em>Ι</em></strong></span> 
     </span>
    </p>

    <p class='ocr_par' dir='ltr' id='par_1_7' title="bbox 587 762 2201 897">
     <span class='ocr_line' id='line_1_8' title="bbox 590 762 2201 826; baseline 0.002 -19"><span class='ocrx_word' id='word_1_56' title='bbox 590 779 669 824; x_wconf 90' lang='lat' dir='ltr'><strong>per</strong></span> <span class='ocrx_word' id='word_1_57' title='bbox 692 763 801 808; x_wconf 87' lang='lat' dir='ltr'><strong>latus</strong></span> <span class='ocrx_word' id='word_1_58' title='bbox 821 765 922 821; x_wconf 81' lang='lat' dir='ltr'><strong>vita,</strong></span> <span class='ocrx_word' id='word_1_59' title='bbox 949 764 1050 825; x_wconf 83' lang='lat' dir='ltr'><strong>quia</strong></span> <span class='ocrx_word' id='word_1_60' title='bbox 1075 779 1152 824; x_wconf 89' lang='lat' dir='ltr'><strong>per</strong></span> <span class='ocrx_word' id='word_1_61' title='bbox 1175 763 1433 826; x_wconf 81' lang='lat' dir='ltr'><strong>sanguinem</strong></span> <span class='ocrx_word' id='word_1_62' title='bbox 1458 762 1630 822; x_wconf 78' lang='lat' dir='ltr'><strong>Christi,</strong></span> <span class='ocrx_word' id='word_1_63' title='bbox 1669 764 1741 825; x_wconf 89' lang='lat' dir='ltr'><strong>qui</strong></span> <span class='ocrx_word' id='word_1_64' title='bbox 1767 764 1896 809; x_wconf 80' lang='lat' dir='ltr'>exivit</span> <span class='ocrx_word' id='word_1_65' title='bbox 1922 762 1976 809; x_wconf 90' lang='lat' dir='ltr'><strong>de</strong></span> <span class='ocrx_word' id='word_1_66' title='bbox 1996 783 2026 811; x_wconf 84' lang='lat' dir='ltr'>A</span> <span class='ocrx_word' id='word_1_67' title='bbox 2043 780 2063 810; x_wconf 84' lang='lat' dir='ltr'><strong>f.</strong></span> <span class='ocrx_word' id='word_1_68' title='bbox 2080 781 2117 821; x_wconf 82' lang='lat'><strong>58</strong></span> <span class='ocrx_word' id='word_1_69' title='bbox 2134 792 2160 819; x_wconf 82' lang='lat' dir='ltr'><strong>a,</strong></span> <span class='ocrx_word' id='word_1_70' title='bbox 2177 793 2201 811; x_wconf 79' lang='lat' dir='ltr'><strong>c.</strong></span> 
     </span>
     <span class='ocr_line' id='line_1_9' title="bbox 587 833 1978 897; baseline 0 -18"><span class='ocrx_word' id='word_1_71' title='bbox 587 833 720 880; x_wconf 87' lang='lat' dir='ltr'><strong>latere</strong></span> <span class='ocrx_word' id='word_1_72' title='bbox 741 836 841 881; x_wconf 77' lang='lat' dir='ltr'><strong>eiuS.</strong></span> <span class='ocrx_word' id='word_1_73' title='bbox 872 839 974 880; x_wconf 89' lang='lat' dir='ltr'><strong>ltem</strong></span> <span class='ocrx_word' id='word_1_74' title='bbox 995 857 1004 881; x_wconf 75' lang='lat' dir='ltr'><em>z</em></span> <span class='ocrx_word' id='word_1_75' title='bbox 1031 835 1104 879; x_wconf 89' lang='lat' dir='ltr'><strong>Per</strong></span> <span class='ocrx_word' id='word_1_76' title='bbox 1128 835 1358 879; x_wconf 82' lang='lat' dir='ltr'>accionem</span> <span class='ocrx_word' id='word_1_77' title='bbox 1379 851 1509 893; x_wconf 77' lang='lat' dir='ltr'><strong>mors,</strong></span> <span class='ocrx_word' id='word_1_78' title='bbox 1531 835 1631 896; x_wconf 89' lang='lat' dir='ltr'><strong>quia</strong></span> <span class='ocrx_word' id='word_1_79' title='bbox 1650 852 1727 897; x_wconf 90' lang='lat' dir='ltr'><strong>per</strong></span> <span class='ocrx_word' id='word_1_80' title='bbox 1747 834 1978 880; x_wconf 88' lang='lat' dir='ltr'><strong>comestio-</strong></span> 
     </span>
    </p>

    <p class='ocr_par' dir='ltr' id='par_1_8' title="bbox 589 904 1976 969">
     <span class='ocr_line' id='line_1_10' title="bbox 589 904 1976 969; baseline 0.001 -19"><span class='ocrx_word' id='word_1_81' title='bbox 589 922 706 963; x_wconf 76' lang='lat' dir='ltr'><strong>nem,</strong></span> <span class='ocrx_word' id='word_1_82' title='bbox 748 904 803 951; x_wconf 81' lang='lat' dir='ltr'><strong>sic</strong></span> <span class='ocrx_word' id='word_1_83' title='bbox 844 925 866 952; x_wconf 94' lang='lat' dir='ltr'><strong>e</strong></span> <span class='ocrx_word' id='word_1_84' title='bbox 903 906 1122 951; x_wconf 86' lang='lat' dir='ltr'><strong>contrario</strong></span> <span class='ocrx_word' id='word_1_85' title='bbox 1159 923 1237 968; x_wconf 89' lang='lat' dir='ltr'><strong>per</strong></span> <span class='ocrx_word' id='word_1_86' title='bbox 1272 905 1517 968; x_wconf 76' lang='lat' dir='ltr'><strong>pastionem</strong></span> <span class='ocrx_word' id='word_1_87' title='bbox 1556 907 1659 964; x_wconf 85' lang='lat' dir='ltr'><strong>vita,</strong></span> <span class='ocrx_word' id='word_1_88' title='bbox 1699 907 1802 968; x_wconf 88' lang='lat' dir='ltr'><strong>quia</strong></span> <span class='ocrx_word' id='word_1_89' title='bbox 1842 905 1976 969; x_wconf 85' lang='lat' dir='ltr'><strong>paffio</strong></span> 
     </span>
    </p>

    <p class='ocr_par' dir='ltr' id='par_1_9' title="bbox 589 976 1332 1023">
     <span class='ocr_line' id='line_1_11' title="bbox 589 976 1332 1023; baseline 0.003 -2"><span class='ocrx_word' id='word_1_90' title='bbox 589 976 748 1022; x_wconf 87' lang='lat' dir='ltr'><strong>Christi</strong></span> <span class='ocrx_word' id='word_1_91' title='bbox 770 979 815 1022; x_wconf 90' lang='lat' dir='ltr'><strong>in</strong></span> <span class='ocrx_word' id='word_1_92' title='bbox 841 995 968 1023; x_wconf 88' lang='lat' dir='ltr'><strong>cruce</strong></span> <span class='ocrx_word' id='word_1_93' title='bbox 993 976 1160 1022; x_wconf 86' lang='lat' dir='ltr'><strong>induxit</strong></span> <span class='ocrx_word' id='word_1_94' title='bbox 1185 979 1332 1023; x_wconf 86' lang='lat' dir='ltr'><strong>vitam.</strong></span> 
     </span>
    </p>

    <p class='ocr_par' dir='ltr' id='par_1_10' title="bbox 582 1047 2216 2688">
     <span class='ocr_line' id='line_1_12' title="bbox 656 1047 1977 1099; baseline 0.004 -6"><span class='ocrx_word' id='word_1_95' title='bbox 656 1052 761 1094; x_wconf 86' lang='lat' dir='ltr'><strong>Item</strong></span> <span class='ocrx_word' id='word_1_96' title='bbox 786 1072 795 1095; x_wconf 88' lang='lat'><strong>:</strong></span> <span class='ocrx_word' id='word_1_97' title='bbox 838 1050 910 1095; x_wconf 88' lang='lat' dir='ltr'><strong>Per</strong></span> <span class='ocrx_word' id='word_1_98' title='bbox 947 1048 1293 1095; x_wconf 43' lang='lat' dir='ltr'><strong>deleciacionem</strong></span> <span class='ocrx_word' id='word_1_99' title='bbox 1319 1047 1415 1094; x_wconf 82' lang='lat' dir='ltr'><strong>Ade</strong></span> <span class='ocrx_word' id='word_1_100' title='bbox 1452 1050 1497 1094; x_wconf 87' lang='lat'>&amp;</span> <span class='ocrx_word' id='word_1_101' title='bbox 1530 1048 1611 1095; x_wconf 82' lang='lat' dir='ltr'><strong>Eve</strong></span> <span class='ocrx_word' id='word_1_102' title='bbox 1637 1050 1680 1094; x_wconf 91' lang='lat' dir='ltr'><strong>in</strong></span> <span class='ocrx_word' id='word_1_103' title='bbox 1706 1050 1977 1099; x_wconf 88' lang='lat' dir='ltr'><strong>comestione</strong></span> 
     </span>
     <span class='ocr_line' id='line_1_13' title="bbox 587 1119 1977 1182; baseline 0.002 -17"><span class='ocrx_word' id='word_1_104' title='bbox 587 1120 713 1182; x_wconf 83' lang='lat' dir='ltr'><strong>pomi</strong></span> <span class='ocrx_word' id='word_1_105' title='bbox 737 1138 870 1177; x_wconf 80' lang='lat' dir='ltr'><strong>mors,</strong></span> <span class='ocrx_word' id='word_1_106' title='bbox 912 1119 966 1166; x_wconf 79' lang='lat' dir='ltr'><strong>sic</strong></span> <span class='ocrx_word' id='word_1_107' title='bbox 991 1139 1013 1165; x_wconf 94' lang='lat' dir='ltr'><strong>e</strong></span> <span class='ocrx_word' id='word_1_108' title='bbox 1039 1121 1259 1166; x_wconf 86' lang='lat' dir='ltr'><strong>contrario</strong></span> <span class='ocrx_word' id='word_1_109' title='bbox 1286 1137 1362 1182; x_wconf 88' lang='lat' dir='ltr'><strong>per</strong></span> <span class='ocrx_word' id='word_1_110' title='bbox 1386 1119 1726 1166; x_wconf 81' lang='lat' dir='ltr'><strong>amaritudinem</strong></span> <span class='ocrx_word' id='word_1_111' title='bbox 1751 1121 1908 1168; x_wconf 86' lang='lat' dir='ltr'><strong>Christi</strong></span> <span class='ocrx_word' id='word_1_112' title='bbox 1931 1126 1977 1170; x_wconf 75' lang='grc' dir='ltr'><strong>δε</strong></span> 
     </span>
     <span class='ocr_line' id='line_1_14' title="bbox 588 1191 1977 1241; baseline 0.004 -5"><span class='ocrx_word' id='word_1_113' title='bbox 588 1192 721 1237; x_wconf 87' lang='lat' dir='ltr'><strong>Marie</strong></span> <span class='ocrx_word' id='word_1_114' title='bbox 755 1193 800 1237; x_wconf 88' lang='lat' dir='ltr'><strong>in</strong></span> <span class='ocrx_word' id='word_1_115' title='bbox 838 1209 965 1238; x_wconf 85' lang='lat' dir='ltr'><strong>cruce</strong></span> <span class='ocrx_word' id='word_1_116' title='bbox 1001 1194 1100 1239; x_wconf 86' lang='lat' dir='ltr'><strong>vita.</strong></span> <span class='ocrx_word' id='word_1_117' title='bbox 1142 1196 1274 1238; x_wconf 85' lang='lat' dir='ltr'><strong>Item:</strong></span> <span class='ocrx_word' id='word_1_118' title='bbox 1316 1191 1462 1237; x_wconf 78' lang='lat' dir='ltr'><strong>Adam</strong></span> <span class='ocrx_word' id='word_1_119' title='bbox 1495 1194 1540 1238; x_wconf 66' lang='grc' dir='ltr'><strong>ὃς</strong></span> <span class='ocrx_word' id='word_1_120' title='bbox 1570 1193 1651 1239; x_wconf 81' lang='lat' dir='ltr'><strong>Eva</strong></span> <span class='ocrx_word' id='word_1_121' title='bbox 1679 1192 1977 1241; x_wconf 86' lang='lat' dir='ltr'><strong>comedebant</strong></span> 
     </span>
     <span class='ocr_line' id='line_1_15' title="bbox 588 1262 1975 1329; baseline 0.004 -23"><span class='ocrx_word' id='word_1_122' title='bbox 588 1279 789 1324; x_wconf 81' lang='lat' dir='ltr'><strong>pomum,</strong></span> <span class='ocrx_word' id='word_1_123' title='bbox 811 1280 855 1308; x_wconf 86' lang='lat' dir='ltr'><strong>ut</strong></span> <span class='ocrx_word' id='word_1_124' title='bbox 876 1262 997 1309; x_wconf 80' lang='lat' dir='ltr'><strong>simul</strong></span> <span class='ocrx_word' id='word_1_125' title='bbox 1022 1280 1216 1309; x_wconf 89' lang='lat' dir='ltr'><strong>tenerent</strong></span> <span class='ocrx_word' id='word_1_126' title='bbox 1234 1280 1393 1326; x_wconf 88' lang='lat' dir='ltr'><strong>corpus</strong></span> <span class='ocrx_word' id='word_1_127' title='bbox 1409 1265 1455 1308; x_wconf 66' lang='grc' dir='ltr'><strong>ὃς</strong></span> <span class='ocrx_word' id='word_1_128' title='bbox 1479 1264 1689 1323; x_wconf 75' lang='lat' dir='ltr'><strong>animam,</strong></span> <span class='ocrx_word' id='word_1_129' title='bbox 1715 1266 1817 1327; x_wconf 90' lang='lat' dir='ltr'><strong>quia</strong></span> <span class='ocrx_word' id='word_1_130' title='bbox 1841 1283 1975 1329; x_wconf 88' lang='lat' dir='ltr'><strong>prop-</strong></span> 
     </span>
     <span class='ocr_line' id='line_1_16' title="bbox 588 1334 1974 1399; baseline 0.003 -20"><span class='ocrx_word' id='word_1_131' title='bbox 588 1350 650 1379; x_wconf 90' lang='lat' dir='ltr'><strong>ter</strong></span> <span class='ocrx_word' id='word_1_132' title='bbox 674 1334 761 1379; x_wconf 92' lang='lat' dir='ltr'><strong>hoc</strong></span> <span class='ocrx_word' id='word_1_133' title='bbox 795 1334 1036 1380; x_wconf 84' lang='lat' dir='ltr'><strong>comedunt</strong></span> <span class='ocrx_word' id='word_1_134' title='bbox 1069 1335 1285 1391; x_wconf 76' lang='lat' dir='ltr'><strong>homines,</strong></span> <span class='ocrx_word' id='word_1_135' title='bbox 1317 1351 1362 1380; x_wconf 87' lang='lat' dir='ltr'><strong>ut</strong></span> <span class='ocrx_word' id='word_1_136' title='bbox 1397 1336 1558 1381; x_wconf 87' lang='lat' dir='ltr'><strong>vivant.</strong></span> <span class='ocrx_word' id='word_1_137' title='bbox 1591 1335 1700 1399; x_wconf 82' lang='lat' dir='ltr'><strong>Ergo</strong></span> <span class='ocrx_word' id='word_1_138' title='bbox 1737 1353 1839 1382; x_wconf 92' lang='lat' dir='ltr'><strong>cum</strong></span> <span class='ocrx_word' id='word_1_139' title='bbox 1867 1354 1974 1383; x_wconf 91' lang='lat' dir='ltr'><strong>con-</strong></span> 
     </span>
     <span class='ocr_line' id='line_1_17' title="bbox 586 1405 1975 1470; baseline 0.003 -19"><span class='ocrx_word' id='word_1_140' title='bbox 586 1406 713 1451; x_wconf 90' lang='lat' dir='ltr'><strong>traria</strong></span> <span class='ocrx_word' id='word_1_141' title='bbox 741 1408 965 1452; x_wconf 81' lang='lat' dir='ltr'><strong>contrariis</strong></span> <span class='ocrx_word' id='word_1_142' title='bbox 991 1423 1205 1464; x_wconf 78' lang='lat' dir='ltr'><strong>curentur,</strong></span> <span class='ocrx_word' id='word_1_143' title='bbox 1230 1405 1381 1452; x_wconf 83' lang='lat' dir='ltr'><strong>debuit</strong></span> <span class='ocrx_word' id='word_1_144' title='bbox 1406 1405 1626 1452; x_wconf 85' lang='lat' dir='ltr'><strong>medicina</strong></span> <span class='ocrx_word' id='word_1_145' title='bbox 1649 1405 1732 1453; x_wconf 79' lang='lat' dir='ltr'><strong>effe</strong></span> <span class='ocrx_word' id='word_1_146' title='bbox 1758 1425 1834 1470; x_wconf 90' lang='lat' dir='ltr'><strong>per</strong></span> <span class='ocrx_word' id='word_1_147' title='bbox 1858 1426 1975 1455; x_wconf 91' lang='lat' dir='ltr'><strong>mor-</strong></span> 
     </span>
     <span class='ocr_line' id='line_1_18' title="bbox 587 1477 1976 1544; baseline 0.004 -22"><span class='ocrx_word' id='word_1_148' title='bbox 587 1486 716 1536; x_wconf 85' lang='lat' dir='ltr'><strong>tem2,</strong></span> <span class='ocrx_word' id='word_1_149' title='bbox 744 1479 845 1539; x_wconf 88' lang='lat' dir='ltr'><strong>quia</strong></span> <span class='ocrx_word' id='word_1_150' title='bbox 864 1496 941 1541; x_wconf 86' lang='lat' dir='ltr'><strong>per</strong></span> <span class='ocrx_word' id='word_1_151' title='bbox 960 1477 1216 1525; x_wconf 78' lang='lat' dir='ltr'><strong>divifionem</strong></span> <span class='ocrx_word' id='word_1_152' title='bbox 1237 1480 1435 1542; x_wconf 87' lang='lat' dir='ltr'><strong>corporis</strong></span> <span class='ocrx_word' id='word_1_153' title='bbox 1460 1480 1505 1524; x_wconf 64' lang='grc' dir='ltr'><strong>ὃς</strong></span> <span class='ocrx_word' id='word_1_154' title='bbox 1524 1480 1690 1538; x_wconf 66' lang='lat' dir='ltr'><strong>animeg,</strong></span> <span class='ocrx_word' id='word_1_155' title='bbox 1716 1479 1825 1525; x_wconf 81' lang='lat' dir='ltr'><strong>salus</strong></span> <span class='ocrx_word' id='word_1_156' title='bbox 1843 1481 1976 1544; x_wconf 82' lang='lat' dir='ltr'><strong>igitur</strong></span> 
     </span>
     <span class='ocr_line' id='line_1_19' title="bbox 586 1548 1975 1613; baseline 0.003 -19"><span class='ocrx_word' id='word_1_157' title='bbox 586 1549 729 1594; x_wconf 88' lang='lat' dir='ltr'><strong>nostra</strong></span> <span class='ocrx_word' id='word_1_158' title='bbox 754 1548 903 1595; x_wconf 82' lang='lat' dir='ltr'><strong>debuit</strong></span> <span class='ocrx_word' id='word_1_159' title='bbox 928 1548 1014 1595; x_wconf 83' lang='lat' dir='ltr'><strong>effe</strong></span> <span class='ocrx_word' id='word_1_160' title='bbox 1040 1568 1117 1613; x_wconf 92' lang='lat' dir='ltr'><strong>per</strong></span> <span class='ocrx_word' id='word_1_161' title='bbox 1143 1567 1345 1596; x_wconf 88' lang='lat' dir='ltr'><strong>mortem.</strong></span> <span class='ocrx_word' id='word_1_162' title='bbox 1385 1554 1488 1595; x_wconf 85' lang='lat' dir='ltr'><strong>Item</strong></span> <span class='ocrx_word' id='word_1_163' title='bbox 1509 1572 1517 1595; x_wconf 90' lang='lat'>:</span> <span class='ocrx_word' id='word_1_164' title='bbox 1543 1550 1661 1595; x_wconf 80' lang='lat' dir='ltr'><strong>Mors</strong></span> <span class='ocrx_word' id='word_1_165' title='bbox 1686 1548 1975 1598; x_wconf 83' lang='lat' dir='ltr'><strong>inducebatur</strong></span> 
     </span>
     <span class='ocr_line' id='line_1_20' title="bbox 586 1620 1975 1684; baseline 0.003 -19"><span class='ocrx_word' id='word_1_166' title='bbox 586 1637 662 1682; x_wconf 88' lang='lat' dir='ltr'><strong>per</strong></span> <span class='ocrx_word' id='word_1_167' title='bbox 679 1622 820 1667; x_wconf 85' lang='lat' dir='ltr'><strong>virum</strong></span> <span class='ocrx_word' id='word_1_168' title='bbox 836 1638 936 1667; x_wconf 88' lang='lat' dir='ltr'><strong>cum</strong></span> <span class='ocrx_word' id='word_1_169' title='bbox 955 1639 1155 1684; x_wconf 74' lang='lat' dir='ltr'><strong>peccam,</strong></span> <span class='ocrx_word' id='word_1_170' title='bbox 1177 1638 1285 1684; x_wconf 79' lang='lat' dir='ltr'><strong>ergo</strong></span> <span class='ocrx_word' id='word_1_171' title='bbox 1299 1622 1387 1667; x_wconf 81' lang='lat' dir='ltr'><strong>vita</strong></span> <span class='ocrx_word' id='word_1_172' title='bbox 1407 1620 1557 1667; x_wconf 88' lang='lat' dir='ltr'><strong>debuit</strong></span> <span class='ocrx_word' id='word_1_173' title='bbox 1575 1620 1725 1667; x_wconf 90' lang='lat' dir='ltr'><strong>induci</strong></span> <span class='ocrx_word' id='word_1_174' title='bbox 1746 1639 1821 1684; x_wconf 90' lang='lat' dir='ltr'><strong>per</strong></span> <span class='ocrx_word' id='word_1_175' title='bbox 1834 1624 1975 1669; x_wconf 87' lang='lat' dir='ltr'><strong>virum</strong></span> 
     </span>
     <span class='ocr_line' id='line_1_21' title="bbox 586 1691 1974 1756; baseline 0.003 -20"><span class='ocrx_word' id='word_1_176' title='bbox 586 1692 835 1738; x_wconf 85' lang='lat' dir='ltr'><strong>existentem</strong></span> <span class='ocrx_word' id='word_1_177' title='bbox 855 1691 939 1738; x_wconf 82' lang='lat' dir='ltr'><strong>fine</strong></span> <span class='ocrx_word' id='word_1_178' title='bbox 957 1709 1141 1756; x_wconf 86' lang='lat' dir='ltr'><strong>peccato</strong></span> <span class='ocrx_word' id='word_1_179' title='bbox 1161 1693 1258 1752; x_wconf 85' lang='lat' dir='ltr'><strong>(Cf.</strong></span> <span class='ocrx_word' id='word_1_180' title='bbox 1280 1694 1424 1750; x_wconf 61' lang='lat' dir='ltr'><strong>Rom„</strong></span> <span class='ocrx_word' id='word_1_181' title='bbox 1450 1707 1495 1750; x_wconf 90' lang='lat' dir='ltr'><strong>V,</strong></span> <span class='ocrx_word' id='word_1_182' title='bbox 1525 1706 1598 1755; x_wconf 83' lang='lat'><strong>143</strong></span> <span class='ocrx_word' id='word_1_183' title='bbox 1619 1706 1633 1737; x_wconf 86' lang='grc' dir='ltr'>Ι</span> <span class='ocrx_word' id='word_1_184' title='bbox 1655 1693 1872 1751; x_wconf 65' lang='lat' dir='ltr'><strong>Corinth„</strong></span> <span class='ocrx_word' id='word_1_185' title='bbox 1891 1708 1974 1753; x_wconf 81' lang='lat' dir='ltr'><strong>XV,</strong></span> 
     </span>
     <span class='ocr_line' id='line_1_22' title="bbox 589 1762 1973 1828; baseline 0.002 -20"><span class='ocrx_word' id='word_1_186' title='bbox 589 1778 662 1820; x_wconf 84' lang='lat'><strong>22,</strong></span> <span class='ocrx_word' id='word_1_187' title='bbox 683 1769 782 1827; x_wconf 78' lang='lat'>45).</span> <span class='ocrx_word' id='word_1_188' title='bbox 806 1764 875 1810; x_wconf 83' lang='lat' dir='ltr'><strong>Ille</strong></span> <span class='ocrx_word' id='word_1_189' title='bbox 895 1782 1017 1828; x_wconf 78' lang='lat' dir='ltr'><strong>erg0‚</strong></span> <span class='ocrx_word' id='word_1_190' title='bbox 1038 1782 1089 1809; x_wconf 84' lang='lat' dir='ltr'><strong>ex</strong></span> <span class='ocrx_word' id='word_1_191' title='bbox 1110 1781 1198 1826; x_wconf 87' lang='lat' dir='ltr'><strong>quo</strong></span> <span class='ocrx_word' id='word_1_192' title='bbox 1221 1781 1298 1826; x_wconf 87' lang='grc' dir='ltr'>ρει·</span> <span class='ocrx_word' id='word_1_193' title='bbox 1316 1765 1458 1826; x_wconf 86' lang='lat' dir='ltr'><strong>ipsum</strong></span> <span class='ocrx_word' id='word_1_194' title='bbox 1476 1762 1626 1809; x_wconf 87' lang='lat' dir='ltr'><strong>debuit</strong></span> <span class='ocrx_word' id='word_1_195' title='bbox 1644 1762 1729 1809; x_wconf 84' lang='lat' dir='ltr'><strong>effe</strong></span> <span class='ocrx_word' id='word_1_196' title='bbox 1749 1767 1973 1827; x_wconf 88' lang='lat' dir='ltr'><strong>reparacio</strong></span> 
     </span>
     <span class='ocr_line' id='line_1_23' title="bbox 583 1834 1973 1899; baseline 0.003 -20"><span class='ocrx_word' id='word_1_197' title='bbox 583 1836 750 1898; x_wconf 83' lang='lat' dir='ltr'><strong>generis</strong></span> <span class='ocrx_word' id='word_1_198' title='bbox 775 1836 969 1895; x_wconf 68' lang='lat' dir='ltr'><strong>humani,</strong></span> <span class='ocrx_word' id='word_1_199' title='bbox 996 1853 1086 1881; x_wconf 91' lang='lat' dir='ltr'><strong>non</strong></span> <span class='ocrx_word' id='word_1_200' title='bbox 1109 1836 1252 1897; x_wconf 88' lang='lat' dir='ltr'><strong>potuit</strong></span> <span class='ocrx_word' id='word_1_201' title='bbox 1277 1834 1363 1881; x_wconf 84' lang='lat' dir='ltr'><strong>effe</strong></span> <span class='ocrx_word' id='word_1_202' title='bbox 1384 1834 1438 1881; x_wconf 88' lang='lat' dir='ltr'><strong>de</strong></span> <span class='ocrx_word' id='word_1_203' title='bbox 1462 1836 1677 1899; x_wconf 82' lang='lat' dir='ltr'><strong>progenie</strong></span> <span class='ocrx_word' id='word_1_204' title='bbox 1697 1834 1795 1881; x_wconf 82' lang='lat' dir='ltr'><strong>Ade</strong></span> <span class='ocrx_word' id='word_1_205' title='bbox 1819 1838 1863 1881; x_wconf 67' lang='grc' dir='ltr'><strong>ὅς</strong></span> <span class='ocrx_word' id='word_1_206' title='bbox 1889 1835 1973 1883; x_wconf 86' lang='lat' dir='ltr'><strong>effe</strong></span> 
     </span>
     <span class='ocr_line' id='line_1_24' title="bbox 583 1906 1974 1970; baseline 0.003 -19"><span class='ocrx_word' id='word_1_207' title='bbox 583 1923 713 1968; x_wconf 84' lang='lat' dir='ltr'><strong>purus</strong></span> <span class='ocrx_word' id='word_1_208' title='bbox 738 1907 892 1964; x_wconf 82' lang='lat' dir='ltr'><strong>homo,</strong></span> <span class='ocrx_word' id='word_1_209' title='bbox 921 1908 1022 1970; x_wconf 87' lang='lat' dir='ltr'><strong>quia</strong></span> <span class='ocrx_word' id='word_1_210' title='bbox 1054 1924 1210 1952; x_wconf 87' lang='lat' dir='ltr'><strong>omnes</strong></span> <span class='ocrx_word' id='word_1_211' title='bbox 1238 1906 1293 1952; x_wconf 93' lang='lat' dir='ltr'><strong>de</strong></span> <span class='ocrx_word' id='word_1_212' title='bbox 1319 1908 1536 1970; x_wconf 82' lang='lat' dir='ltr'><strong>progenie</strong></span> <span class='ocrx_word' id='word_1_213' title='bbox 1568 1906 1680 1966; x_wconf 78' lang='lat' dir='ltr'><strong>Ade‚</strong></span> <span class='ocrx_word' id='word_1_214' title='bbox 1707 1908 1781 1969; x_wconf 89' lang='lat' dir='ltr'><strong>qui</strong></span> <span class='ocrx_word' id='word_1_215' title='bbox 1802 1908 1974 1956; x_wconf 88' lang='lat' dir='ltr'><strong>fuerunt</strong></span> 
     </span>
     <span class='ocr_line' id='line_1_25' title="bbox 583 1978 1973 2043; baseline 0.001 -20"><span class='ocrx_word' id='word_1_216' title='bbox 583 1995 691 2040; x_wconf 88' lang='lat' dir='ltr'><strong>pure</strong></span> <span class='ocrx_word' id='word_1_217' title='bbox 713 1978 929 2038; x_wconf 77' lang='lat' dir='ltr'><strong>homines,</strong></span> <span class='ocrx_word' id='word_1_218' title='bbox 950 1978 1237 2025; x_wconf 86' lang='lat' dir='ltr'><strong>nascebantur</strong></span> <span class='ocrx_word' id='word_1_219' title='bbox 1255 1996 1358 2023; x_wconf 90' lang='lat' dir='ltr'><strong>cum</strong></span> <span class='ocrx_word' id='word_1_220' title='bbox 1378 1978 1581 2042; x_wconf 82' lang='lat' dir='ltr'><strong>originali</strong></span> <span class='ocrx_word' id='word_1_221' title='bbox 1598 1995 1798 2041; x_wconf 84' lang='lat' dir='ltr'><strong>peccato,</strong></span> <span class='ocrx_word' id='word_1_222' title='bbox 1822 1980 1973 2043; x_wconf 87' lang='lat' dir='ltr'><strong>Opor-</strong></span> 
     </span>
     <span class='ocr_line' id='line_1_26' title="bbox 584 2048 1972 2113; baseline 0.002 -19"><span class='ocrx_word' id='word_1_223' title='bbox 584 2051 664 2095; x_wconf 89' lang='lat' dir='ltr'><strong>tuit</strong></span> <span class='ocrx_word' id='word_1_224' title='bbox 698 2051 843 2113; x_wconf 81' lang='lat' dir='ltr'><strong>igitur,</strong></span> <span class='ocrx_word' id='word_1_225' title='bbox 874 2051 1014 2113; x_wconf 87' lang='lat' dir='ltr'><strong>ipsum</strong></span> <span class='ocrx_word' id='word_1_226' title='bbox 1045 2048 1130 2096; x_wconf 83' lang='lat' dir='ltr'><strong>effe</strong></span> <span class='ocrx_word' id='word_1_227' title='bbox 1156 2052 1304 2096; x_wconf 90' lang='lat' dir='ltr'><strong>Deum</strong></span> <span class='ocrx_word' id='word_1_228' title='bbox 1337 2052 1382 2095; x_wconf 89' lang='lat'>&amp;</span> <span class='ocrx_word' id='word_1_229' title='bbox 1412 2050 1658 2109; x_wconf 79' lang='lat' dir='ltr'><strong>hominem,</strong></span> <span class='ocrx_word' id='word_1_230' title='bbox 1691 2052 1735 2095; x_wconf 67' lang='grc' dir='ltr'><strong>ὃς</strong></span> <span class='ocrx_word' id='word_1_231' title='bbox 1762 2053 1972 2113; x_wconf 81' lang='lat' dir='ltr'><strong>oportuit,</strong></span> 
     </span>
     <span class='ocr_line' id='line_1_27' title="bbox 582 2120 1973 2185; baseline 0.001 -19"><span class='ocrx_word' id='word_1_232' title='bbox 582 2122 721 2183; x_wconf 75' lang='lat' dir='ltr'><strong>ipsum</strong></span> <span class='ocrx_word' id='word_1_233' title='bbox 745 2122 974 2168; x_wconf 86' lang='lat' dir='ltr'><strong>hominem</strong></span> <span class='ocrx_word' id='word_1_234' title='bbox 998 2120 1083 2168; x_wconf 85' lang='lat' dir='ltr'><strong>effe</strong></span> <span class='ocrx_word' id='word_1_235' title='bbox 1108 2121 1162 2167; x_wconf 92' lang='lat' dir='ltr'><strong>de</strong></span> <span class='ocrx_word' id='word_1_236' title='bbox 1185 2139 1344 2185; x_wconf 83' lang='lat' dir='ltr'><strong>genere</strong></span> <span class='ocrx_word' id='word_1_237' title='bbox 1365 2120 1476 2179; x_wconf 74' lang='lat' dir='ltr'><strong>Acie,</strong></span> <span class='ocrx_word' id='word_1_238' title='bbox 1498 2122 1614 2183; x_wconf 86' lang='lat' dir='ltr'><strong>quia,</strong></span> <span class='ocrx_word' id='word_1_239' title='bbox 1641 2139 1692 2167; x_wconf 81' lang='lat' dir='ltr'><strong>ex</strong></span> <span class='ocrx_word' id='word_1_240' title='bbox 1712 2139 1802 2183; x_wconf 86' lang='lat' dir='ltr'><strong>quo</strong></span> <span class='ocrx_word' id='word_1_241' title='bbox 1824 2121 1973 2168; x_wconf 83' lang='lat' dir='ltr'><strong>Adam</strong></span> 
     </span>
     <span class='ocr_line' id='line_1_28' title="bbox 584 2191 1973 2256; baseline 0.002 -19"><span class='ocrx_word' id='word_1_242' title='bbox 584 2191 779 2255; x_wconf 76' lang='lat' dir='ltr'><strong>deliquit,</strong></span> <span class='ocrx_word' id='word_1_243' title='bbox 807 2192 976 2240; x_wconf 82' lang='lat' dir='ltr'><strong>neceffe</strong></span> <span class='ocrx_word' id='word_1_244' title='bbox 1003 2194 1080 2239; x_wconf 89' lang='lat' dir='ltr'><strong>fuit</strong></span> <span class='ocrx_word' id='word_1_245' title='bbox 1106 2193 1301 2239; x_wconf 89' lang='lat' dir='ltr'><strong>humano</strong></span> <span class='ocrx_word' id='word_1_246' title='bbox 1327 2194 1490 2256; x_wconf 76' lang='lat' dir='ltr'><strong>generi,</strong></span> <span class='ocrx_word' id='word_1_247' title='bbox 1517 2191 1639 2254; x_wconf 89' lang='lat' dir='ltr'><strong>quod</strong></span> <span class='ocrx_word' id='word_1_248' title='bbox 1678 2193 1745 2239; x_wconf 88' lang='lat' dir='ltr'><strong>vel</strong></span> <span class='ocrx_word' id='word_1_249' title='bbox 1773 2194 1877 2255; x_wconf 84' lang='lat' dir='ltr'><strong>ipse,</strong></span> <span class='ocrx_word' id='word_1_250' title='bbox 1903 2194 1973 2240; x_wconf 83' lang='lat' dir='ltr'><strong>vel</strong></span> 
     </span>
     <span class='ocr_line' id='line_1_29' title="bbox 583 2262 1971 2328; baseline 0.003 -20"><span class='ocrx_word' id='word_1_251' title='bbox 583 2264 736 2326; x_wconf 86' lang='lat' dir='ltr'><strong>aliquis</strong></span> <span class='ocrx_word' id='word_1_252' title='bbox 756 2263 810 2310; x_wconf 89' lang='lat' dir='ltr'><strong>de</strong></span> <span class='ocrx_word' id='word_1_253' title='bbox 833 2265 914 2309; x_wconf 83' lang='lat' dir='ltr'><strong>suis</strong></span> <span class='ocrx_word' id='word_1_254' title='bbox 940 2265 1199 2310; x_wconf 83' lang='lat' dir='ltr'><strong>satisfaceret</strong></span> <span class='ocrx_word' id='word_1_255' title='bbox 1217 2281 1298 2327; x_wconf 88' lang='lat' dir='ltr'><strong>pro</strong></span> <span class='ocrx_word' id='word_1_256' title='bbox 1324 2264 1399 2309; x_wconf 86' lang='lat' dir='ltr'><strong>illo</strong></span> <span class='ocrx_word' id='word_1_257' title='bbox 1422 2262 1600 2322; x_wconf 60' lang='lat' dir='ltr'><strong>delicis),</strong></span> <span class='ocrx_word' id='word_1_258' title='bbox 1629 2265 1742 2325; x_wconf 73' lang='lat' dir='ltr'><strong>quia,</strong></span> <span class='ocrx_word' id='word_1_259' title='bbox 1768 2263 1795 2310; x_wconf 82' lang='lat' dir='ltr'>fi</span> <span class='ocrx_word' id='word_1_260' title='bbox 1816 2265 1971 2328; x_wconf 87' lang='lat' dir='ltr'><strong>aliquis</strong></span> 
     </span>
     <span class='ocr_line' id='line_1_30' title="bbox 582 2334 1969 2398; baseline 0.002 -18"><span class='ocrx_word' id='word_1_261' title='bbox 582 2335 720 2381; x_wconf 88' lang='lat' dir='ltr'><strong>homo</strong></span> <span class='ocrx_word' id='word_1_262' title='bbox 741 2353 880 2382; x_wconf 86' lang='lat' dir='ltr'><strong>novus</strong></span> <span class='ocrx_word' id='word_1_263' title='bbox 901 2354 1113 2382; x_wconf 87' lang='lat' dir='ltr'><strong>crearetur</strong></span> <span class='ocrx_word' id='word_1_264' title='bbox 1132 2355 1155 2381; x_wconf 88' lang='lat' dir='ltr'><strong>a</strong></span> <span class='ocrx_word' id='word_1_265' title='bbox 1175 2337 1289 2394; x_wconf 73' lang='lat' dir='ltr'><strong>Deo,</strong></span> <span class='ocrx_word' id='word_1_266' title='bbox 1311 2335 1387 2398; x_wconf 90' lang='lat' dir='ltr'><strong>qui</strong></span> <span class='ocrx_word' id='word_1_267' title='bbox 1407 2334 1637 2381; x_wconf 87' lang='lat' dir='ltr'><strong>redimeret</strong></span> <span class='ocrx_word' id='word_1_268' title='bbox 1656 2353 1795 2398; x_wconf 80' lang='lat' dir='ltr'><strong>genus</strong></span> <span class='ocrx_word' id='word_1_269' title='bbox 1815 2337 1969 2383; x_wconf 88' lang='lat' dir='ltr'><strong>huma-</strong></span> 
     </span>
     <span class='ocr_line' id='line_1_31' title="bbox 583 2407 1970 2471; baseline 0.001 -19"><span class='ocrx_word' id='word_1_270' title='bbox 583 2425 706 2461; x_wconf 75' lang='lat' dir='ltr'><strong>num,</strong></span> <span class='ocrx_word' id='word_1_271' title='bbox 736 2424 838 2453; x_wconf 89' lang='lat' dir='ltr'><strong>tunc</strong></span> <span class='ocrx_word' id='word_1_272' title='bbox 863 2425 954 2453; x_wconf 91' lang='lat' dir='ltr'><strong>non</strong></span> <span class='ocrx_word' id='word_1_273' title='bbox 981 2409 1264 2453; x_wconf 80' lang='lat' dir='ltr'><strong>restitueretur</strong></span> <span class='ocrx_word' id='word_1_274' title='bbox 1287 2425 1425 2470; x_wconf 79' lang='lat' dir='ltr'><strong>genus</strong></span> <span class='ocrx_word' id='word_1_275' title='bbox 1466 2407 1711 2452; x_wconf 84' lang='lat' dir='ltr'><strong>humanum</strong></span> <span class='ocrx_word' id='word_1_276' title='bbox 1745 2407 1800 2454; x_wconf 87' lang='lat' dir='ltr'><strong>ad</strong></span> <span class='ocrx_word' id='word_1_277' title='bbox 1834 2410 1970 2471; x_wconf 87' lang='lat' dir='ltr'><strong>pristi-</strong></span> 
     </span>
     <span class='ocr_line' id='line_1_32' title="bbox 584 2477 2216 2541; baseline 0.004 -18"><span class='ocrx_word' id='word_1_278' title='bbox 584 2496 686 2523; x_wconf 88' lang='lat' dir='ltr'><strong>nam</strong></span> <span class='ocrx_word' id='word_1_279' title='bbox 712 2477 969 2538; x_wconf 79' lang='lat' dir='ltr'><strong>libertatem‚</strong></span> <span class='ocrx_word' id='word_1_280' title='bbox 989 2481 1089 2541; x_wconf 88' lang='lat' dir='ltr'><strong>quia</strong></span> <span class='ocrx_word' id='word_1_281' title='bbox 1123 2480 1292 2541; x_wconf 83' lang='lat' dir='ltr'><strong>semper</strong></span> <span class='ocrx_word' id='word_1_282' title='bbox 1321 2495 1534 2524; x_wconf 90' lang='lat' dir='ltr'><strong>teneretur</strong></span> <span class='ocrx_word' id='word_1_283' title='bbox 1559 2478 1752 2525; x_wconf 89' lang='lat' dir='ltr'><strong>humana</strong></span> <span class='ocrx_word' id='word_1_284' title='bbox 1777 2497 1970 2526; x_wconf 89' lang='lat' dir='ltr'><strong>creatura</strong></span> <span class='ocrx_word' id='word_1_285' title='bbox 1990 2500 2018 2528; x_wconf 87' lang='lat' dir='ltr'>A</span> <span class='ocrx_word' id='word_1_286' title='bbox 2037 2499 2058 2529; x_wconf 89' lang='lat' dir='ltr'><strong>f.</strong></span> <span class='ocrx_word' id='word_1_287' title='bbox 2075 2501 2111 2539; x_wconf 85' lang='lat'><strong>58</strong></span> <span class='ocrx_word' id='word_1_288' title='bbox 2125 2510 2152 2537; x_wconf 86' lang='lat' dir='ltr'><strong>a,</strong></span> <span class='ocrx_word' id='word_1_289' title='bbox 2169 2510 2216 2530; x_wconf 84' lang='lat' dir='ltr'><strong>c.:</strong></span> 
     </span>
     <span class='ocr_line' id='line_1_33' title="bbox 584 2548 1970 2614; baseline 0.002 -19"><span class='ocrx_word' id='word_1_290' title='bbox 584 2549 622 2595; x_wconf 91' lang='lat' dir='ltr'><strong>ei</strong></span> <span class='ocrx_word' id='word_1_291' title='bbox 643 2548 821 2596; x_wconf 88' lang='lat' dir='ltr'><strong>obedire</strong></span> <span class='ocrx_word' id='word_1_292' title='bbox 845 2553 890 2596; x_wconf 76' lang='grc' dir='ltr'><strong>ὃ(</strong></span> <span class='ocrx_word' id='word_1_293' title='bbox 924 2552 1095 2610; x_wconf 79' lang='lat' dir='ltr'><strong>servire3</strong></span> <span class='ocrx_word' id='word_1_294' title='bbox 1123 2551 1319 2613; x_wconf 85' lang='lat' dir='ltr'><strong>oportuit</strong></span> <span class='ocrx_word' id='word_1_295' title='bbox 1342 2567 1464 2614; x_wconf 82' lang='lat' dir='ltr'><strong>ergo,</strong></span> <span class='ocrx_word' id='word_1_296' title='bbox 1489 2551 1631 2613; x_wconf 75' lang='lat' dir='ltr'><strong>ipsum</strong></span> <span class='ocrx_word' id='word_1_297' title='bbox 1650 2549 1734 2597; x_wconf 81' lang='lat' dir='ltr'><strong>effe</strong></span> <span class='ocrx_word' id='word_1_298' title='bbox 1761 2552 1906 2597; x_wconf 81' lang='lat' dir='ltr'><strong>Deum</strong></span> <span class='ocrx_word' id='word_1_299' title='bbox 1924 2554 1970 2599; x_wconf 86' lang='lat'>&amp;</span> 
     </span>
     <span class='ocr_line' id='line_1_34' title="bbox 583 2621 1327 2688; baseline 0.003 -22"><span class='ocrx_word' id='word_1_300' title='bbox 583 2621 813 2668; x_wconf 90' lang='lat' dir='ltr'><strong>hominem</strong></span> <span class='ocrx_word' id='word_1_301' title='bbox 830 2624 875 2668; x_wconf 65' lang='grc' dir='ltr'><strong>ὃς</strong></span> <span class='ocrx_word' id='word_1_302' title='bbox 895 2621 948 2668; x_wconf 91' lang='lat' dir='ltr'><strong>de</strong></span> <span class='ocrx_word' id='word_1_303' title='bbox 977 2623 1192 2688; x_wconf 81' lang='lat' dir='ltr'><strong>progenie</strong></span> <span class='ocrx_word' id='word_1_304' title='bbox 1217 2621 1327 2668; x_wconf 79' lang='lat' dir='ltr'><strong>Ade.</strong></span> 
     </span>
    </p>
   </div>
   <div class='ocr_carea' id='block_1_3' title="bbox 636 2743 1386 2790">
    <p class='ocr_par' dir='ltr' id='par_1_11' title="bbox 636 2743 1386 2790">
     <span class='ocr_line' id='line_1_35' title="bbox 636 2743 1386 2790; baseline 0.004 -13"><span class='ocrx_word' id='word_1_305' title='bbox 636 2755 649 2777; x_wconf 84' lang='lat'>1</span> <span class='ocrx_word' id='word_1_306' title='bbox 671 2743 700 2776; x_wconf 88' lang='lat' dir='ltr'><em>A</em></span> <span class='ocrx_word' id='word_1_307' title='bbox 720 2753 824 2789; x_wconf 75' lang='lat' dir='ltr'><strong>erg03</strong></span> <span class='ocrx_word' id='word_1_308' title='bbox 845 2762 891 2767; x_wconf 90' lang='lat'>—</span> <span class='ocrx_word' id='word_1_309' title='bbox 910 2756 928 2776; x_wconf 83' lang='lat'><em>2</em></span> <span class='ocrx_word' id='word_1_310' title='bbox 947 2755 1005 2790; x_wconf 83' lang='lat' dir='ltr'><strong>per</strong></span> <span class='ocrx_word' id='word_1_311' title='bbox 1024 2751 1167 2778; x_wconf 88' lang='lat' dir='ltr'><strong>mortem</strong></span> <span class='ocrx_word' id='word_1_312' title='bbox 1191 2744 1273 2777; x_wconf 78' lang='lat' dir='ltr'><strong>add.</strong></span> <span class='ocrx_word' id='word_1_313' title='bbox 1297 2744 1334 2787; x_wconf 86' lang='lat' dir='ltr'><strong>B,</strong></span> <span class='ocrx_word' id='word_1_314' title='bbox 1351 2759 1386 2782; x_wconf 80' lang='grc' dir='ltr'><strong>οι.</strong></span> 
     </span>
    </p>
   </div>
  </div>
 </body>
</html>
