2216 3435
541 209 679 273 360*
1055 223 1372 256 THEoDosms

538 368 595 407 vit
613 367 831 408 Abimelec
856 368 922 407 sub
946 368 1088 407 arbore
1109 367 1209 408 ficus
1231 368 1344 407 annis
1365 367 1464 421 xliij,
1486 367 1570 407 mil.
1586 368 1617 422 j,
1639 369 1734 422 quia
1750 368 1923 409 Abime-

537 427 599 466 lec
625 427 843 481 discipulus
863 429 937 468 fuit
959 427 1079 467 sancti
1099 427 1318 467 Hieremie.
1338 427 1448 467 Hubi
1467 428 1541 467 fuit
1559 428 1691 468 Baruc
1711 429 1922 481 propheta.

487 500 515 529 11
593 485 639 526 In
662 488 826 527 civitate
850 487 1104 527 Hierusalem
1137 487 1184 526 ad
1213 486 1499 539 Sepulchrum,
1529 488 1625 528 hubi
1655 488 1710 527 est
1733 487 1922 528 Calvarie
1941 496 1961 526 f.
1981 505 2033 536 131

538 547 666 598 locus,
697 547 794 586 hubi
818 547 1054 587 Habraham
1076 546 1226 599 optulit
1246 545 1375 585 filium
1398 546 1510 586 suum
1539 547 1834 587 holocaustum.
1869 545 1924 586 Et

538 622 616 659 que
640 621 757 647 mons
780 619 957 660 petreus,
988 607 1026 645 in
1060 605 1143 659 ipso
1179 616 1333 656 monte,
1364 620 1413 645 oc
1446 607 1501 645 est
1530 607 1578 646 ad
1611 607 1734 660 pedes
1762 617 1923 645 montes

539 664 673 719 ipsius,
695 667 906 706 Abraham
929 666 1023 706 fecit
1045 665 1198 716 altaria,
1220 665 1355 705 subtus
1378 666 1531 706 eminet
1552 681 1682 707 mons.
1709 667 1775 706 Ad
1801 680 1923 719 quem

539 737 722 766 montem
747 740 816 780 per
836 727 983 779 grados
1005 725 1176 775 colator,
1205 725 1271 764 ubi
1296 724 1505 765 Dominus
1521 725 1739 766 crucifixus
1761 725 1828 765 est.
1855 725 1924 765 De

539 785 762 839 Sepulchro
797 785 965 825 Domini
998 784 1121 838 usque
1152 786 1199 824 ad
1228 784 1415 825 Calvarie
1446 785 1585 824 locum
1612 784 1700 825 sunt
1728 785 1820 838 passi
1849 799 1925 824 nu-

471 852 516 880 IV
538 860 653 885 mero
676 860 739 885 xv.
764 845 846 885 Ubi
869 860 968 884 crux
993 844 1168 884 Domini
1191 845 1356 884 inventa
1376 843 1444 884 est.

471 910 517 939 IV
595 905 662 945 De
686 904 873 959 Gulgota
895 904 1017 958 usque
1040 905 1079 943 in
1110 903 1283 943 saneiarn
1307 903 1414 957 Syon
1447 903 1539 956 paffi
1569 917 1742 943 numero
1763 918 1824 955 cc,
1845 919 1925 958 que

540 976 668 1004 mater
690 965 745 1004 est
767 965 952 1004 omnium
980 961 1267 1013 aecclefiarum,
1297 977 1418 1017 quam
1440 963 1536 1002 Sion
1561 962 1769 1004 Dominus
1791 964 1925 1004 noster
1943 971 1964 1002 f.
1984 981 2037 1011 131
2058 972 2085 1001 b.

539 1023 675 1064 Ihesus
690 1024 873 1065 Christus
890 1038 985 1064 cum
1008 1023 1199 1076 apostolis
1215 1023 1412 1062 fundavit.
1432 1020 1519 1076 Ipsa
1535 1022 1624 1062 sunt
1638 1022 1784 1063 domus
1804 1023 1924 1063 [3.ηᾶὶί

540 1083 707 1123 Marchi
725 1082 980 1136 evangeliste.
1000 1081 1067 1122 De
1081 1082 1177 1123 Sion
1195 1083 1243 1122 ad
1261 1082 1432 1122 domum
1447 1082 1620 1135 Caiphe,
1632 1097 1711 1136 que
1728 1082 1784 1122 est
1799 1084 1925 1123 modo

540 1141 730 1183 aecclefiae
754 1143 887 1183 Sandffi
910 1142 1030 1192 Petri,
1052 1143 1139 1182 sunt
1161 1143 1252 1196 paffi
1273 1156 1443 1182 numero
1465 1142 1489 1181 l.

454 1203 516 1232 Vll
593 1201 661 1242 De
684 1204 809 1242 domo
833 1202 993 1256 Caiphe
1014 1202 1137 1255 usque
1159 1202 1206 1241 ad
1232 1202 1459 1255 preturium
1485 1200 1601 1242 Pilati
1632 1199 1760 1255 passus
1781 1216 1925 1243 nume-

541 1277 586 1302 ro
608 1278 642 1303 c.
669 1260 729 1302 Ibi
752 1262 807 1302 est
827 1261 1005 1302 aecclefia
1040 1261 1175 1302 Sanffi
1196 1260 1382 1311 Eusebie,
1411 1261 1496 1300 hibi
1526 1260 1662 1301 miffus
1684 1262 1758 1302 fuit
1779 1261 1926 1302 Hiere-

539 1323 639 1364 mias
663 1322 863 1376 propheta
884 1322 923 1360 in
956 1321 1103 1361 lacum.
1134 1319 1195 1360 Ibi
1227 1320 1283 1360 est
1312 1321 1519 1372 columna,
1540 1336 1618 1374 que
1641 1321 1715 1361 fuit
1736 1321 1775 1361 in
1798 1322 1926 1362 domo

537 1383 712 1436 Caiphe,
733 1383 781 1422 ad
805 1396 928 1435 quam
952 1380 1161 1421 Dominus
1185 1380 1368 1421 Christus
1388 1379 1613 1433 flagellatus
1635 1380 1705 1420 est.
1728 1379 1864 1421 Modo
1886 1381 1926 1421 in
1947 1391 1968 1421 f.
1988 1400 2045 1431 132

536 1443 670 1482 saneta
691 1442 798 1496 Syon
822 1439 922 1481 iuffu
945 1440 1121 1481 Domini
1144 1439 1226 1494 ipsa
1251 1439 1446 1480 columna
1473 1439 1607 1479 secuta
1637 1438 1705 1480 est.
1736 1439 1790 1481 Et
1821 1455 1927 1495 quo-

462 1508 508 1537 VI
537 1504 662 1542 modo
685 1517 775 1542 eam
798 1501 896 1541 dum
917 1500 1174 1554 flagelaretur
1195 1500 1458 1553 amplexavit,
1478 1497 1579 1540 ficut
1604 1500 1645 1539 in
1662 1513 1753 1539 cera
1769 1497 1822 1540 fic
1839 1500 1928 1540 bra-

535 1562 614 1616 chij
637 1563 736 1612 eius,
758 1575 900 1601 manus
922 1559 987 1600 vel
1008 1561 1123 1614 digiti
1146 1560 1186 1599 in
1208 1574 1301 1599 eum
1323 1558 1522 1599 heserunt.

486 1631 516 1660 X
591 1622 760 1662 Sanetus
781 1620 1010 1673 Stephanus
1028 1620 1126 1659 foris
1140 1629 1277 1672 portas
1291 1618 1467 1660 Galileae
1477 1618 1689 1672 lapidatus.
1706 1617 1768 1659 Ibi
1780 1619 1926 1660 aeccle-

536 1682 597 1721 fiae
619 1683 718 1732 eius,
746 1694 869 1734 quam
891 1679 1100 1719 fabricavit
1132 1676 1356 1729 Teodofia,
1377 1692 1479 1717 uxor
1498 1677 1723 1733 Theodofij
1748 1679 1924 1732 impera-

453 1749 515 1777 VII
538 1742 649 1781 toris.
668 1740 824 1780 Piscina
839 1738 972 1793 Syloe,
990 1753 1012 1778 a
1027 1738 1120 1777 loco
1136 1738 1233 1777 hubi
1250 1735 1386 1777 missus
1404 1736 1460 1777 est
1475 1737 1704 1778 Hieremias
1723 1740 1924 1792 propheta
1940 1743 1962 1774 f.
1980 1755 2038 1785 132
2053 1745 2082 1774 b·

537 1801 576 1840 in
601 1800 749 1850 lacum,
770 1798 892 1838 habet
913 1795 1043 1851 paffus
1064 1811 1238 1837 numero
1260 1811 1296 1847 c,
1317 1812 1396 1850 que
1418 1798 1523 1836 intra
1543 1811 1705 1837 murum
1726 1797 1794 1837 est.

471 1870 516 1900 IX
595 1859 662 1901 De
686 1861 811 1898 domo
835 1857 953 1898 Pilati
976 1856 1099 1910 usque
1121 1858 1168 1896 ad
1188 1855 1386 1896 Piscinam
1404 1855 1607 1897 Probatici
1628 1855 1759 1910 passus
1779 1872 1925 1898 nume—

536 1936 582 1961 ro
600 1935 635 1971 c,
654 1919 751 1959 hubi
771 1917 981 1958 Dominus
998 1915 1135 1958 Ihesus
1159 1917 1315 1958 Cristus
1338 1916 1594 1971 paraliticum
1618 1918 1787 1969 curavit,
1810 1917 1925 1957 cuius

536 1980 665 2020 leftus
687 1979 819 2018 adhuc
842 1978 895 2016 ibi
917 1976 983 2017 est.
1004 1975 1123 2017 quta
1144 1976 1342 2017 Piscinam
1368 1976 1628 2017 Probaticam
1649 1978 1758 2017 idem
1783 1975 1928 2017 aeccle-

538 2038 589 2079 fia
617 2039 762 2079 San6’oe
785 2037 936 2078 Marie.
967 2036 1137 2077 Sanetus
1166 2034 1305 2087 Iacob,
1326 2050 1450 2091 quern
1473 2036 1683 2078 Dominus
1710 2051 1833 2077 manu
1864 2036 1931 2075 sua

544 2099 782 2152 episcopum
805 2097 1022 2147 ordinavit,
1042 2097 1111 2149 qui
1134 2095 1221 2149 post
1244 2094 1517 2136 ascensionem
1536 2095 1711 2136 Domini
1734 2096 1783 2136 de
1805 2096 1930 2149 pinna
1952 2130 1957 2132 ,

539 2157 712 2212 Templi
727 2156 936 2211 ρῑοίεέωε
952 2155 1021 2206 est,
1037 2155 1075 2195 &
1086 2154 1214 2195 nichil
1227 2155 1262 2195 ei
1274 2156 1430 2206 nocuit,
1442 2155 1505 2196 sed
1516 2155 1616 2196 fullo
1632 2170 1726 2195 eum
1739 2154 1929 2206 devecfioe,

543 2220 584 2259 in
607 2232 690 2271 quo
711 2231 772 2257 res
795 2227 954 2270 portare
975 2215 1251 2266 consueverat,
1272 2216 1425 2255 occidit
1445 2229 1554 2267 eum,
1574 2215 1613 2256 &
1638 2213 1790 2269 pofitus
1809 2214 1867 2255 est
1886 2214 1926 2254 in

540 2288 681 2317 monte
704 2275 877 2318 Oliveti.

454 2342 516 2371 XII
593 2334 681 2389 Ipse
703 2335 741 2376 &
764 2335 922 2376 sanetus
940 2335 1165 2375 Zacharias
1186 2333 1225 2374 &
1242 2333 1398 2374 sanstus
1414 2333 1592 2387 Symeon
1610 2333 1650 2374 in
1667 2347 1748 2374 una
1767 2348 1928 2374 memo·
1943 2339 1964 2371 f.
1983 2349 2051 2379 133·

537 2396 595 2435 ria
617 2394 733 2449 pos1ti
757 2395 859 2447 sunt,
875 2409 998 2449 quam
1015 2394 1217 2434 memoria
1239 2393 1317 2447 ipse
1338 2393 1496 2434 san&us
1512 2391 1688 2434 Iacobus
1705 2393 1928 2444 fabricavit,

536 2469 717 2507 corpora
737 2454 905 2495 illorum
926 2453 1009 2508 ipse
1038 2453 1136 2493 hubi
1159 2453 1400 2493 recondedit
1419 2452 1459 2493 &
1491 2452 1528 2493 se
1548 2452 1618 2493 ubi
1639 2467 1735 2493 cum
1756 2453 1813 2493 eis
1834 2467 1927 2507 pre-

536 2514 644 2567 cepti
668 2515 780 2567 poni.

468 2579 514 2608 XI
589 2572 651 2612 Ibi
675 2573 731 2613 est
752 2573 869 2614 vallis
890 2572 1092 2627 Iosaphat‚
1113 2572 1180 2613 ubi
1200 2572 1433 2612 Dominum
1449 2570 1571 2613 Iudas
1593 2572 1770 2612 tradidit.
1791 2569 1853 2612 Ibi
1871 2571 1927 2612 est

534 2632 722 2672 aecclefiae
753 2633 898 2673 San<9oe
920 2632 1055 2673 Marie
1088 2632 1226 2672 matris
1262 2630 1450 2671 Domini.
1488 2631 1573 2671 Ubi
1599 2630 1807 2671 Dominus
1829 2630 1927 2671 lavit

536 2693 658 2744 pedes
681 2691 988 2744 discipulorum,
1009 2691 1064 2731 ibi
1088 2690 1126 2731 δε
1149 2691 1322 2730 cenavit.
1354 2688 1415 2730 Ibi
1447 2691 1535 2731 sunt
1566 2692 1689 2732 trium
1723 2690 1926 2740 occubita,

534 2752 601 2790 ubi
623 2750 834 2790 Dominus
855 2765 949 2790 cum
968 2749 1174 2803 discipulis
1197 2749 1277 2804 ipse
1300 2750 1459 2790 medius
1481 2751 1687 2801 accubuit,
1707 2764 1787 2803 qua
1804 2763 1925 2789 accu-
1942 2754 1962 2785 f.
1983 2764 2040 2795 133
2057 2755 2086 2785 b.
