2216 3435
640 180 723 213 vn.
765 178 1061 212 ANTONINUS
1098 178 1344 211 MARTYR.
1586 168 1682 212 xxix

301 320 472 375 plurium
520 319 681 359 Patrum
721 317 892 358 vitarum
931 318 1174 374 transtatione
1211 317 1415 356 continetur
1455 328 1540 371 opus
1577 318 1683 369 illud,

305 383 486 425 Blanchae
514 381 702 436 comitiffae
723 381 943 435 Campaniae
962 381 1065 421 circa
1087 397 1227 421 annum
1256 393 1355 421 1220
1383 382 1526 422 dicatus
1540 383 1684 436 fuerit,

305 449 400 489 hanc
428 448 627 503 verstonem
657 447 694 486 in
722 446 935 499 Campania
964 446 1066 486 circa
1096 446 1157 485 hoc
1187 456 1324 500 tempus
1352 447 1543 486 redaetam
1563 446 1684 501 fuiffi’

306 514 559 554 arbitramur.
580 511 667 565 Qui
690 521 809 551 tamen
825 512 932 551 codex
951 527 1018 550 non
1034 511 1217 564 genuinus
1237 510 1312 566 ipse
1332 513 1393 564 est,
1402 510 1480 566 sed
1496 513 1684 566 exemplar

305 579 500 630 quoddam,
521 592 616 617 anno
644 576 791 616 circiter
823 588 922 628 1250
942 585 1154 626 exaratum,
1185 576 1290 629 idque
1319 576 1502 617 nonnullis
1525 576 1685 629 picturis

305 651 490 682 ornatum.
511 641 625 681 Cuius
654 640 907 697 translationis
927 648 1053 680 aanor
1072 640 1326 696 manuscripto
1345 641 1474 691 codice,
1502 640 1539 679 in
1560 640 1685 680 multis

305 722 385 747 cum
405 706 519 746 codice
544 704 725 746 Vaticano
744 705 987 755 conveniente,
1007 704 1094 761 usus
1114 706 1172 759 est,
1195 705 1326 758 aliqua
1342 705 1465 755 etiam,
1485 720 1597 758 eaque
1616 720 1684 744 non

304 771 434 826 magni
456 770 625 811 momenti
647 769 776 809 latinae
796 769 943 809 addidit
959 769 1191 824 versioni*
1213 770 1355 811 Addit.
1378 771 1429 810 A.
1452 769 1682 823 Molinier.]

359 890 548 931 CODICES
569 890 584 928 i
612 889 741 944 isunt,
763 903 846 941 quos
864 888 902 927 in
922 904 1036 928 manu
1056 887 1251 928 habuimus
1264 905 1277 929 .·

359 968 391 994 a.
414 953 535 993 Sanni
557 952 676 1003 Galli,
701 964 785 1005 133,
795 953 890 1010 saec.
908 952 981 991 IX
982 970 992 1001 ;
1014 953 1186 1004 antiquus
1206 953 1361 1006 quidem,
1382 969 1443 992 nec
1464 953 1615 993 inutilis.

359 1019 395 1058 b.
416 1019 568 1068 Bernae,
595 1018 685 1070 582,
705 1017 798 1074 saec.
825 1017 898 1057 IX'
916 1018 983 1057 vel
1000 1018 1048 1056 X
1049 1038 1064 1064 ‚·
1084 1018 1264 1058 nonnulla
1284 1018 1417 1074 desunt
1434 1018 1614 1071 capitula,
1635 1018 1689 1057 ad

296 1085 414 1140 finem
436 1083 565 1137 aliqua
584 1082 853 1138 defiderantur.

358 1164 392 1189 c.
416 1148 617 1198 Bruxellis,
634 1148 850 1204 2922,saec.
874 1147 946 1186 IX
948 1167 964 1193 ;
983 1148 1125 1187 minimi
1138 1148 1254 1201 pretij
1274 1149 1381 1188 codex
1401 1149 1475 1201 ifle.

359 1216 397 1254 d.
420 1214 565 1267 Paris„
580 1213 677 1253 Bibl.
694 1221 786 1263 nat.,
803 1212 870 1251 lat.
891 1213 1129 1270 12277,saec.
1147 1213 1238 1260 XL·
1259 1213 1340 1253 olim
1351 1214 1484 1253 Sancti
1501 1213 1687 1255 Germani

309 1297 334 1321 a
357 1278 498 1329 Pratis,
515 1277 751 1332 peroptimus.

358 1359 392 1385 e.
415 1343 562 1398 Paris„
582 1343 647 1383 lat.
668 1355 785 1396 2335,
807 1344 888 1383 olim
909 1342 1296 1400 Colbertinus,saecul.
1313 1344 1418 1383 XII.

359 1410 382 1449 f.
404 1408 577 1459 Londini,
596 1408 776 1448 Britann.
798 1408 913 1465 Mus.
934 1408 1027 1448 Add.
1048 1410 1132 1464 mffi
1156 1409 1400 1466 15219,saec.
1421 1409 1526 1449 XII.

357 1488 394 1527 g.
414 1472 559 1523 Romae,
584 1471 757 1513 Vatican.
778 1473 855 1527 636
869 1474 922 1523 A,
932 1473 1026 1530 saec.
1049 1473 1177 1513 XIII.

358 1538 396 1578 h.
423 1537 655 1588 Vindobonae,
673 1539 817 1578 Bibliot.
835 1538 981 1594 Caesar.
1005 1538 1130 1578 Falat.
1147 1550 1263 1592 2432,
1273 1538 1408 1596 saecul.
1430 1539 1502 1579 XI
1502 1539 1595 1579 I-X
1594 1539 1618 1579 I
1619 1539 1668 1579 II
1675 1557 1686 1588 3

303 1604 341 1644 in
361 1604 483 1643 multis
502 1603 584 1644 locis
605 1604 836 1644 abre-viatus.

358 1669 382 1709 i.
404 1669 581 1718 Berolini,
602 1669 667 1709 lat.
689 1681 751 1722 32,
761 1669 856 1725 saec.
878 1668 975 1720 XV,
996 1669 1138 1708 minimi
1154 1670 1279 1722 pretij.

352 1735 383 1788 j.
405 1734 689 1785 Monaci,Bibl.
701 1734 797 1787 Reg.
823 1735 1059 1791 19149,saec.
1074 1735 1128 1774 X.
1144 1734 1321 1788 Capitula
1333 1734 1690 1776 XXXV-XLIII

302 1800 494 1857 praesentis
513 1800 646 1854 nefirae
665 1800 824 1839 editionis
844 1800 1004 1840 continet.

359 1866 399 1905 k.
422 1863 663 1919 Caduinensts
684 1864 765 1903 olim
789 1865 965 1915 abbatias,
988 1880 1085 1904 nunc
1110 1864 1345 1917 Petragorici
1374 1865 1487 1917 (Bibl.
1509 1866 1688 1921 episcopi),

306 1931 355 1970 X
354 1930 468 1970 II-X
468 1929 540 1969 III
544 1930 639 1986 saec.
661 1929 781 1969 AVo-va
803 1930 974 1982 quaedam
996 1945 1038 1969 ac
1060 1930 1274 1984 breviffima
1295 1929 1463 1985 recensto.

360 1995 383 2035 l.
406 1995 549 2051 Pariſs,
568 1995 634 2034 lat.
655 1995 757 2048 4847
781 1994 879 2047 (olim
902 1994 1164 2046 Colbertinus),
1174 1995 1268 2051 saec.
1290 1994 1411 2036 XIV.

359 2075 411 2100 m.
436 2060 652 2110 Placentiae,
682 2059 834 2099 Archiv.
865 2059 899 2099 S.
922 2059 1114 2111 Antonini,
1145 2076 1220 2100 cca.
1243 2075 1306 2100 an.
1333 2061 1431 2114 1360
1451 2061 1687 2118 conscriptus.

357 2141 396 2166 n.
420 2125 635 2182 Placentiae,
657 2125 753 2164 Bibl.
781 2140 972 2176 commum,
996 2125 1232 2179 Palasirelli,
1258 2137 1344 2179 139,
1373 2125 1428 2165 ch.
1450 2125 1542 2181 saec.
1566 2125 1686 2167 XVI.

358 2244 621 2285 EDITIONEs:

358 2309 400 2350 A.
426 2310 537 2362 1640,
568 2310 763 2363 Iuliomagi
783 2309 942 2349 Andium
967 2310 1173 2363 (Angers),
1202 2316 1266 2362 4⁰3
1289 2310 1327 2349 in
1348 2325 1422 2362 qua
1444 2309 1591 2349 editione
1612 2311 1685 2349 cod.

305 2374 364 2414 SS.
395 2374 516 2428 Sergij
552 2378 596 2416 ἅθ’
621 2375 761 2415 Bacchi
792 2385 904 2430 prope
935 2375 1173 2427 Andegavos,
1207 2390 1340 2414 necnon
1384 2373 1555 2426 Thuano,
1588 2374 1688 2415 hodie

305 2439 513 2494 deperditis,
534 2440 622 2497 usus
640 2441 691 2493 est
709 2441 823 2480 editor
844 2454 1054 2493 anonymus.

358 2503 400 2544 A.
427 2505 537 2556 1680,
548 2505 585 2544 in
606 2504 701 2545 Ainis
717 2505 777 2545 SS.
797 2505 894 2545 Boll.
915 2506 1008 2558 maij
1027 2514 1106 2544 tom.
1125 2505 1149 2544 I
1150 2505 1183 2555 I,
1195 2514 1258 2559 pp.
1275 2504 1430 2557 x-xviij,
1448 2503 1688 2558 Bollandistae
1720 2544 1723 2546 ,

304 2570 341 2608 in
361 2585 475 2609 manu
496 2569 709 2610 habuerunt
728 2571 920 2623 quemdam
941 2571 1105 2620 codicem,
1133 2579 1218 2609 tunc
1246 2570 1283 2608 in
1313 2569 1346 2609 S.
1377 2568 1556 2609 Martini
1589 2567 1686 2607 Tor-

306 2633 469 2689 nacenfis
516 2635 726 2675 bibliotheca
765 2634 1018 2689 affirvatum,
1057 2651 1162 2688 quem
1202 2634 1480 2691 Bruxellensem
1509 2634 1688 2692 superius

300 2700 504 2757 indicatum
525 2700 596 2755 effe
617 2700 730 2741 valde
738 2700 925 2759 suspicor.
