2216 3435
672 281 947 314 OBSIDIONIS
972 280 1235 314 DAMIATE.
1540 288 1554 317 I
1572 282 1622 333 13

257 427 358 489 quia
380 422 584 483 sciebant,
608 422 711 469 ficut
736 425 953 470 Dominus
977 441 1060 488 pro
1081 425 1139 470 eis
1165 442 1435 488 pugnaverat
1458 428 1502 472 in
1528 428 1628 473 civi·
1651 444 1729 475 12¹9

257 513 355 542 tate.
385 495 613 556 Postquam
645 493 928 542 ascenderunt
960 513 1148 553 murum,
1182 497 1307 558 supra
1334 514 1511 559 portam
1535 515 1630 560 pre-

257 568 406 612 liantes
447 582 547 610 cum
582 564 793 627 aliquibus
830 567 1067 612 Sarracenis
1093 564 1236 612 adhuc
1260 567 1393 624 vivis,
1425 584 1632 630 ceperunt

259 654 390 682 unam
416 637 564 681 turrim
584 636 820 682 clamantes
846 636 901 682 ad
926 638 1179 683 exercitum:
1203 641 1445 695 succurrite,
1467 642 1632 701 succur-

256 712 332 753 rite
355 710 482 763 nobis,
508 711 682 766 fratres,
715 712 899 767 quoniam
931 713 1058 768 nostra
1089 713 1140 768 est
1171 713 1313 754 terra!
1350 708 1395 754 Et
1426 726 1634 772 ceperunt

258 778 422 823 dicere:
449 780 568 838 Kyrie
594 779 756 840 eleison,
781 780 825 823 ἅ
850 779 1038 840 populus
1063 778 1303 841 respondit:
1332 781 1476 825 Gloria
1501 786 1541 825 in
1568 801 1633 826 ex-

257 851 364 912 celfis
386 853 492 906 Deo,
517 850 561 893 ὃς
587 847 792 894 dominus
816 849 984 912 legatus
1014 849 1136 895 dixit:
1168 850 1224 895 ‘Te
1248 854 1379 896 ‘Deum
1406 852 1631 909 laudamus,

256 923 301 966 &
325 919 586 982 hospitalarii
613 919 883 966 clamabant:
909 923 1056 965 Sandla
1085 924 1191 966 Crux
1220 922 1461 982 &samesium
1490 924 1634 983 Sepul-

256 996 390 1038 chrum
410 993 606 1036 intercede
618 1009 697 1052 pro
718 994 860 1036 nobis!
885 991 928 1036 Et
947 992 1087 1036 statim
1104 1008 1383 1037 cucurrerunt
1402 993 1634 1038 Christiani

255 1063 311 1109 ad
329 1063 472 1121 lazias,
493 1063 562 1120 alij
586 1060 640 1107 ad
662 1061 931 1121 carbonaria,
956 1062 1024 1121 alij
1050 1061 1106 1107 ad
1125 1063 1346 1109 civitatem
1369 1065 1414 1108 δε
1435 1063 1634 1109 combus-

256 1136 398 1180 serunt
428 1151 560 1178 unam
590 1150 766 1195 portam
796 1135 842 1178 ὅ(
866 1133 994 1179 aliam
1036 1133 1361 1197 confregerunt,
1401 1136 1527 1180 &ita
1552 1135 1635 1181 Dei

255 1205 393 1267 gratia
418 1205 623 1250 Damiata
647 1221 775 1267 capta
800 1205 869 1251 est.

319 1275 402 1320 LV.
450 1275 625 1334 Audite,
661 1276 809 1321 fratres
840 1277 1050 1334 cariffimi,
1089 1276 1272 1338 qualiter
1309 1276 1529 1320 Dominus
1555 1292 1634 1337 pu-

255 1346 406 1409 gnavit
435 1362 587 1390 contra
611 1346 813 1390 inimicos
839 1347 1005 1392 Crucis.
1048 1348 1167 1410 Qia
1191 1347 1354 1392 circum
1382 1348 1636 1392 Damiatam

255 1418 365 1461 inter
389 1414 498 1460 duos
526 1433 672 1461 muros
699 1416 946 1463 fortiffimos
971 1435 1060 1464 erat
1084 1435 1298 1481 magnum
1325 1418 1524 1479 spatium,
1565 1415 1637 1462 ubi

255 1487 475 1533 Sarraceni
505 1503 626 1532 erant
655 1486 740 1533 fine
776 1505 960 1534 numero
994 1489 1160 1551 sepulti,
1185 1491 1230 1534 ὃς
1260 1506 1336 1550 per
1368 1504 1507 1533 totam
1533 1488 1636 1533 civi-

18 1565 235 1605 Wur·p-1103-
257 1574 390 1605 tatem
427 1557 612 1603 similiter
649 1575 905 1621 preceptum
945 1577 1034 1605 erat
1071 1561 1177 1607 vivis
1212 1558 1388 1622 sepelire
1426 1575 1636 1617 mortuos,

256 1628 515 1692 ubicumque
527 1632 834 1690 invenirentur3
851 1630 904 1676 de
923 1632 1103 1676 mortuis
1115 1629 1352 1676 iacentibus
1367 1647 1442 1692 per
1459 1630 1635 1692 plateas,

257 1719 333 1764 per
358 1699 533 1760 domos,
574 1703 616 1747 in
649 1719 737 1747 uno
768 1702 881 1747 lec'to
912 1718 993 1747 tres
1017 1704 1062 1747 ὃς
1088 1718 1292 1763 quattuor
1321 1703 1366 1746 ὃς
1389 1702 1509 1747 vivus
1535 1717 1637 1746 cum

256 1789 448 1829 mortuO,
480 1789 572 1818 non
603 1789 692 1818 erat
721 1790 945 1831 numerus,
987 1773 1200 1834 quoniam
1237 1789 1346 1817 unus
1373 1770 1638 1817 moriebatur

257 1844 369 1888 circa
395 1843 541 1902 alium,
575 1846 619 1888 &
648 1845 768 1889 vivus
796 1861 888 1888 non
913 1860 1084 1905 poterat
1111 1860 1288 1889 movere
1316 1859 1537 1888 mortuum
1562 1860 1637 1905 pre

256 1917 389 1961 nimia
428 1916 674 1962 infirmitate
714 1919 758 1962 &
795 1915 1028 1962 debilitate.
1076 1917 1164 1978 Ipse
1204 1916 1424 1961 Dominus
1468 1916 1637 1962 miserat

258 1986 409 2050 [hanc]
446 1987 570 2048 super
610 1987 718 2031 illos.
765 1985 964 2032 Iacebant
999 1987 1199 2032 homines
1235 1989 1280 2032 ὃς
1316 1986 1513 2031 mulieres
1552 1983 1636 2030 fine

255 2057 451 2117 vestibus,
477 2058 660 2120 pedibus
679 2061 723 2104 ὅς
743 2056 940 2103 manibus
960 2059 1144 2116 retortis,
1164 2060 1208 2103 ὅς
1228 2056 1484 2119 corporibus
1505 2058 1636 2102 etiam

255 2146 279 2173 a
313 2129 492 2174 canibus
523 2129 752 2175 dilaniatis.
794 2129 838 2174 Et
873 2129 931 2174 illi
968 2146 1128 2192 panem
1163 2131 1207 2173 ὅ(
1243 2145 1404 2189 aquam
1446 2129 1561 2173 iuxta
1597 2128 1635 2172 se

254 2198 475 2258 habentes,
502 2203 547 2246 ὃς
573 2218 663 2246 non
689 2217 892 2263 poterant
917 2200 1163 2257 comedere,
1189 2201 1234 2244 ὅ(
1257 2197 1311 2244 fic
1338 2197 1636 2244 moriebantur

255 2288 301 2316 ut
327 2289 465 2317 canes,
501 2274 568 2317 De
598 2273 696 2317 viris
726 2272 889 2318 inventi
928 2272 1022 2316 sunt
1055 2271 1147 2333 plus
1184 2288 1209 2315 x
1239 2270 1371 2315 millia
1404 2269 1635 2314 hominum

254 2345 300 2389 ὃς
324 2343 568 2389 mulierum.
615 2342 698 2390 Sed
739 2360 893 2388 omnes
937 2342 1220 2405 preoccupati
1258 2340 1400 2388 valida
1439 2344 1484 2386 ὃς
1519 2341 1635 2388 varia

255 2413 517 2460 infirmitate.

322 2486 423 2531 LVI.
452 2484 610 2531 Adhuc
635 2485 818 2531 ostendit
843 2487 960 2530 Deus
986 2482 1182 2529 fidelibus
1207 2484 1288 2528 suis
1316 2482 1527 2528 mirabilia
1546 2483 1632 2539 sua,

258 2556 436 2619 quando
463 2573 570 2603 terra
595 2573 722 2619 capta
742 2557 809 2602 est.
837 2556 1011 2601 flumen
1038 2573 1114 2618 per
1135 2555 1320 2600 multum
1347 2571 1517 2616 tempus
1536 2572 1636 2601 ante

258 2628 519 2673 diminutum
560 2627 715 2686 fuerat3
765 2631 894 2672 nocie
935 2626 1004 2671 illa
1042 2627 1083 2670 in
1121 2642 1291 2671 tantum
1329 2627 1474 2678 crevit,
1514 2624 1635 2687 quod

258 2716 412 2744 omnes
447 2699 572 2745 fovee
602 2715 723 2744 erant
747 2698 875 2760 plene
907 2715 1035 2759 aqua,
1070 2699 1114 2742 ὅ(
1152 2697 1229 2742 fuit
1254 2713 1393 2743 tantus
1418 2712 1568 2742 ventus
1591 2697 1635 2740 ὅ(

259 2788 386 2834 aqua,
417 2769 541 2833 quod
572 2769 774 2816 soldanus
798 2771 843 2815 ὅ(
865 2767 1135 2815 Corradinus
1165 2785 1254 2813 non
1282 2784 1518 2832 potuerunt
1544 2768 1635 2812 suc-

1455 2871 1490 2901 ¹5
