2216 3435
660 219 745 281 184
1198 230 1458 264 ARCULFUS

884 397 1036 442 XXIV.
1074 401 1139 440 “De
1163 399 1395 457 Qaqareth
1421 397 1460 440 E*
1482 398 1652 460 ecclefiis
1675 402 1775 443 eius.

712 510 878 556 Civitas
902 509 1131 566 Nazareth,
1161 525 1205 553 ut
1224 508 1438 567 Arculfus,
1460 510 1534 570 qui
1559 511 1601 554 in
1628 527 1677 554 ea
1699 510 1937 572 hospitatus
1955 511 2027 569 est,

646 599 802 638 narrat,
829 584 873 627 ὃς
897 582 1000 644 ipsa,
1027 597 1071 625 ut
1091 581 1422 643 Capharnaum,
1449 598 1673 626 murorum
1692 580 1908 627 ambitum
1932 599 2025 628 non

644 652 787 710 hahet,
841 654 963 714 supra
1006 669 1203 697 montem
1245 650 1402 714 posita3
1443 652 1627 716 grandia
1663 670 1808 698 tamen
1851 653 2025 716 lapidea

644 724 773 770 hahet
791 724 974 781 edificia,
1001 722 1251 785 ibidemque
1277 723 1361 769 due
1387 724 1651 787 pergrandes
1673 723 1885 769 hahentur
1902 725 2029 770 cons-

643 800 779 843 trucfie
803 798 980 859 ccclefie:
1002 815 1077 840 una
1097 797 1139 840 in
1166 795 1314 840 medio
1335 796 1515 842 civitatis
1538 796 1639 841 loco
1663 797 1785 858 super
1803 795 1913 841 duos
1932 797 2028 842 fun-

641 866 742 913 data
767 885 963 925 cancros,
999 865 1070 911 ubi
1104 866 1334 929 quondam
1370 867 1440 912 illa
1466 867 1601 912 fuerat
1627 866 1785 912 domus
1811 867 2026 927 edificata,

641 940 685 984 in
712 957 796 1001 qua
822 940 1041 984 Dominus
1068 939 1210 983 noster
1234 939 1416 984 nutritus
1437 939 1493 983 est
1518 938 1723 984 Salvator.
1752 940 1848 984 Hec
1872 938 2027 985 eadem

641 1009 816 1056 ecclesia
841 1009 1029 1063 duobus,
1049 1026 1095 1055 ut
1117 1010 1303 1072 superius
1323 1008 1487 1055 dicium
1506 1010 1577 1067 est,
1604 1011 1807 1055 tumulis&
1831 1012 1875 1056 ὃς
1900 1011 2027 1056 inter-

640 1081 787 1144 positis
811 1081 992 1127 arcubus
1014 1081 1196 1140 suffulta,
1216 1080 1346 1126 hahet
1364 1082 1539 1126 inferius
1559 1082 1668 1127 inter
1687 1080 1866 1127 eosdem
1886 1098 2027 1128 tumu-

639 1154 704 1198 los
728 1152 1036 1199 lucidissimum
1063 1153 1232 1198 fontem
1262 1153 1547 1213 collocatum,
1575 1170 1707 1214 quem
1726 1169 1841 1198 totus
1868 1154 2027 1199 civium

642 1225 886 1287 frequentat
904 1225 1109 1288 populus,
1131 1224 1185 1270 de
1206 1225 1280 1269 illo
1302 1224 1554 1270 exhauriens
1574 1242 1749 1286 aquam,
1767 1226 1812 1270 &
1831 1224 1885 1270 de
1901 1225 2027 1270 latice

641 1296 801 1342 eodem
825 1298 987 1342 sursum
1012 1298 1052 1341 in
1080 1295 1302 1342 ecclefiam
1323 1297 1447 1359 super
1467 1295 1716 1342 edificatam
1735 1313 1848 1358 aqua
1867 1297 1912 1342 in
1936 1296 2026 1343 vas-

639 1369 743 1414 culis
768 1387 844 1432 per
876 1368 1089 1414 trochleas
1116 1367 1358 1430 subrigitur.
1371 1367 1387 1395 ὗ
1411 1370 1561 1413 cAlzera
1587 1385 1692 1414 vero
1720 1370 1878 1431 eccleficz
1903 1369 1947 1414 in
1973 1385 2026 1413 eo

639 1438 846 1487 fabricata
871 1439 1053 1486 hahetur
1075 1440 1193 1498 loco,
1219 1439 1291 1485 ubi
1316 1440 1386 1485 illa
1418 1441 1555 1485 fuerat
1582 1438 1740 1485 domus
1767 1440 2025 1499 construffia,

637 1512 679 1557 in
705 1529 791 1573 qua
816 1510 996 1558 Gabriel
1021 1511 1305 1574 archangelus
1326 1510 1382 1556 ad
1403 1510 1577 1557 beatam
1597 1511 1779 1556 Mariam
1798 1510 2024 1575 ingressus,

636 1582 799 1629 ibidem
826 1582 983 1630 eadem
1008 1584 1116 1629 hora
1141 1583 1277 1628 solam
1302 1584 1360 1629 est
1385 1583 1597 1628 allocutus
1621 1583 1859 1629 inventam.
1897 1584 2026 1628 Hanc

638 1654 692 1700 de
731 1655 946 1701 Nazareth
982 1655 1293 1718 experientiam
1326 1654 1556 1700 didicimus
1589 1673 1611 1700 a
1649 1655 1796 1700 san6³to
1829 1654 2025 1713 Arculfo,

642 1727 715 1789 qui
736 1726 796 1773 ihi
820 1726 989 1773 duabus
1016 1727 1255 1790 hospitatus
1281 1727 1338 1772 est
1363 1725 1564 1772 nostibus
1588 1728 1633 1772 &
1653 1724 1840 1771 totidem
1859 1723 2024 1785 diebus,

639 1801 684 1844 ὃς
708 1798 872 1844 idcirco
901 1799 943 1844 in
969 1816 1019 1844 ea
1038 1798 1195 1844 diutius
1215 1798 1422 1860 hospitari
1441 1815 1531 1843 non
1554 1814 1738 1860 poterat,
1758 1798 1859 1859 quia
1884 1797 2025 1859 ipsum

637 1869 829 1934 cogebat
853 1871 1055 1915 locorum
1082 1871 1239 1932 peritus
1265 1869 1423 1915 Christi
1448 1869 1568 1914 miles
1595 1869 1813 1926 festinare,
1847 1867 1901 1914 de
1926 1869 2025 1913 Bur-

636 1941 803 2005 gundia
823 1958 954 2000 ortus,
975 1943 1110 1987 vitam
1131 1940 1293 1986 ducens
1313 1940 1561 1999 solitariam,
1577 1940 1716 1984 Petrus
1734 1940 1930 1997 nomine,
1954 1940 2028 2001 qui

638 2012 739 2059 inde
776 2014 820 2058 in
858 2014 1086 2059 circuitum
1119 2011 1175 2058 ad
1211 2012 1346 2070 illum,
1378 2012 1421 2056 in
1453 2028 1543 2073 quo
1578 2012 1692 2073 prius
1726 2027 2026 2056 commoratus

638 2102 742 2146 erat,
762 2086 950 2132 reversus
976 2086 1033 2130 est
1058 2084 1294 2130 solitarium
1309 2094 1321 2112 ⁶
1344 2083 1506 2128 locum.

1048 2233 1189 2279 XXV.
1223 2236 1289 2278 De
1314 2250 1442 2278 monte
1467 2232 1613 2277 Tabor.

703 2346 831 2391 Mons
849 2344 999 2391 Tabor
1018 2346 1061 2391 in
1079 2345 1250 2391 Galilea
1271 2343 1403 2390 tribus
1423 2342 1610 2389 millibus
1628 2361 1651 2388 a
1669 2343 1765 2388 lacu
1786 2344 2025 2389 Cinnereth

642 2417 781 2475 distat,
800 2419 909 2463 mira
935 2417 1204 2464 rotunditate
1230 2435 1279 2463 ex
1305 2417 1427 2460 omni
1452 2431 1572 2478 parte
1598 2415 1820 2473 collecstuS,
1845 2433 1869 2460 a
1894 2415 2026 2479 plaga

637 2488 802 2535 boreali
821 2490 1048 2552 respiciens
1063 2490 1188 2552 supra
1202 2488 1367 2533 diffisum
1385 2488 1600 2550 stagnum,
1615 2485 1818 2532 herbosus
1836 2485 1962 2532 valde
1980 2488 2024 2531 ὅ(

636 2560 831 2619 floridus,
853 2562 897 2606 in
917 2562 1037 2606 cuius
1061 2577 1220 2606 amena
1246 2559 1489 2605 summitate
1514 2557 1662 2620 ampla
1687 2558 1899 2620 planities,
1924 2556 2025 2604 filva

636 2630 868 2695 pergrandi
900 2632 1222 2691 circumcinc‘ta,
1246 2629 1447 2676 habetur:
1476 2630 1594 2674 cuius
1619 2629 1664 2674 in
1688 2627 1837 2674 medio
1863 2645 2024 2692 campo

683 2760 715 2781 a.
739 2749 773 2782 B.
792 2748 925 2790 tabulis,
946 2749 980 2782 L.
1000 2748 1136 2782 cancris.
1165 2767 1204 2772 —
1234 2749 1264 2780 b.
1292 2748 1342 2789 L.,
1360 2748 1406 2789 B.‚
1424 2748 1519 2780 Bet-n.
1545 2748 1580 2780 V.
1609 2766 1651 2770 —
1677 2758 1705 2780 c.
1729 2747 1776 2787 B.‚
1806 2746 1839 2778 V.
1865 2746 2024 2779 sanetum.
