2216 3435
275 417 574 483 manganellis,
614 416 898 479 tharchiisque
933 412 1177 462 ferientibus
1201 431 1283 477 pro
1306 411 1535 476 implendo
1563 413 1648 458 fos·
1691 433 1767 464 1219

276 496 365 542 sato
391 495 556 541 feritate
586 492 809 540 barbarica
837 511 918 539 nos
946 493 1236 555 impetierunt.
1277 490 1360 537 Sed
1396 489 1524 536 durus
1559 488 1649 536 bel-

274 567 400 626 lator,
440 565 730 628 triumphator
764 566 809 610 in
851 565 987 623 Isra'e'l,
1029 563 1148 609 solita
1184 562 1278 607 usus
1314 562 1474 625 gracia,
1517 562 1650 607 castra

275 638 417 683 nostra
436 635 644 695 defendit,
669 634 796 681 miffo
818 634 945 682 nobis
970 653 1046 698 per
1070 652 1187 680 mare
1201 633 1417 680 Salvarico
1439 631 1492 677 de
1511 632 1649 677 Malo-

274 708 403 754 leone
433 724 534 753 cum
557 707 689 770 galeis
715 708 887 753 armatis
906 709 951 752 &
969 704 1247 752 bellatoribus
1275 703 1468 767 plurimis
1485 703 1529 747 in
1554 703 1648 765 ipso

1 779 6 822 s*
275 780 416 825 nostre
439 779 691 825 neceffitatis
726 778 919 824 articulo.
958 777 1004 822 Et
1038 794 1118 822 nos
1143 775 1198 822 ad
1234 775 1314 821 hec
1345 774 1580 819 clamantes
1605 774 1649 819 in

16 862 256 903 7.,f.11v⁰,c.2.
276 850 417 896 celum
452 867 534 896 nec
571 849 832 913 trepidantes
866 848 921 894 ad
958 849 1187 910 impetum,
1228 846 1299 892 sed
1331 845 1505 892 viriliter
1539 843 1650 890 resis-

276 937 411 967 tentes
430 922 659 981 interfeffl,
684 921 860 967 sauciati
884 923 928 966 ὃς
947 918 1159 965 combusti
1178 917 1232 964 ab
1252 917 1405 963 insultu
1431 915 1648 973 triduano,

274 993 414 1039 hostes
433 1009 578 1039 tamen
605 991 805 1039 recedere
830 993 1056 1055 coegimus
1079 989 1205 1054 ipsius
1230 991 1398 1046 virtute,
1425 989 1499 1051 qui
1518 987 1652 1035 salvat

275 1066 493 1128 sperantes
509 1066 555 1111 in
578 1065 632 1111 se.

9 154 18 669 l
547 269 956 305 CRUCIGERORUM
990 267 1368 302 RHENANORUM.
1592 266 1644 319 53

582 1218 671 1265 VH.
709 1220 775 1263 ‘De
797 1221 983 1278 capcione
1007 1218 1117 1262 urbis
1135 1193 1342 1260 Damiatess

340 1353 502 1395 Interea
514 1349 675 1406 civitaS,
694 1345 919 1393 obsidione
937 1345 1087 1408 longa,
1109 1344 1238 1401 ferro,
1261 1343 1379 1389 fame
1396 1345 1441 1389 ὃς
1455 1342 1651 1407 pestilen-

275 1422 341 1466 cia
363 1421 549 1483 graviter
572 1417 743 1476 afflitsta,
773 1419 816 1463 in
842 1417 930 1462 sola
954 1434 1077 1479 pace,
1110 1433 1243 1478 quam
1262 1414 1464 1461 soldanus
1488 1413 1652 1461 civibus

275 1490 482 1556 promifit,
522 1491 643 1553 spem
677 1490 833 1552 posuit.
877 1487 1005 1533 Adeo
1044 1489 1160 1534 enim
1194 1488 1239 1532 in
1277 1503 1330 1532 eo
1368 1487 1503 1532 fames
1533 1487 1653 1532 inva-

272 1564 364 1622 luit,
385 1579 432 1608 ut
453 1561 537 1608 cibi
551 1560 848 1608 desiderabiles
868 1558 992 1606 deeff
988 1576 1074 1619 ent,
1092 1559 1217 1622 panis
1241 1574 1467 1620 corruptus
1486 1566 1497 1586 ¹
1517 1555 1652 1602 abun-

275 1634 394 1680 daret
422 1635 468 1680 in
500 1652 562 1680 ea.
599 1633 754 1695 Neque
788 1633 906 1678 enim
931 1629 1135 1676 durabilis
1165 1629 1250 1676 effe
1274 1628 1452 1692 possunt
1474 1628 1652 1692 Egyptie

275 1723 382 1752 terre
404 1705 546 1768 fruges
565 1720 747 1768 propter
764 1702 916 1748 molles
936 1701 1100 1765 glebas,
1124 1703 1167 1747 in
1186 1700 1340 1763 quibus
1360 1700 1567 1758 crescunt,
1593 1701 1652 1756 &,

275 1793 321 1823 ut
344 1776 601 1833 audivimus,
629 1777 864 1821 coclanum
887 1791 1023 1819 unum
1046 1774 1090 1818 in
1117 1791 1167 1818 ea
1191 1771 1429 1818 duodecim
1454 1772 1653 1816 Bisanciis

275 1846 554 1896 vendebatur.
585 1846 640 1892 Ex
667 1846 861 1910 angustia
886 1846 1024 1891 eciam
1050 1845 1176 1890 famis
1201 1842 1370 1891 diverfis
1395 1841 1654 1888 morborum

275 1917 504 1984 generibus
534 1917 808 1976 vexabantur,
833 1919 891 1962 ita
909 1933 955 1962 ut
979 1934 1029 1962 ex
1053 1918 1204 1979 capitis
1226 1916 1526 1962 exinanicione
1544 1914 1653 1960 visus

277 1990 585 2049 obscuraretur,
619 1992 663 2035 &
689 1989 863 2052 plurimi
894 2006 1058 2045 eorum,
1100 1989 1257 2051 apertis
1282 1989 1469 2033 iacentes
1503 1984 1653 2043 ocuhs,

275 2062 381 2109 nihil
408 2060 618 2108 viderent.
656 2060 870 2107 soldanus
902 2076 1046 2106 autem
1065 2061 1184 2106 vanis
1206 2077 1279 2105 eos
1303 2055 1654 2122 promistionibus

6 2152 44 2191 3.,
63 2163 89 2192 p.
102 2152 172 2191 238,
190 2162 214 2180 c.
231 2159 255 2181 1.
274 2133 545 2198 protrahenS,
567 2132 739 2195 decepit
759 2133 934 2177 miseros
956 2150 981 2177 a
1000 2130 1230 2177 dedicione
1249 2129 1494 2176 dehortans.
1519 2128 1655 2174 Deni-

277 2224 361 2270 que
382 2221 529 2268 portas
548 2205 727 2251 civitatis
747 2203 1060 2261 obstruxerunt,
1080 2220 1134 2248 ne
1153 2201 1280 2249 nobis
1298 2200 1351 2248 ab
1371 2201 1518 2263 aliquo
1533 2217 1653 2263 egre-

5 2293 177 2333 v.‚f.12ro,
192 2306 216 2325 c.
232 2304 257 2325 1.
277 2277 422 2324 diente
446 2293 598 2322 eorum
623 2277 928 2321 nunciarentur
947 2273 1248 2321 incommoda.
1273 2275 1314 2320 Si
1336 2274 1410 2335 qui
1432 2290 1551 2328 vero,
1578 2289 1654 2334 per

276 2365 422 2394 muros
440 2347 619 2393 latenter
639 2346 784 2405 emiffi,
799 2346 980 2392 evadere
1000 2361 1249 2408 potuerunt,
1266 2354 1284 2373 2
1299 2342 1435 2389 inflati
1455 2345 1499 2389 &
1519 2342 1653 2388 fame-

273 2420 343 2465 lici
372 2420 532 2465 civium
557 2419 731 2464 suorum
755 2419 967 2481 angustias
999 2416 1220 2463 evidenter
1242 2414 1514 2473 indicabant,
1539 2431 1654 2460 exer-

275 2492 360 2537 citu
386 2508 577 2553 quoque,
617 2491 690 2552 qui
727 2491 827 2535 foris
864 2507 944 2535 nos
980 2487 1217 2544 obfidebat,
1262 2487 1385 2550 panis
1420 2503 1471 2531 ac
1507 2484 1654 2548 pabuli

275 2563 405 2625 copia
433 2563 547 2625 cepit
572 2561 828 2607 decrescere.
868 2560 991 2607 Nilus
1024 2558 1249 2622 siquidem,
1290 2558 1363 2620 qui
1386 2558 1517 2603 estivo
1545 2573 1652 2602 tem-

274 2651 382 2698 pore
412 2632 576 2680 solebat
600 2634 842 2679 excrescens
867 2632 1019 2696 Egypti
1045 2648 1174 2677 terras
1197 2631 1386 2695 irrigare,
1421 2630 1508 2675 hoc
1532 2645 1651 2675 anno

327 2798 337 2820 ι
365 2788 402 2822 V.
422 2785 595 2835 corruptis,
618 2805 658 2811 -
681 2800 699 2820 2
719 2786 755 2820 V.
771 2792 958 2833 potuerant.
