2216 3435
571 200 665 265 360
1090 215 1410 249 THEoDoqus

1240 455 1270 498 ΙΙ

626 664 669 705 [Ε
689 663 808 697 codice
826 662 911 697 Bibl.
932 663 1033 708 regiae
1058 665 1233 708 Haganeae
1254 661 1310 707 (n0
1334 665 1411 707 165,
1428 675 1472 696 m.
1489 663 1512 697 s.
1534 663 1646 705 VIII),
1666 663 1699 696 ff.
1725 663 1904 704 ¹27·¹34-]

1156 798 1181 825 ἦέ
1263 822 1287 848 a:
1370 798 1394 825 ἦέ

535 1017 548 1047 1
623 1006 767 1046 Civitas
783 1005 1033 1062 Hierusalem
1048 1004 1199 1044 habens
1211 1014 1348 1057 portas
1361 1003 1533 1043 maiores
1546 1003 1598 1057 vij
1617 1002 1765 1056 absque
1784 1002 1950 1055 postica.
1970 1011 1992 1044 f.
2008 1014 2064 1043 126
2081 1013 2109 1042 b.

567 1064 683 1106 Idem
704 1076 821 1118 porta
837 1065 1050 1105 Beniamin
1071 1065 1208 1104 exiens
1230 1065 1276 1103 ad
1295 1061 1528 1114 Iordanem,
1549 1063 1702 1103 habens
1720 1063 1769 1102 ab
1789 1060 1949 1102 Iericho

567 1125 652 1165 mil.
674 1125 784 1179 xviij.
806 1123 907 1164 Inde
923 1125 971 1164 ad
993 1122 1210 1164 Iordanem
1232 1123 1316 1163 mil.
1346 1123 1441 1178 xvij.

467 1194 545 1224 XVI
620 1183 807 1224 Dericho
832 1183 955 1238 usque
977 1185 1024 1223 ad
1056 1182 1233 1236 Galgala
1252 1182 1336 1223 mil.
1351 1183 1381 1238 j.
1404 1182 1465 1224 Ibi
1488 1184 1543 1224 est
1560 1197 1653 1237 ager
1671 1182 1859 1232 Domini,
1881 1181 1949 1220 ubi
2000 1176 2004 1180 ’

568 1244 776 1285 Dominus
794 1242 931 1284 Ihesus
952 1243 1136 1285 Christus
1166 1257 1293 1282 unum
1315 1243 1468 1283 sulcum
1491 1245 1540 1283 de
1569 1241 1635 1283 sua
1662 1257 1784 1282 manu
1807 1241 1948 1281 aravit.

566 1303 628 1344 lbi
664 1302 753 1344 sunt
789 1303 1009 1343 duodecim
1047 1302 1216 1356 lapides,
1249 1317 1352 1356 quos
1392 1303 1653 1344 elevaverunt
1695 1301 1764 1356 filij
1802 1299 1952 1341 Israhel

568 1365 618 1405 de
638 1362 827 1404 Iordane.

623 1422 690 1464 De
711 1423 907 1463 Hiericho
925 1421 1048 1476 usque
1065 1423 1114 1462 ad
1136 1423 1292 1462 fontem
1308 1421 1441 1476 Elysei
1462 1423 1545 1463 mil.
1564 1423 1603 1477 ij.
1624 1421 1685 1462 Ibi
1703 1430 1788 1461 erat
1802 1421 1950 1461 domus
1970 1429 1992 1461 f.
2011 1439 2079 1468 127.

423 1499 548 1529 XXV11
568 1483 682 1524 Raab
704 1482 919 1537 publicane
946 1482 1170 1522 meretricis
1191 1483 1260 1536 qui
1282 1483 1444 1536 excepit
1463 1482 1756 1536 exploratores.
1778 1480 1884 1521 Item
1904 1480 1953 1520 de

569 1541 825 1583 Hierusalem
847 1541 969 1596 usque
995 1542 1034 1582 in
1058 1540 1271 1581 Bethsaida
1291 1541 1375 1581 mil.
1391 1542 1421 1596 j.
1443 1540 1491 1582 In
1515 1556 1596 1596 qua
1618 1540 1832 1582 Bethsaida
1852 1541 1954 1581 vidit

568 1601 693 1643 Iacob
711 1601 876 1656 angelus
894 1602 931 1641 in
949 1601 1098 1642 somnis
1116 1601 1376 1642 ascendentes
1394 1601 1432 1642 δε
1454 1601 1740 1641 descendentes
1764 1600 1812 1639 de
1838 1600 1951 1640 caelo.

624 1663 692 1703 De
728 1661 941 1702 Bethsaida
974 1661 1098 1715 usque
1135 1662 1174 1701 in
1208 1661 1401 1713 Samaria,
1434 1676 1514 1716 que
1549 1662 1699 1702 dicitur
1733 1660 1953 1713 Naphulis,

569 1722 654 1763 mil.
676 1722 828 1776 xxviiij.
858 1719 920 1761 Ibi
951 1722 1007 1761 est
1027 1732 1186 1774 puteuS,
1216 1735 1340 1774 quem
1371 1721 1583 1761 fabricavit
1611 1720 1749 1760 Iacob.
1781 1718 1843 1760 Ibi
1865 1719 1954 1760 sunt

571 1781 652 1823 offa
671 1781 830 1835 Ioseph.

407 1851 549 1882 XXV111
625 1842 693 1883 De
713 1841 891 1882 Samaria
912 1840 1034 1894 usque
1056 1840 1096 1879 in
1119 1839 1365 1893 Settopolim
1386 1840 1469 1880 mil.
1492 1856 1585 1881 xxx.
1618 1840 1686 1881 De
1708 1838 1953 1893 Settopolim

570 1901 693 1956 usque
726 1901 774 1941 ad
804 1915 913 1941 mare
944 1899 1173 1940 Tibiriadis
1209 1899 1293 1939 mil.
1329 1900 1455 1954 xxiiij.
1486 1898 1547 1941 Ibi
1572 1900 1781 1940 Dominus
1816 1897 1953 1939 Ihesus
1972 1908 1993 1939 f.
2012 1918 2068 1948 127
2081 1911 2109 1942 b.

570 1961 753 2003 Christus
773 1960 996 2000 ambulavit
1018 1960 1188 2013 pedibus
1210 1959 1324 2013 super
1344 1974 1464 2000 mare.
1498 1960 1566 2000 De
1591 1960 1809 2001 Tibiriade
1831 1958 1954 2013 usque

569 2024 616 2061 ad
640 2019 850 2073 Magdale,
871 2020 939 2059 ubi
961 2019 1094 2059 saneta
1115 2018 1250 2059 Maria
1269 2018 1325 2059 est
1344 2029 1450 2071 nata,
1482 2019 1567 2060 mil.
1596 2034 1632 2060 v.
1666 2019 1734 2060 De
1757 2018 1953 2072 Magdale

568 2080 690 2135 usque
712 2081 759 2121 ad
782 2080 933 2134 septem
955 2081 1100 2131 fontes,
1118 2080 1184 2120 ubi
1208 2078 1417 2119 Dominus
1433 2077 1570 2120 Ihesus
1592 2078 1798 2133 apostolus
1820 2078 1952 2132 bapti—

567 2142 690 2192 zavit,
710 2141 793 2180 mil.
814 2142 853 2195 ij.
874 2139 936 2180 Ibi
959 2140 1145 2181 saturavit
1163 2139 1317 2193 populo
1336 2139 1385 2179 de
1402 2140 1584 2193 quinque
1604 2139 1774 2193 panibus
1795 2137 1833 2178 &
1850 2139 1952 2178 duos

569 2201 753 2254 piscibus.
786 2200 853 2241 De
875 2200 1027 2254 septem
1048 2199 1227 2240 fontibus
1248 2199 1373 2253 usque
1393 2200 1434 2239 in
1456 2198 1669 2239 Bethsaida
1689 2198 1774 2238 mil.
1796 2198 1863 2252 vij.
1889 2195 1952 2237 Ibi

569 2261 651 2300 nati
681 2260 769 2300 sunt
789 2260 960 2315 apostoli
988 2259 1145 2311 Petrus,
1166 2259 1364 2309 Andreas,
1395 2256 1621 2312 Philippus,
1656 2257 1725 2312 filij
1753 2257 1952 2298 Zebedei.

571 2319 639 2360 De
660 2319 857 2361 Bethsada
878 2319 1000 2374 usque
1024 2320 1062 2359 in
1080 2319 1261 2359 Beniada
1280 2317 1363 2358 mil.
1385 2318 1409 2358 l.
1431 2316 1533 2358 Inde
1554 2318 1663 2358 exiet
1688 2316 1876 2358 Iordanis
1899 2318 1949 2357 de
1971 2325 1992 2356 f.
2012 2326 2081 2356 128.

570 2382 651 2420 duo
674 2380 777 2431 loca,
800 2377 870 2419 Ior
890 2379 928 2420 &
951 2379 1060 2420 Dan.

623 2438 712 2493 Ipsa
733 2439 908 2480 Paniada
930 2440 968 2479 in
990 2439 1128 2479 medio
1152 2439 1316 2480 mittent
1337 2437 1376 2478 &
1403 2436 1471 2477 sub
1492 2437 1656 2477 civitate
1676 2438 1949 2492 coniungunt,

571 2501 736 2552 adparet
756 2499 795 2539 &
816 2499 961 2539 deinde
983 2499 1133 2553 accipit
1152 2497 1353 2540 Iordanis.

443 2568 552 2598 XXIX
623 2557 725 2599 Inde
746 2559 821 2599 fuit
842 2558 1001 2610 mulier,
1025 2573 1148 2613 quam
1171 2558 1379 2599 Dominus
1400 2554 1535 2596 Ihesus
1559 2555 1744 2597 Christus
1764 2556 1953 2598 liberavit

572 2619 621 2660 de
641 2618 752 2658 fluxu
773 2618 986 2673 sanguinis,
1006 2633 1158 2658 nomen
1179 2616 1300 2672 ipsius
1318 2616 1499 2657 mulieris
1518 2615 1693 2656 Marosa.
1718 2614 1779 2656 Ibi
1799 2616 1856 2656 est
1875 2616 1951 2657 sta-

572 2688 640 2718 tua
661 2677 836 2719 Domini
861 2678 1057 2719 ele&rina
1078 2679 1119 2718 in
1145 2675 1337 2729 aecclefia,
1356 2689 1480 2731 quam
1503 2675 1584 2730 ipsa
1605 2675 1712 2717 fecit.
1744 2674 1807 2716 Ibi
1828 2676 1952 2719 habet

571 2739 702 2793 capud
725 2752 844 2780 mons
865 2737 1062 2779 Libanus.
