2216 3435
505 360 580 389 1218

481 1072 536 1101 Iul.
556 1080 580 1100 1.

433 1436 511 1473 Aug.
531 1443 580 1472 24.

614 199 700 248 144
931 197 1077 231 LIBER
1115 198 1314 230 DUELLII
1353 197 1655 230 CHRISTIANI

671 349 730 392 111.
766 345 1019 392 Contristati
1057 346 1200 392 sumus
1237 347 1499 393 multociens
1534 363 1616 410 pro
1648 346 1842 410 quadam
1882 349 1982 393 turri

602 418 892 478 munstiffima,
924 419 1049 480 super
1073 419 1326 481 congeriem
1352 418 1575 481 lignorum
1598 419 1642 464 in
1669 418 1816 464 medio
1841 417 1983 464 flumi-

602 491 666 535 nis
683 489 901 536 fabricata.
924 493 965 535 ln
982 490 1063 535 hac
1081 490 1199 535 enim
1214 507 1384 535 camere
1401 506 1538 549 crant,
1558 488 1660 536 sicut
1675 491 1798 554 supra
1818 490 1983 536 dietum

601 562 674 619 est,
702 562 975 625 septuaginta
1005 564 1050 607 &
1074 562 1116 606 in
1145 560 1318 624 lingulis
1342 562 1404 606 his
1429 563 1506 607 tria
1530 562 1734 621 archeria,
1759 564 1803 608 in
1829 561 1984 625 quibus

602 634 756 679 milites
783 635 960 679 trecenti
996 651 1097 678 cnm
1136 633 1281 679 multis
1307 632 1462 679 balistis
1491 635 1535 678 ὃς
1569 635 1696 679 armis
1721 636 1765 680 ὃς
1799 651 1879 681 tres
1903 636 1984 680 mi-

604 706 696 763 rarij
721 703 776 751 acl
805 704 1132 752 defendendum
1163 705 1380 751 constituti
1403 706 1449 750 ὃς
1475 706 1677 751 νίξὶυ31ἰ3
1703 707 1837 752 multa
1865 725 1986 753 erant

600 777 696 835 mis,
728 776 783 822 ad
808 794 974 823 annum
1004 775 1271 821 sufficientia.
1313 778 1417 822 Tres
1443 778 1574 822 etiam
1612 794 1764 823 catene
1795 795 1916 824 erant
1940 780 1984 823 in

601 866 652 894 ea
677 849 933 894 conclavate
959 849 1092 909 usque
1127 847 1185 893 ad
1219 866 1367 893 muros
1393 849 1590 907 civitatis,
1628 850 1687 894 ita
1720 849 1843 911 quod
1867 850 1987 896 nulla

602 922 721 967 navis
741 938 818 983 per
837 918 1017 966 fluvium
1038 918 1181 982 poffet
1199 918 1444 978 ascendere,
1471 920 1662 982 ideoque
1682 920 1811 965 nostri
1831 922 1984 983 nequi-

601 991 707 1038 bant
725 992 887 1039 civitati
908 992 1267 1054 appropinquare
1287 993 1332 1037 &
1351 992 1607 1037 exstruentes
1627 992 1758 1037 scalas
1781 994 1825 1038 in
1844 994 1985 1056 prima

601 1062 671 1109 die
698 1064 784 1122 Iulij
811 1061 1122 1109 debellavimus
1148 1064 1298 1108 turrim
1322 1080 1539 1126 putante8‚
1574 1080 1654 1109 nos
1679 1062 1803 1126 poffe
1829 1081 1986 1126 capere

601 1153 711 1181 eam.
741 1135 863 1181 Scale
887 1152 991 1181 vero
1017 1134 1148 1180 fratste
1176 1135 1363 1194 fuerunt,
1390 1152 1524 1197 quam
1551 1135 1639 1180 cito
1662 1136 1765 1180 turri
1788 1136 1885 1181 sunt
1910 1153 1984 1198 ap-

601 1205 752 1271 posite,
773 1208 819 1252 8(
841 1205 938 1268 plus
957 1223 1093 1268 quam
1117 1222 1294 1251 centum
1318 1207 1584 1252 strenuiffimi
1605 1207 1682 1253 viri
1703 1207 1859 1253 milites
1884 1224 1984 1253 cum

602 1295 765 1341 nepote
791 1277 912 1324 ducis
934 1279 1098 1324 Austrie
1123 1279 1167 1323 in
1192 1296 1308 1341 aqua
1332 1277 1533 1324 submersi
1554 1279 1662 1325 sunt.

669 1351 736 1397 IV.
765 1354 920 1396 Iterum
948 1350 1061 1396 faGla
1086 1350 1143 1395 est
1176 1350 1259 1396 alia
1285 1350 1396 1396 scala
1421 1348 1475 1396 ab
1506 1349 1848 1397 Austrasionibus
1872 1352 1918 1396 ὃς
1940 1352 1984 1398 in

600 1422 707 1468 festo
752 1422 896 1468 Sanf’ti
936 1422 1201 1469 Bartolomei
1242 1421 1380 1487 posita
1418 1422 1476 1468 est
1522 1421 1577 1468 ad
1621 1422 1786 1468 turrim.
1834 1423 1985 1486 Qam

601 1493 812 1553 videntes,
849 1494 1009 1558 Pagani
1043 1494 1263 1540 eiecerunt
1286 1494 1438 1557 ignem
1465 1493 1699 1539 sulfureum
1725 1495 1850 1556 super
1873 1512 1986 1555 eam,

602 1583 686 1628 que
713 1566 840 1610 nimis
874 1565 1055 1610 accensa
1080 1565 1153 1623 est,
1186 1567 1232 1610 &
1262 1582 1431 1622 omnes,
1457 1566 1530 1626 qui
1562 1583 1659 1610 eam
1686 1564 1984 1622 ascenderant,

599 1636 858 1684 videbantur
880 1638 1075 1682 cremari.
1119 1637 1226 1698 Qo
1252 1637 1357 1695 viso,
1394 1636 1741 1682 Christianorum
1777 1637 1986 1682 exercitus

601 1709 882 1772 prosternitur
907 1724 1036 1766 totus,
1064 1707 1250 1753 fundens
1282 1707 1481 1753 lacrimas
1506 1724 1608 1752 cum
1633 1707 1903 1754 orationibus
1930 1707 1986 1754 ad

599 1781 862 1839 Dominum,
900 1778 973 1825 sed
1010 1780 1162 1824 arterie
1194 1779 1433 1824 multorum
1470 1795 1641 1825 tantum
1669 1796 1789 1825 erant
1813 1780 1986 1843 exaspe-

599 1869 703 1911 rate,
730 1850 853 1914 quod
887 1852 956 1897 vix
986 1849 1209 1897 dicebant:
1248 1855 1426 1897 'Domine
1450 1853 1635 1913 n1{fe7¹e7·e
1647 1855 1664 1896 ,Ι
1698 1851 1818 1897 Cum
1842 1868 1987 1897 autem

599 1925 789 1988 primam
821 1923 975 1968 horam
1006 1921 1188 1968 effemus
1224 1923 1268 1969 in
1300 1922 1381 1968 hac
1414 1922 1599 1981 tristicia,
1635 1920 1775 1968 subito
1800 1921 1986 1969 vidimus

599 1997 747 2042 lumen
781 1995 1044 2040 immensum
1077 1995 1302 2040 coruscare
1332 1995 1457 2057 super
1491 1995 1727 2040 exercitum
1750 1996 1796 2039 ὃς
1819 1995 1863 2039 in
1886 1995 1988 2040 turri

600 2069 743 2114 sancle
764 2068 900 2113 crucis
924 2065 1141 2112 vexillum.
1169 2066 1248 2111 His
1267 2064 1376 2125 vifis,
1402 2083 1507 2128 quas
1535 2083 1585 2111 ex
1602 2065 1719 2111 ludin
1741 2066 1986 2125 amiserant,

600 2156 732 2186 voces
771 2138 1001 2184 confestim
1026 2153 1403 2200 recuperaverunt,
1429 2138 1578 2199 itaque
1613 2137 1735 2182 turris
1761 2153 1889 2199 capta
1913 2136 1985 2194 est,

599 2213 645 2258 ὃς
663 2212 780 2275 capti
804 2211 977 2257 fuerunt
1002 2210 1046 2256 in
1073 2228 1123 2256 ea
1147 2227 1301 2256 omnes
1326 2210 1481 2256 milites
1508 2227 1608 2255 cum
1635 2208 1766 2255 tribus
1791 2210 1983 2255 mirariis.

665 2283 718 2328 V.
740 2283 833 2346 Qi
852 2299 953 2327 cum
973 2281 1092 2327 duffl
1111 2280 1286 2327 fuiffent
1310 2298 1409 2327 ante
1435 2280 1594 2326 ducem
1618 2282 1800 2339 Auffiie,
1827 2279 1986 2343 quesie-

600 2371 713 2411 runt,
760 2352 939 2400 ubinam
974 2351 1110 2398 effent
1144 2353 1315 2409 milites,
1360 2354 1433 2415 qui
1472 2351 1544 2398 fibi
1578 2353 1623 2398 in
1664 2351 1846 2399 vestibus
1879 2351 1986 2397 albis

601 2441 906 2489 apparuerant,
941 2425 980 2469 δ’
1018 2429 1120 2470 inter
1146 2444 1213 2470 eos
1253 2429 1372 2470 etiam
1409 2427 1571 2484 quidam
1607 2428 1748 2470 rubeus
1778 2441 1876 2482 erat,
1918 2428 1987 2483 qui

601 2515 735 2543 omnes
770 2497 1042 2541 modulatione
1077 2498 1190 2541 dulci
1222 2520 1234 2541 ,-
1265 2499 1321 2540 ‘Te
1353 2500 1483 2540 ‘Deum
1523 2497 1735 2541 laudamus
1764 2497 1985 2557 personan-

600 2586 660 2614 tes
685 2586 756 2613 nos
770 2569 988 2628 fortiffime
1012 2570 1302 2628 expugnabant.
1346 2568 1473 2612 Tunc
1497 2584 1652 2612 omnes
1679 2566 1811 2612 nostri
1836 2564 1986 2611 Ostensl

602 2641 697 2686 sunt
722 2640 796 2698 eis,
823 2640 897 2701 qui
921 2637 1145 2684 dixerunt:
1182 2640 1366 2700 Qullus
1396 2642 1555 2698 istorum
1583 2643 1721 2700 invafit
1741 2656 1824 2683 nos.
1860 2637 1986 2682 Tunc

603 2710 850 2756 christianus
893 2711 1100 2755 exercitus
1145 2710 1367 2767 intellexit,
1420 2708 1542 2771 quod
1584 2710 1804 2754 Dominus
1845 2708 1987 2753 noster
