2216 3435
0 970 9 1690 ‘ffikmmerfflm
0 695 6 966 m
0 663 4 691 —

652 304 719 337 DE
753 302 890 336 LOCIS
923 302 1142 336 SANCTIS.
1489 305 1580 357 205

211 458 308 496 petra
333 451 434 496 supra
454 462 559 495 quam
580 450 711 483 sanetus
739 449 933 494 Stephanus
963 449 1136 493 lapidatus
1162 448 1224 490 est;
1252 450 1294 483 ad
1323 450 1579 484 occidentalem

211 511 345 549 partem
364 503 431 536 alia
450 510 543 537 extat
561 502 713 545 ecclefia,
735 502 794 536 ubi
813 502 847 535 in
866 502 1019 547 pretorio
1041 502 1144 535 Pilati
1163 502 1302 536 auditus
1328 503 1372 536 est
1391 504 1581 537 Dominus.

209 557 315 591 Nunc
333 557 375 590 de
394 567 516 590 monte
531 555 659 590 oliveti
673 556 818 589 dicenda
839 556 927 589 sunt.
943 557 984 588 In
1001 556 1138 601 prefato
1158 563 1277 589 monte
1297 556 1394 589 nulla
1417 557 1581 591 arborum

210 621 361 654 genera,
383 609 536 654 exceptis
566 608 694 642 vitibus
723 609 754 641 δι
775 608 888 650 olivis,
915 616 954 641 ut
983 608 1086 642 refert
1105 609 1239 641 sanb'ms
1257 608 1444 651 Arculfus,
1462 621 1583 654 reppe-

209 662 267 695 riri
284 661 444 707 possunt,
472 663 601 706 segetes
619 673 700 695 vero
722 661 890 694 frumenti
918 662 949 694 ἅτ
977 661 1071 694 ordei
1102 661 1137 694 in
1158 661 1247 694 valle
1267 661 1334 694 late
1355 662 1583 706 consurgunt.

210 716 293 748 Non
311 715 405 748 enim
424 715 583 757 brucosa,
603 714 659 748 sed
679 714 823 747 herbosa
841 715 873 747 δι
897 714 1020 747 florida
1038 714 1130 747 illius
1147 721 1236 747 terre
1254 714 1405 758 qualitas
1423 715 1582 748 demons-

210 775 330 802 tratur.
350 767 555 801 Altitudine
580 774 699 800 autem
729 766 907 800 altitudini
934 767 1064 800 montis
1083 769 1178 814 Syon
1204 768 1338 813 equalis
1356 767 1421 801 effe
1438 767 1584 801 videtur.

210 823 303 854 Inter
333 821 396 854 hos
424 821 512 853 duos
538 828 676 853 montes
705 820 803 853 vallis
825 820 988 865 Iosaphat
1017 834 1036 854 a
1054 820 1314 866 septentrionali
1332 821 1438 866 plaga
1455 820 1491 853 in
1511 821 1586 853 aus-

208 873 289 907 trali
315 881 412 919 parte
442 874 599 919 porrecSta
628 873 846 906 monstratur.
878 874 918 906 In
952 874 1153 907 summitate
1187 886 1267 908 vero
1296 874 1427 907 montis
1456 873 1584 907 Oliveti

209 926 349 971 grandis
379 926 425 960 est
451 926 603 969 ecclesia,
622 926 664 959 de
685 939 755 971 qua
776 926 955 960 Dominus
974 927 1016 960 ad
1036 927 1126 960 celos
1145 927 1307 960 ascendit.
1337 929 1415 967 Que
1434 927 1586 960 rotunda

209 979 273 1014 effe
292 979 456 1022 cernitur,
482 980 548 1013 fine
567 980 657 1013 teffto
687 980 729 1012 ad
761 980 876 1013 celum
904 981 965 1013 sub
983 992 1059 1013 aere
1088 981 1183 1013 nudo
1202 988 1320 1025 aperta
1338 988 1444 1025 patet,
1471 987 1510 1013 ut
1527 979 1586 1013 ille

209 1033 310 1066 locus
329 1033 462 1078 semper
475 1032 617 1078 patulus
636 1040 811 1078 appareat,
832 1033 923 1066 unde
940 1033 1118 1066 Dominus
1131 1032 1166 1065 in
1182 1033 1297 1066 celum
1317 1033 1351 1065 in
1370 1033 1460 1066 nube
1475 1032 1586 1065 suble-

209 1093 308 1120 vatus
339 1085 393 1119 est.
419 1087 460 1118 In
481 1085 683 1130 pavimento
709 1097 790 1119 vero
810 1086 903 1119 unde
931 1085 1122 1130 assumptus
1147 1085 1202 1127 est,
1229 1085 1321 1118 sacra
1346 1084 1420 1118 eius
1443 1084 1585 1129 vestigia

209 1146 401 1172 cernuntur
414 1138 583 1183 impressa.
597 1140 639 1171 In
653 1138 815 1172 orientali
832 1151 912 1172 vero
926 1145 1022 1184 parte
1034 1138 1186 1171 eiusdem
1201 1137 1350 1179 ecelefie,
1361 1138 1422 1170 sub
1437 1137 1584 1182 angusto

207 1192 406 1236 prote&um
424 1192 529 1234 teeto,
549 1191 657 1225 altare
676 1191 909 1225 constru6tum
932 1198 1036 1224 extat.
1068 1190 1207 1224 Deinde
1226 1190 1398 1224 Bethanie
1417 1202 1583 1236 campum

210 1256 340 1289 magna
367 1244 538 1277 olivarum
569 1244 647 1277 filva
666 1244 924 1277 circumdatum
953 1244 1087 1277 sanetus
1107 1243 1281 1277 Arculfus
1311 1243 1491 1287 circuivit;
1525 1244 1586 1277 ubi

207 1297 378 1341 grandem
395 1297 568 1331 basilicam
585 1297 671 1331 dicit
685 1297 749 1330 esse
765 1297 963 1330 edificatam
979 1297 1078 1341 super
1091 1297 1304 1342 speluncam,
1319 1297 1362 1330 de
1377 1310 1447 1342 qua
1459 1297 1586 1330 Domi-

213 1363 278 1384 nus
296 1352 468 1384 Lazarum
485 1350 761 1396 quatriduanum
777 1358 958 1383 mortuum
978 1350 1161 1383 suscitavit.
1176 1351 1215 1383 In
1234 1349 1370 1383 australi
1388 1362 1469 1384 vero
1487 1358 1582 1394 parte

209 1403 381 1437 Bethanie
407 1403 442 1436 in
471 1403 539 1437 iam
566 1403 658 1437 diuo
685 1403 814 1436 montis
834 1402 964 1436 Oliveti
983 1402 1064 1435 loco
1085 1402 1262 1435 ecclefiam
1282 1402 1367 1435 vidit
1386 1403 1585 1445 fundatam,

206 1454 242 1489 in
261 1468 332 1501 quo
350 1456 428 1490 loco
449 1456 628 1490 Dominus
647 1457 691 1489 ad
708 1455 897 1501 discipulos
918 1455 994 1488 suos
1014 1455 1137 1488 habuit
1155 1455 1363 1488 sermonem.
1392 1457 1438 1489 Et
1456 1469 1581 1501 quam-

205 1509 255 1543 vis
273 1517 340 1543 tres
359 1509 579 1554 Evangeliste
606 1509 800 1542 sermonem
831 1508 923 1541 illius
940 1520 1047 1553 quem
1072 1508 1195 1541 habuit
1222 1516 1307 1542 tunc
1329 1508 1372 1541 ad
1395 1508 1585 1554 discipulos

207 1562 413 1605 describant,
447 1562 629 1607 specialius
660 1569 778 1596 tamen
804 1561 920 1595 scribit
943 1561 985 1594 de
1005 1573 1057 1594 eo
1082 1561 1251 1594 Matheus
1280 1561 1421 1595 dicens:
1450 1563 1585 1596 Sedente

207 1624 319 1649 autem
352 1628 386 1649 eo
406 1616 513 1660 super
548 1622 684 1648 montem
720 1615 867 1656 Oliveti,
902 1617 1105 1660 accefferunt
1136 1617 1186 1649 ad
1216 1628 1290 1649 eum
1324 1615 1482 1661 dzscipuli
1515 1615 1585 1648 eius

196 1670 334 1714 secreto,
353 1670 511 1703 dicentes.-
534 1669 599 1702 Dic
626 1669 716 1702 nobis
747 1670 879 1713 quando
904 1670 963 1702 hec
980 1677 1078 1702 erunt
1107 1671 1144 1703 ὅ
1162 1669 1390 1714 quodfignum
1406 1670 1581 1702 adventus

209 1723 260 1756 tui
277 1735 319 1756 ac
335 1722 739 1767 consummationisseculi
751 1721 772 1755 Ρ
790 1723 845 1755 De
860 1722 1012 1767 personis
1031 1722 1325 1767 interrogantium
1341 1722 1398 1756 hic
1413 1723 1583 1756 Matheus

210 1775 332 1818 tacuit,
348 1776 404 1809 sed
426 1777 572 1809 Marcus
592 1787 663 1808 non
681 1783 774 1808 tacet
793 1775 854 1820 qui
872 1775 918 1808 ita
936 1775 1052 1809 scribit
1071 1776 1189 1809 dicens
1204 1791 1210 1809 :
1237 1777 1496 1820 Interrogabant
1511 1788 1584 1809 eum

198 1829 390 1874 separatim
401 1830 516 1862 Petrus
527 1831 563 1862 ὅ
579 1829 728 1870 Iacobus,
744 1830 903 1862 Iohannes
916 1831 953 1862 ἔφ’
960 1830 1126 1872 Andreas,
1131 1829 1223 1873 ficut
1230 1830 1330 1874 prius
1341 1829 1499 1874 loquitur,
1513 1829 1586 1874 qui-

207 1883 266 1915 bus
283 1882 466 1926 respondit:
490 1882 603 1915 Videte
622 1894 660 1915 ne
675 1882 747 1926 quis
767 1883 993 1926 vosfhducat.
1015 1883 1122 1916 Multi
1138 1883 1225 1916 enim
1245 1883 1386 1915 venient
1400 1882 1435 1915 in
1452 1883 1579 1915 nomine

214 1947 282 1969 meo
299 1936 458 1969 dicentes.-
477 1935 572 1979 Qia
590 1936 744 1979 egosum,
763 1936 795 1968 δι
810 1943 923 1968 cetera
940 1935 1133 1980 sequentia,
1153 1948 1221 1980 que
1241 1935 1282 1968 de
1297 1935 1403 1968 seculi
1423 1936 1585 1968 consum-

209 1988 364 2022 matione
377 1989 546 2021 Matheus
560 1987 696 2033 prolixo
712 1988 868 2020 sermone
881 1988 1099 2033 prosequitur
1108 1988 1216 2033 usque
1230 1988 1273 2021 ad
1285 2000 1364 2021 eum
1377 1988 1511 2030 locum,
1523 1989 1583 2022 ubi

209 2054 251 2075 ex
265 2042 377 2075 verbis
393 2041 541 2074 Domini
563 2040 720 2083 ostendit,
740 2041 907 2075 scribens:
927 2043 1172 2086 Qiafac‘i‘um
1190 2043 1232 2088 est
1251 2055 1324 2076 cum
1343 2042 1587 2087 consummaffit

211 2096 321 2140 [lusus
330 2095 495 2139 firmones
513 2096 580 2136 hos,
600 2095 706 2129 dixit.-
741 2095 837 2128 Scitis
856 2096 938 2140 quia
951 2096 1020 2141 post
1040 2096 1179 2129 biduum
1209 2097 1338 2140 Pascha
1345 2097 1418 2140 fiet.
1448 2096 1585 2139 Aperte

206 2160 290 2193 ergo
305 2147 517 2181 demonstrat
532 2148 731 2181 Dominum
748 2148 782 2181 in
804 2148 858 2181 die
873 2157 997 2194 quarta
1015 2148 1113 2190 feria,
1129 2149 1274 2183 restante
1290 2149 1398 2182 biduo
1416 2149 1525 2192 usque
1541 2147 1583 2180 ad

206 2202 350 2243 Pascha,
375 2200 490 2246 primo
509 2200 705 2235 azimorum
737 2201 803 2244 die,
830 2203 873 2235 ad
902 2202 1158 2246 interrogantes
1193 2203 1386 2235 sermonem
1406 2201 1582 2246 prolixum

207 2254 305 2288 fuisse
318 2254 521 2300 loquutum.
542 2255 582 2287 In
600 2255 668 2288 hoc
687 2254 808 2300 itaque
821 2255 900 2288 loco
918 2267 1046 2299 magna
1062 2256 1209 2289 habetur
1227 2255 1368 2289 ecclesia
1386 2254 1421 2287 in
1441 2255 1585 2287 honore.

208 2309 264 2341 De
284 2306 420 2341 sudario
436 2307 531 2340 sacro
544 2307 814 2353 Domini‚quod
833 2307 867 2341 in
884 2308 1042 2352 sepulcro
1056 2309 1154 2353 super
1166 2309 1281 2354 capud
1295 2309 1326 2341 &
1344 2320 1470 2353 corpus
1483 2306 1584 2352 ipsius

209 2361 288 2403 fuit,
300 2360 553 2394 sanEtiArculfi
566 2360 735 2394 relatione
749 2361 999 2405 cognovimus;
1015 2374 1121 2407 quam
1138 2361 1462 2395 Iherosolimitanus
1472 2372 1584 2405 popu-

209 2414 263 2447 lus
272 2425 386 2447 veram
401 2413 465 2447 effe
476 2414 692 2459 protestatur,
706 2427 812 2460 quam
829 2414 886 2460 ipfi
897 2415 1007 2460 sepius
1021 2415 1342 2460 pronunciaverunt
1356 2415 1403 2448 ita
1411 2414 1582 2448 dicentes:

210 2468 311 2501 Ante
321 2478 432 2500 annos
440 2475 507 2500 tres
515 2468 669 2501 sanCtum
680 2467 864 2501 linteolum
876 2468 1006 2502 Iudeus
1018 2468 1128 2502 fidelis
1137 2469 1211 2513 post
1219 2468 1291 2502 eius
1300 2467 1583 2502 resurrec‘tionem

210 2519 342 2553 furatus
350 2520 394 2553 est
406 2520 436 2553 δι
449 2520 568 2554 multis
579 2520 701 2554 diebus
714 2521 808 2565 apud
822 2521 850 2553 se
864 2521 1064 2554 occultavit.
1084 2522 1250 2566 Cumque
1266 2521 1298 2554 in
1319 2521 1482 2554 extremis
1498 2531 1583 2553 con-

209 2572 357 2615 stitutus,
382 2573 487 2606 morti
505 2574 685 2618 proximus
700 2574 791 2615 esset,
808 2574 946 2607 duobus
965 2574 1042 2607 filiis
1062 2574 1125 2607 suis
1148 2574 1257 2608 dixit:
1277 2577 1308 2608 O
1330 2574 1388 2618 filij
1404 2573 1484 2616 mei,
1505 2572 1584 2618 quis

209 2637 249 2659 ex
267 2625 366 2659 vobis
381 2625 517 2671 eritqui
533 2626 678 2660 fideliter
690 2627 784 2660 hunc
796 2627 1030 2660 Dominicum
1048 2627 1231 2661 linteolum
1249 2627 1414 2673 suscipere
1423 2627 1583 2661 voluerit.

212 2679 350 2718 Quibus
377 2679 517 2721 auditis,
541 2692 630 2713 unus
658 2680 717 2725 qui
738 2680 905 2724 genitoris
923 2681 1060 2714 divitias
1080 2681 1270 2726 susceperat
1293 2682 1354 2714 sub
1379 2680 1584 2714 testamento

210 2733 488 2774 commendatas,
508 2733 681 2777 prefatum
703 2733 878 2766 sudarium
900 2735 1045 2778 suscepit
1064 2742 1170 2778 atque
1189 2746 1357 2778 germano
1385 2733 1480 2767 fratri
1502 2744 1584 2765 ven-

211 2785 308 2819 didit.
331 2786 466 2820 Mirum
489 2786 596 2828 ditqu,
614 2798 653 2819 ex
675 2786 732 2820 illa
751 2786 805 2820 die
825 2799 948 2822 omnes
967 2787 1086 2822 divitie
1106 2787 1178 2821 eius
1197 2787 1391 2822 decrescere
1411 2794 1579 2833 ceperunt
