2216 3435
672 106 757 151 108
1059 116 1360 150 ANToNJNth
1385 117 1619 150 MARTYR

1051 282 1188 328 XXX.
1226 286 1442 340 mambre,
1469 286 1650 329 Hebron.

718 409 787 453 De
820 408 1073 453 Bethlehem
1110 408 1243 469 usque
1280 407 1336 452 ad
1373 410 1506 453 ilicem
1539 412 1744 455 Mambre
1782 411 1876 455 sunt
1912 411 2047 457 millia

652 480 807 543 viginti
845 480 970 537 tria‚‘¹
1007 480 1050 525 in
1078 497 1168 540 quo
1194 479 1294 525 loco
1323 480 1599 542 requiescunt
1619 481 1846 528 Abraham
1870 483 2047 528 &Isaac

655 554 700 597 δε
721 549 847 596 Iacob
873 553 917 596 ὃς
941 552 1055 609 Sara,
1077 550 1200 596 fimul
1223 554 1268 596 &
1291 550 1382 597 offa
1409 552 1572 616 Ioseph.
1602 553 1663 598 Est
1684 557 1742 599 ibi
1766 556 1927 618 bafilica
1956 554 2046 599 edi-

656 623 786 669 ficata
812 623 855 668 in
882 622 1249 685 quadriporticus,
1274 625 1432 669 atrium
1455 625 1500 670 in
1526 625 1677 670 medio
1702 625 2047 688 discoopertum,

657 699 702 742 &
726 714 804 759 per
829 694 1025 740 medium
1062 694 1259 741 discurrit
1290 697 1520 757 cancellus,
1553 699 1597 742 ὃς
1631 716 1682 743 ex
1714 715 1802 743 uno
1827 698 1960 743 latere
1984 699 2048 742 in-

658 785 773 812 trant
797 766 1044 824 Christiani,
1077 784 1128 811 ex
1157 766 1244 811 alio
1279 766 1408 825 ludei,
1443 769 1618 814 incensa
1656 769 1862 815 facientes
1898 770 2046 816 multa.

659 836 888 899 Depofitio
912 836 1055 883 lacobi
1076 838 1119 882 in
1140 854 1248 883 terra
1269 839 1342 883 illa
1367 839 1436 885 die
1461 841 1606 901 primo
1628 841 1725 903 post
1744 842 1934 887 natalem
1955 843 2048 887 Do-

657 910 768 955 mini
793 909 1065 955 deVOtiffime
1099 909 1154 955 ab
1179 909 1383 956 omnibus
1409 911 1666 970 celebratur>
1692 914 1751 958 ita
1775 930 1822 958 ut
1849 931 1899 958 ex
1925 914 2050 958 omni

657 999 767 1027 terra
797 981 1031 1026 ludeorum
1067 983 1304 1027 conveniat
1338 982 1665 1029 innumerabilis
1697 983 1949 1043 multitudo,
1985 985 2049 1029 in-

657 1054 784 1099 censa
820 1053 960 1098 ferens
997 1052 1136 1098 multa
1166 1053 1236 1099 vel
1268 1053 1514 1113 luminaria,
1541 1057 1586 1100 &
1615 1073 1797 1101 munera
1830 1054 1937 1101 dans
1968 1056 2051 1102 ser·

655 1124 871 1172 vientibus
891 1124 907 1154 ἶ)
932 1124 1111 1172 ibidem.

663 1288 817 1334 XXXI.
838 1291 996 1345 fflffons,
1024 1291 1089 1334 ubi
1115 1291 1265 1334 occidit
1290 1291 1434 1334 ‘David
1454 1291 1636 1346 Goliam,
1664 1290 1703 1334 ὃ·
1722 1292 1788 1334 ubi
1815 1292 1917 1335 obiit
1935 1291 2048 1335 Saul.

731 1415 837 1458 Item
874 1428 1134 1458 revertentes
1163 1413 1208 1458 in
1239 1413 1479 1472 Ierusalem,
1512 1411 1815 1458 descendimus
1846 1413 1889 1457 in
1920 1413 2052 1472 viam,

666 1502 751 1547 que
784 1484 905 1530 vadit
929 1486 1103 1530 Gazam
1134 1486 1179 1529 δε
1204 1484 1482 1530 Ascalonem.
1521 1484 1723 1529 Milliario
1754 1483 1966 1547 vigesimo
1999 1484 2053 1530 de

663 1556 937 1603 Hierusalem
961 1557 1158 1601 venimus
1183 1557 1227 1601 in
1262 1573 1479 1613 montem,
1493 1568 1505 1584 ³
1531 1559 1596 1600 ubi
1622 1559 1773 1601 occidit
1797 1559 1940 1601 David
1966 1560 2053 1602 Go-

663 1631 778 1685 liam,
808 1626 881 1672 ubi
905 1630 949 1672 ὅ(
974 1645 1149 1673 mortuus
1176 1628 1234 1673 est
1259 1630 1360 1672 Saul
1385 1630 1430 1673 ὃς
1450 1628 1559 1673 filius
1585 1629 1673 1673 eius
1700 1627 1914 1674 IonathaS.
1943 1631 2055 1674 Iacet

662 1699 722 1746 ibi
747 1700 902 1746 Colias
937 1701 981 1745 in
1016 1698 1163 1744 media
1198 1701 1282 1759 via,
1314 1699 1371 1745 ad
1401 1716 1534 1763 caput
1560 1697 1725 1745 habens
1761 1715 1967 1745 acervum
1989 1702 2054 1746 in-

664 1789 846 1836 gentem
869 1772 1094 1835 lignorum
1117 1774 1162 1816 &
1182 1772 1308 1835 super
1326 1790 1429 1817 eum
1455 1772 1710 1835 congeriem
1735 1788 1970 1834 petrarum,
1995 1774 2054 1819 ita

665 1861 711 1890 ut
735 1843 791 1890 ad
823 1844 956 1888 millia
984 1845 1142 1907 viginti
1172 1861 1265 1889 non
1297 1843 1425 1906 poffis
1459 1843 1653 1889 invenire
1677 1842 1887 1905 lapidem,
1920 1861 2054 1905 quem

667 1933 847 1962 movere
873 1915 1016 1977 poffis,
1042 1917 1143 1977 quia
1164 1916 1258 1960 usus
1281 1916 1338 1960 est
1358 1916 1472 1961 talis:
1501 1916 1672 1977 quoties
1702 1916 1795 1976 quis
1817 1915 1918 1960 illuc
1942 1932 2054 1961 tran-

666 1987 790 2046 fierit,
821 2004 966 2033 ternos
1001 1988 1147 2032 secum
1183 1987 1322 2033 defert
1344 1987 1512 2049 lapides
1544 1989 1589 2032 ὃς
1624 2004 1698 2032 eos
1732 1987 1906 2048 proiicit
1930 1988 2056 2050 super

666 2061 809 2123 ipsum
835 2060 1065 2105 tumulum.
1090 2060 1158 2105 Sic
1184 2061 1228 2104 &
1254 2077 1334 2104 nos
1359 2057 1546 2104 similiter
1575 2059 1770 2104 fecimus.

735 2136 779 2177 In
815 2135 1012 2177 montibus
1039 2133 1190 2176 Gelboe
1215 2148 1296 2176 nec
1333 2148 1417 2189 ros,
1456 2148 1538 2176 nec
1571 2131 1721 2193 pluvia
1748 2129 1986 2189 descendit,
2009 2134 2055 2176 ὅ(

666 2204 890 2249 nocsturnis
920 2203 1037 2248 horis
1073 2204 1236 2248 secreto
1261 2202 1465 2249 videntur
1490 2203 1609 2248 volvi
1636 2201 1857 2247 immundi
1883 2203 2054 2265 spiritus

664 2293 893 2338 tamquam
919 2275 1075 2321 vellera
1096 2275 1196 2320 lane
1222 2275 1291 2321 vel
1317 2291 1430 2320 certe
1461 2273 1579 2320 unde
1606 2275 1748 2320 maris.

716 2450 745 2470 a.
768 2437 818 2470 Al.
840 2448 936 2471 xxw.
960 2457 1001 2461 —-
1022 2438 1053 2470 b.
1073 2438 1146 2469 ΕΝ.
1162 2456 1205 2460 -
1220 2447 1246 2469 c.
1265 2435 1380 2469 Omitto
1399 2435 1543 2468 Gelboe.
