2216 3435
706 300 772 333 DE
807 300 945 333 LOCIS
978 299 1197 332 SANCTIS.
1463 286 1624 350 360***

251 445 334 484 bita
353 455 490 485 ternus
506 445 694 484 homines
710 444 927 497 recipiunt.
945 443 1080 483 Modo
1098 442 1306 495 aliquanti,
1326 457 1420 482 cum
1437 459 1510 497 pro
1529 443 1622 483 reli-

249 501 445 557 giofitate,
460 504 514 543 ibi
531 518 624 544 cum
641 503 840 554 venerint,
855 512 1027 555 excepto
1044 502 1175 542 carnis
1191 501 1246 541 ibi
1263 502 1413 542 cibaria
1428 502 1493 542 sua
1506 517 1621 542 com-

251 563 413 602 medere
435 563 692 614 diledhmtur,
712 562 750 602 &
772 563 1001 602 accendunt
1021 561 1244 601 luminaria.
1266 561 1351 600 Ubi
1372 561 1451 614 ipse
1469 561 1620 601 Domi-

251 636 325 661 nus
347 622 469 675 pedes
486 621 762 674 apostolorum
783 621 944 672 lavabit,
961 636 1039 674 que
1056 620 1136 674 ipse
1151 620 1266 660 locus
1282 620 1321 659 in
1339 619 1527 673 spelunca
1553 620 1621 671 est,

251 681 290 721 &
311 680 553 720 descendent
573 681 628 720 ibi
649 681 773 720 modo
795 696 842 721 cc
863 681 1066 721 monachi.

128 747 148 778 f.
168 756 234 787 134.
306 741 344 779 A
368 741 491 792 pinna
510 739 681 793 Templi
702 739 837 780 subtus
863 739 1150 779 monasterium
1172 739 1220 779 de
1241 738 1378 789 castas,
1398 738 1437 778 &
1456 738 1619 792 quando
1638 751 1699 781 XII

252 799 375 852 aliqui
398 813 541 838 eorum
558 799 607 838 de
627 798 760 838 seculo
783 797 987 849 tranfierit,
1008 799 1060 838 ibi
1083 799 1191 839 intus
1214 798 1251 838 in
1276 797 1358 850 ipso
1380 797 1620 837 monasterio

253 858 478 912 reponitur,
499 857 538 898 δε
559 872 580 897 a
599 872 681 911 quo
704 857 802 897 illud
832 858 1067 897 intraverint
1094 857 1215 911 usque
1237 858 1333 896 dum
1353 857 1509 907 vivunt,
1530 856 1623 896 inde

252 932 334 957 non
368 927 528 957 exeunt.
561 916 743 972 Quando
774 916 908 970 aliqua
928 917 977 956 de
999 915 1378 956 saneoemonialibus
1406 915 1504 954 illuc
1525 929 1624 955 con-

253 977 352 1016 verti
374 975 550 1015 voluerit
571 986 639 1015 aut
667 975 801 1029 aliqua
831 977 1029 1029 penitens,
1060 976 1155 1015 huie
1185 985 1341 1014 tantum
1368 984 1505 1026 portas
1526 974 1625 1027 ipsas

258 1036 504 1088 aperiuntur.
540 1035 651 1075 Nam
682 1035 836 1088 semper
855 1034 996 1074 clausae
1026 1045 1144 1074 erunt
1182 1033 1220 1073 &
1250 1032 1440 1073 vi&ualia
1469 1033 1526 1073 eis
1556 1047 1627 1086 per

101 1105 122 1136 f.
137 1116 195 1146 134
210 1107 237 1137 b.
257 1108 420 1133 murum
437 1094 668 1146 deponitur.
690 1094 801 1134 Nam
824 1108 945 1147 aquas
963 1096 1003 1133 in
1025 1093 1212 1133 cisternas
1227 1093 1377 1132 habent
1389 1123 1397 1131 .
1410 1123 1419 1132 .
1434 1123 1442 1131 .
1459 1092 1627 1140 (Caetera

255 1154 417 1209 desunt.)
