2216 3435
682 164 695 193 ι
713 145 768 209 56
1238 158 1499 192 ARCULFUS

672 322 866 369 agentes,
911 322 1013 350 cum
1054 305 1222 368 ingenti
1263 304 1400 350 letitia
1437 305 1799 368 ingeniculante8‚
1844 303 2063 350 sudarium

673 377 859 422 Domini
898 394 1000 422 cum
1030 395 1193 440 magna
1228 375 1562 422 honorificentia
1592 376 1825 439 suscipiunt
1853 375 1910 421 ad
1942 375 1983 420 se
2009 374 2064 420 de

673 448 769 493 celo
801 447 1046 495 venerabile
1083 446 1284 494 emissum
1316 447 1501 506 donum,
1534 447 1876 509 hymnificasque
1908 445 2057 492 laudes

672 519 860 578 Christo,
891 522 979 566 eius
1010 519 1232 578 donatori,
1266 519 1470 578 referunt,
1494 521 1539 564 ὃς
1563 521 1606 565 in
1630 520 1785 565 scrinio
1812 516 1988 564 ecclefie
2017 519 2061 563 in

671 591 758 636 alio
782 592 1032 638 involutum
1056 591 1308 636 linteamine
1336 590 1594 637 recondunt.

737 662 878 725 Qiod
906 664 1048 708 noster
1083 662 1209 708 frater
1232 662 1434 708 Arculfus
1466 662 1552 708 alio
1588 661 1658 708 die
1684 661 1738 707 de
1764 662 1920 707 scrinio
1944 660 2060 706 leva-

671 751 765 780 tum
789 734 911 793 vidit,
938 737 982 779 ὃς
1010 736 1119 780 inter
1149 734 1306 797 populi
1331 734 1658 780 multitudinem
1678 733 1782 779 illud
1810 732 2056 789 osculantis,

671 807 759 868 ipse
789 806 1003 851 osculatus
1030 806 1087 851 est
1106 806 1148 851 in
1179 804 1354 851 ecclesie
1379 822 1617 864 conventu,
1644 805 1892 851 mensuram
1916 804 2063 867 longi-

672 877 832 924 tudinis
871 875 989 940 quasi
1027 880 1131 922 ocio
1167 875 1332 923 habens
1370 876 1546 940 pedes.⁰
1587 878 1655 923 De
1698 893 1787 939 quo
1825 876 1905 922 hec
1948 874 2065 921 dieta

674 948 902 995 sufficiant.

670 1068 755 1114 XII.
793 1072 859 1113 ‘De
900 1071 985 1114 alio
1009 1070 1273 1130 sacroscmt‘lo
1310 1070 1449 1124 linteo,
1492 1068 1733 1129 quod,ficut
1746 1065 2062 1126 fertur‚sanc‘la

900 1145 1098 1186 contexuit
1124 1141 1284 1186 Maria
1310 1144 1448 1200 virgo,
1476 1140 1632 1184 Mater
1658 1142 1846 1183 Domini.

735 1254 865 1301 Aliud
907 1273 1087 1318 quoque
1127 1256 1365 1302 linteamen
1402 1256 1541 1302 maius
1579 1256 1782 1302 Arculfus
1822 1257 1865 1301 in
1912 1254 2068 1302 eadem

671 1327 1074 1388 Hierol'olymitana
1108 1328 1283 1374 civitate
1320 1326 1449 1385 vidit,
1483 1326 1621 1390 quod,
1652 1344 1699 1373 ut
1734 1328 1881 1386 fertur,
1923 1328 2068 1372 sancia

670 1399 806 1444 Maria
842 1401 1082 1458 contexuit,
1119 1402 1163 1445 ὃς
1195 1398 1254 1445 ob
1285 1399 1329 1445 id
1366 1417 1530 1463 magna
1555 1400 1793 1446 reverentia
1822 1400 1864 1444 in
1889 1397 2067 1444 ecclesia

671 1469 871 1515 habitum
929 1487 1045 1515 totus
1098 1487 1329 1517 veneratur
1375 1470 1580 1534 populus.
1634 1473 1677 1515 ln
1726 1487 1815 1533 quo
1862 1469 2066 1517 videlicet

668 1541 804 1587 linteo
841 1541 1080 1588 duodecim
1111 1543 1416 1605 apostolorum
1440 1543 1627 1588 formule
1649 1540 1863 1588 habentur
1886 1542 2065 1599 intexte,

671 1615 715 1658 ὅς
746 1612 873 1676 ipsius
906 1614 1091 1659 Domini
1122 1615 1274 1678 imago
1306 1613 1506 1677 figurata,
1533 1615 1652 1658 cuius
1682 1613 1945 1659 linteaminis
1978 1629 2067 1657 una

669 1703 769 1748 pars
803 1683 922 1730 rubei
953 1685 1112 1730 coloris
1146 1687 1190 1731 ὃς
1227 1686 1372 1744 altera,
1404 1703 1427 1730 e
1458 1686 1639 1748 regione
1673 1687 1715 1730 in
1747 1684 1884 1730 altero
1920 1684 2066 1743 latere,

670 1756 814 1804 viridis
839 1755 1060 1802 habetur.l²

756 1939 858 1985 Xlll.
896 1941 1133 2002 ‘Desumma
1159 1941 1341 1984 columna
1368 1943 1408 1984 in
1436 1941 1601 2002 illofita
1628 1941 1732 1996 loco,
1760 1942 1828 1984 ubi
1855 1941 1981 1984 Cruce

835 2015 1010 2056 ‘Domini
1034 2014 1302 2074 superpqfita,
1336 2028 1514 2056 mortuus
1544 2015 1691 2056 revixit
1723 2015 1894 2067 iuvenis,

1143 2082 1183 2127 ὃ)
1207 2084 1256 2127 de
1280 2084 1413 2127 medio
1438 2085 1590 2127 mundi.

737 2205 806 2248 De
831 2202 977 2264 aliqua
1003 2199 1131 2247 valde
1156 2201 1323 2247 summa
1347 2201 1569 2259 columna,
1605 2218 1691 2263 que
1716 2218 1741 2246 a
1768 2200 1877 2245 locis
1910 2199 2064 2245 sauciis

671 2273 728 2320 ad
775 2273 1161 2336 septentrionalem
1209 2289 1380 2335 partem
1428 2274 1473 2317 in
1527 2271 1675 2318 medio
1719 2271 1902 2318 civitatis
1952 2271 2065 2316 stans

675 2344 957 2410 pergentibus
995 2344 1126 2392 obvia
1163 2344 1358 2403 habetur,
1384 2343 1570 2390 breviter
1604 2343 1844 2390 dicendum
1869 2343 1938 2389 est.
1966 2344 2064 2388 I-Iec

675 2416 833 2463 eadem
853 2418 1076 2476 columna,
1101 2419 1145 2464 in
1165 2435 1219 2463 eo
1239 2419 1392 2463 statuta
1416 2417 1536 2474 loco,
1567 2415 1640 2461 ubi
1659 2432 1855 2461 mortuus
1880 2416 2061 2474 iuvenis,

675 2489 821 2535 Cruce
857 2491 1043 2534 Domini
1079 2487 1356 2553 superposita,
1393 2488 1557 2547 revixit,
1595 2489 1757 2533 mirum
1791 2488 1835 2532 in
1871 2485 2062 2532 modum

723 2637 750 2658 a.
771 2627 810 2658 In
828 2625 905 2658 aliis
926 2626 988 2669 ngff.
1004 2625 1148 2658 cubitos.
1168 2646 1209 2649 —
1228 2626 1259 2657 b.
1280 2626 1331 2666 B„
1415 2625 1603 2658 herbarum.

680 2679 711 2711 P.
751 2691 881 2721 12943‚
923 2678 954 2711 iu
998 2680 1137 2712 modum
1174 2678 1354 2723 viridium„
