2216 3435
0 1628 5 1669 -Ἷ
0 1586 4 1621 —
0 683 11 1579 mmm—“mw—-n
5 251 15 677 ——-—v——-†-—·---.-—--„-„

666 282 731 315 DE
767 282 902 315 LOCIS
938 281 1157 314 SANCTIS.
1505 285 1593 331 219

293 429 380 473 I-lic
398 428 653 473 monstratur
671 443 805 489 petra,
829 427 954 490 super
972 444 1105 489 quam
1122 424 1335 488 lapidatus
1354 427 1410 471 est
1428 427 1595 472 santstus

228 515 523 560 protomartyr
551 503 771 561 Stephanus
803 515 919 544 extra
950 498 1179 545 civitatem.
1212 500 1255 542 ln
1280 496 1428 542 medio
1452 515 1596 543 autem

229 570 509 629 Hierusalem,
530 570 615 627 ubi,
637 587 762 615 cruce
782 570 964 615 Domini
982 566 1259 631 superpofita,
1279 584 1473 612 mortuus
1491 570 1597 614 revi-

227 641 298 697 xit,
323 641 529 687 columna
553 642 662 686 celsa
685 641 775 699 stat,
812 657 897 702 que
921 640 1052 686 estivo
1077 638 1251 684 solstitio
1279 637 1477 683 umbram
1502 656 1591 684 non

227 711 341 770 facit,
367 711 482 757 unde
499 728 654 774 putant
677 710 736 757 ibi
759 713 929 756 mediam
950 708 1033 755 effe
1056 728 1216 768 terram,
1243 710 1288 753 ὃς
1306 708 1474 754 historie
1501 709 1591 754 dic-

227 797 336 827 tum:
362 785 475 827 ‘Deus
495 801 636 840 aurem,
662 801 729 827 rex
752 786 891 841 noster,
925 798 1012 826 ante
1025 782 1166 842 secula
1204 797 1389 840 operatus
1412 785 1462 840 est
1473 782 1594 841 salu-

225 869 300 896 tem
332 857 372 897 in
402 856 530 899 medio
560 872 675 899 terre.
715 853 817 915 Qa
842 851 994 897 ductus
1028 852 1239 913 opinione
1262 853 1307 896 ἃ
1330 851 1592 908 νίξῒοῑίηυε,

226 921 486 968 Ρὶέὶεινὶεηῖἰε
530 925 697 970 antistes
733 921 929 981 ecclefie,
969 921 1023 967 de
1052 921 1284 985 GolgOtha
1324 920 1506 968 scribens
1541 923 1599 968 ita

225 993 420 1039 inchoat:

436 1085 503 1139 Est
522 1086 629 1136 locus,
654 1102 695 1125 ex
716 1086 811 1125 omni
829 1085 985 1125 medium
1006 1099 1108 1136 quem
1129 1084 1308 1123 credimus
1329 1086 1412 1124 orbe
1419 1105 1434 1131 ;

439 1144 618 1198 Golgotha
640 1144 746 1184 Iudei
761 1144 886 1198 patrio
906 1144 1107 1196 cognomine
1128 1143 1264 1181 dicunt.

301 1310 368 1356 IV.
405 1313 471 1356 ‘De
483 1312 655 1371 sudario
681 1313 828 1370 capitis
854 1312 1025 1353 ‘Domini
1053 1309 1092 1353 ἃ
1119 1310 1203 1353 alio
1228 1313 1380 1353 maiore
1405 1311 1527 1356 linteo

600 1382 783 1441 asanc‘la
810 1381 970 1425 maria
994 1382 1189 1439 confecqo.

287 1472 514 1520 Sudarium
554 1474 703 1536 capitis
745 1474 928 1519 Domini
969 1474 1064 1536 post
1108 1475 1461 1521 resurrec'tionem
1508 1477 1595 1522 eius

223 1563 326 1592 mox
355 1544 744 1592 christianiffimus?
776 1544 953 1607 quidam
992 1545 1141 1591 Iudeus
1176 1546 1336 1592 furatus
1376 1548 1505 1609 usque
1541 1548 1595 1594 ad

223 1616 407 1674 obitum,
442 1615 597 1661 divitiis
633 1614 705 1661 fibi
730 1614 1016 1675 affluentibus,
1047 1615 1207 1663 habuit.
1242 1619 1333 1680 Qi
1365 1620 1595 1664 moriturus

220 1690 458 1750 interrogat
481 1686 606 1746 filios,
628 1688 701 1748 qui
726 1688 908 1733 Domini
933 1687 1164 1748 sudarium,
1191 1690 1265 1751 qui
1284 1706 1445 1735 ceteras
1464 1692 1596 1752 patris

221 1759 323 1807 velit
364 1758 560 1821 accipere
597 1757 778 1803 divitias,
819 1759 959 1803 Maior
999 1759 1216 1805 thesauros
1256 1779 1411 1819 rerum,
1452 1763 1596 1807 minor

221 1831 351 1893 elegit
379 1827 606 1875 sudarium.
639 1829 683 1874 Et
714 1846 817 1875 mox
846 1829 903 1874 illi
931 1829 1206 1876 decrescuntb
1238 1832 1369 1893 usque
1399 1832 1454 1877 ad
1491 1851 1595 1896 pau-

220 1917 447 1964 pertatem,
475 1900 591 1945 fratri
614 1915 760 1945 autem
786 1916 887 1945 cum
905 1899 990 1946 fide
1011 1901 1205 1947 crescunt
1229 1904 1273 1947 ὃς
1293 1920 1414 1965 opeS,
1438 1905 1482 1948 ὃ(
1509 1904 1595 1950 hoc

221 1973 353 2034 usque
391 1970 447 2016 ad
489 1971 684 2033 quintam
722 1988 827 2034 ergo
869 1973 1198 2035 generationem
1230 1972 1377 2018 fideles
1408 1990 1594 2022 tenuere.

221 2044 338 2089 Hinc
378 2041 434 2088 ad
467 2042 627 2104 impios
666 2043 920 2104 perveniens
964 2042 1131 2089 divitias
1172 2059 1341 2088 tantum
1378 2047 1508 2103 auxit,
1550 2063 1595 2092 ut

222 2114 372 2170 Iudeis,
399 2115 444 2158 ὃς
478 2113 564 2157 hoc
588 2112 725 2157 multo
757 2129 971 2175 tempore,
997 2112 1140 2159 donec
1165 2115 1260 2176 post
1282 2115 1418 2178 longa
1441 2116 1593 2180 litigia,

220 2183 374 2248 quibus
400 2184 609 2229 christiani
633 2182 746 2229 ludei
765 2184 805 2229 se
825 2184 996 2242 Christi,
1014 2184 1209 2230 infideles
1234 2203 1336 2231 vero
1359 2188 1399 2232 se
1423 2204 1593 2249 patrum

220 2257 395 2302 suorum
430 2252 706 2301 affirmabant
740 2254 942 2312 heredes,
980 2256 1225 2315 Μειυνίειε,ί
1261 2258 1593 2305 Sarracenorum

220 2345 305 2384 ι’(ῑΧ,
332 2328 406 2388 qui
443 2326 584 2371 nostra
621 2342 732 2372 etate
763 2326 855 2383 fuit,
881 2326 1009 2373 iudex
1033 2327 1283 2389 postulatur,
1310 2330 1384 2391 qui
1414 2331 1592 2376 accensa

219 2397 373 2461 grandi
407 2415 526 2460 pyra,
560 2397 777 2443 Christum
811 2398 1001 2444 iudicem
1039 2415 1250 2461 precatur,
1286 2402 1357 2462 qui
1397 2401 1483 2446 hoc
1513 2420 1593 2465 pro

220 2470 394 2514 suorum
427 2469 557 2513 salute
592 2468 715 2530 super
755 2485 885 2532 caput
924 2469 1081 2516 habere
1120 2470 1382 2533 dignaretur.
1420 2472 1591 2519 Missum

220 2557 325 2604 ergo
361 2541 406 2584 in
442 2540 591 2602 ignem
616 2538 834 2585 sudarium
868 2541 1008 2587 veloci
1043 2557 1166 2605 raptu
1192 2540 1402 2605 effugiens
1435 2544 1592 2604 evolat,

219 2610 263 2653 &
297 2611 342 2654 in
367 2610 536 2655 summo
564 2613 662 2656 ae're
686 2609 914 2657 diutissime
954 2610 1068 2674 quasi
1093 2610 1287 2657 ludendo
1317 2613 1592 2675 volucritans,

265 2734 294 2755 a.
312 2723 344 2755 L.
359 2723 442 2766 deest
454 2734 531 2755 mox
544 2722 649 2755 christ.
667 2741 708 2747 —-
725 2723 757 2756 b.
772 2723 866 2766 Mff.,·
950 2725 1032 2767 uias,
1051 2727 1228 2768 Mauuras,
1251 2726 1433 2760 Moawieh.

222 2779 268 2812 Pc.
287 2777 367 2809 add.
396 2787 484 2821 opes:
515 2795 555 2800 -
581 2788 610 2810 c.
629 2775 722 2810 Alias
750 2777 865 2821 Maju-
