2216 3435
545 222 600 252 20
1073 219 1362 252 ORDINAClO

540 363 684 410 cordis
703 363 758 410 ad
775 363 1026 410 crucifixum
1041 381 1120 427 pro
1141 380 1181 409 te
1202 364 1449 427 suspensum
1464 365 1507 410 in
1526 381 1667 421 cruce,
1682 365 1916 427 &sequere

541 440 627 484 me!
678 436 915 482 Eustachius
941 439 986 482 ὅ(
1010 435 1261 494 GaufriduS,
1287 436 1441 482 milites
1466 436 1736 483 flandrenses
1763 439 1807 482 &
1835 438 1918 484 fra-

541 526 636 567 tres,
650 508 905 555 adinvicem
924 525 1133 555 venerunt
1146 509 1188 553 in
1201 509 1380 554 Terram
1399 510 1615 566 Samiam,
1633 511 1677 555 ὅ(
1696 510 1739 554 in
1765 511 1919 573 ampli-

541 579 684 626 cando
699 579 939 626 Gaufridus
964 598 1096 644 grave
1122 581 1276 626 vulnus
1302 581 1463 642 recepit
1487 582 1545 639 &,
1570 597 1808 642 antequam
1832 583 1921 645 ipse

540 652 770 710 sanaretur,
796 652 1026 698 Christiani
1044 669 1145 697 cum
1164 652 1403 697 Sarracenis
1425 650 1588 697 bellum
1603 654 1804 712 inierunt,
1820 671 1921 699 cum

541 724 628 787 ipse
664 723 921 783 Gaufridus,
957 723 1204 769 infirmitate
1238 724 1424 769 vulneris
1465 741 1680 787 gravatus,
1722 724 1921 772 interesse

541 812 631 841 non
667 797 810 858 potuit
845 797 889 840 ὃς
923 795 1022 841 ideo
1061 796 1232 858 rogavit
1267 795 1440 841 fratrem
1480 797 1600 841 suum
1639 796 1920 857 Eustachium,

541 866 663 929 quod
689 867 776 930 ipse
803 885 892 912 non
917 868 1091 914 intraret
1111 865 1288 926 bellum,
1309 866 1381 912 sed
1401 884 1476 930 per
1495 882 1561 913 XV
1586 867 1674 914 dies
1700 870 1919 932 exspedla-

541 955 617 997 ret,
638 937 781 984 donec
800 957 876 1002 per
890 940 971 984 Dei
991 940 1199 1002 graciam,
1214 939 1392 985 sanitate
1411 956 1676 1002 recuperata,
1698 941 1921 986 consortes

541 1009 703 1056 bellum
749 1012 918 1056 inirent.
972 1009 1211 1074 Respondit
1249 1028 1393 1056 autem
1434 1010 1673 1057 Eustachius
1709 1028 1920 1074 tanquam

540 1099 663 1128 verus
689 1082 808 1128 miles
835 1082 992 1128 Christi
1017 1083 1279 1145 cupiensque
1306 1084 1468 1142 dzffolvi
1492 1084 1532 1128 5²
1551 1085 1624 1144 effe
1651 1103 1736 1129 cum
1763 1086 1919 1144 Christo

541 1153 677 1214 (Phil,
718 1167 747 1213 Ι,
788 1156 867 1217 23)
900 1176 908 1199 :
946 1153 1128 1200 Differre
1159 1154 1280 1211 nolo,
1327 1156 1431 1216 quin
1473 1154 1684 1201 invadam
1718 1156 1969 1201 inimicosA
1993 1168 2013 1198 f.
2027 1169 2064 1208 63
2078 1179 2105 1207 a,
2122 1179 2146 1198 c.
2164 1177 2189 1199 1.

541 1224 745 1284 crucifixi,
773 1246 794 1266 c<
811 1230 882 1271 kar
908 1244 1029 1287 grant
1059 1244 1256 1287 avantage
1280 1232 1442 1272 aueroie
1467 1230 1515 1271 de
1540 1232 1651 1272 venir
1688 1232 1710 1271 ἀ
1737 1232 1828 1272 Ἐειι
1858 1245 1918 1274 xv.

542 1300 627 1342 iurs
645 1299 743 1358 plus
766 1315 824 1342 tot
841 1302 885 1342 ke
909 1316 993 1355 vus,
1011 1318 1032 1337 υ
1050 1299 1095 1343 &
1113 1299 1189 1343 ivit
1204 1299 1247 1342 in
1262 1296 1423 1343 bellum
1443 1300 1487 1344 ὅς
1501 1315 1665 1359 martyr
1680 1300 1763 1345 Dei
1784 1299 1922 1345 facins

542 1370 612 1414 est.
669 1370 770 1414 Hoc
795 1367 945 1414 audito
983 1387 1006 1414 a
1032 1385 1167 1414 matre
1194 1370 1401 1431 ipsorum,
1427 1371 1518 1432 ipsa
1541 1370 1734 1418 laudavit
1760 1371 1921 1431 Deum,

543 1440 664 1503 quod
694 1441 783 1503 ipse
823 1442 881 1486 ita
922 1441 1149 1502 respexerit
1183 1459 1300 1497 eam,
1336 1441 1458 1504 quod
1491 1443 1581 1505 ipsa
1615 1442 1753 1488 filium
1792 1443 1923 1489 talem

542 1513 724 1576 peperit,
757 1513 830 1574 qui
861 1513 899 1558 ei
921 1513 999 1557 fuit
1022 1511 1256 1574 placabilis.
1285 1514 1397 1572 Socij
1426 1513 1567 1560 lacobi
1593 1514 1646 1560 de
1672 1515 1923 1561 Aventhnes

542 1584 688 1629 militis
715 1583 911 1629 dixerunt
937 1607 944 1630 :
971 1585 1083 1642 Socij
1114 1585 1264 1629 nostris
1286 1602 1440 1630 omnes
1465 1587 1722 1644 moriuntur,
1749 1585 1924 1632 receda-

542 1673 636 1701 mus
660 1674 684 1702 a
708 1656 941 1715 Saracenis,
971 1658 1016 1701 ὃς
1047 1654 1226 1701 lacobus
1260 1655 1378 1715 dixit,
1417 1679 1439 1698 a
1456 1661 1525 1703 Iou
1549 1662 1649 1703 ireie
1663 1659 1762 1719 plus
1788 1660 1923 1704 volen-

541 1732 638 1773 tiers
664 1730 704 1773 [ὰ
724 1748 746 1772 u
766 1746 839 1772 nus
859 1733 972 1773 lzome
991 1747 1037 1772 ne
1060 1747 1120 1773 me
1140 1732 1354 1787 conestreiz.
1369 1750 1390 1769 υ
1419 1728 1473 1774 Ex
1493 1746 1581 1791 quo
1602 1747 1707 1794 ergo
1727 1729 1926 1774 morituri

541 1800 649 1857 estis,
674 1800 831 1863 surgite
857 1799 1031 1858 scilicet,
1056 1815 1102 1844 ut
1124 1800 1169 1844 in
1193 1816 1334 1845 morte
1353 1802 1398 1845 ὃ(
1417 1817 1495 1862 per
1519 1817 1709 1848 mortem
1728 1802 1924 1848 invenia-

542 1889 636 1917 mus
658 1872 816 1918 vitam!

608 1946 729 1988 Item.
744 1943 784 1988 Si
804 1943 896 2004 quis
916 1941 1079 1988 habens
1094 1943 1307 1988 talentum
1326 1961 1417 1988 non
1437 1943 1576 2006 ipsum
1597 1942 1738 2006 poffet
1756 1945 1925 2009 semper

541 2015 737 2073 retinere,
767 2013 839 2059 led
871 2031 1095 2076 oporteret
1127 2013 1180 2059 de
1206 2013 1448 2060 necessitate
1478 2031 1532 2060 eo
1571 2031 1728 2074 carere,
1766 2016 1810 2061 ὃς
1834 2018 1922 2080 iple

542 2103 622 2149 pro
648 2086 741 2149 ipso
768 2085 889 2131 bono
916 2086 1080 2131 talento
1106 2084 1272 2131 bonam
1297 2086 1490 2148 aliquam
1512 2086 1731 2132 civitatem
1756 2088 1825 2134 vel
1849 2089 1921 2134 alj-

543 2157 665 2220 quod
690 2158 828 2203 maius
853 2156 1022 2203 bonum
1046 2158 1148 2203 iuste
1172 2160 1216 2203 &
1241 2157 1421 2220 pacifice
1447 2156 1590 2220 poffet
1613 2156 1785 2218 habere,
1810 2178 1921 2206 non-

543 2248 597 2275 ne
633 2229 772 2275 fatuus
806 2228 923 2286 effer,
965 2228 992 2274 si
1027 2231 1167 2292 ipsum
1201 2246 1281 2292 pro
1315 2230 1486 2292 penitus
1523 2229 1658 2274 nihilo
1696 2229 1830 2290 daret,
1855 2232 1923 2278 vel

542 2301 683 2363 ipsum
702 2299 930 2346 amittendi
954 2301 1026 2363 spe
1044 2302 1089 2346 in
1108 2299 1318 2365 ambiguo
1346 2302 1567 2346 retineret?
1592 2301 1826 2348 Talentum
1847 2301 1923 2348 tibi

545 2371 824 2417 commissum
860 2371 1004 2431 habes,
1046 2373 1206 2419 scilicet
1243 2374 1377 2419 vitam
1409 2372 1714 2434 temporalem,
1747 2391 1833 2436 qua
1867 2374 1922 2421 de

544 2442 786 2490 neceffitate
811 2443 988 2504 carebis,
1021 2446 1233 2507 quoniam
1260 2445 1370 2490 mori
1404 2445 1462 2490 est
1481 2443 1557 2489 tibi
1580 2444 1840 2492 inevitabile.
1867 2446 1922 2492 Ex

547 2532 636 2578 quo
667 2532 773 2579 ergo
807 2516 980 2578 potestis
1009 2534 1090 2579 pro
1127 2534 1177 2562 ea
1211 2514 1368 2562 habere
1403 2515 1614 2580 gaudium
1650 2532 1847 2562 eternum
1876 2520 1921 2563 &

546 2589 711 2645 Deum,
760 2605 848 2650 quo
894 2588 999 2633 nihil
1037 2589 1095 2634 est
1140 2588 1312 2646 melius,
1366 2588 1506 2634 fatuus
1547 2607 1615 2646 es,
1662 2587 1689 2633 fi
1734 2590 1920 2652 respuas,

546 2660 741 2704 moriaris
765 2676 871 2723 ergo
896 2661 939 2705 in
966 2677 1092 2706 cruce
1126 2677 1207 2723 pro
1239 2659 1426 2718 Christo,
1468 2662 1513 2705 ὃς
1540 2661 1682 2723 ipsum
1720 2660 1920 2710 habebis!
1939 2678 2007 2710 Af.
2020 2678 2058 2719 63
2071 2691 2098 2719 a,
2113 2692 2138 2711 c.
2151 2689 2179 2711 2.

547 2731 681 2795 Surge
706 2748 829 2797 ergO,
810 2697 961 2797 t>sume
984 2750 1134 2779 crucem
1170 2751 1310 2793 meam,
1338 2733 1421 2778 &c.
1453 2732 1643 2793 (Matth,
1683 2746 1784 2790 XVI,
1825 2741 1918 2799 24)
