2216 3435
690 151 755 200 04
1106 149 1403 182 ANTONINUS
1440 147 1674 181 MARTYR

1115 334 1185 380 VI.
1225 333 1374 391 Tabor,
1404 335 1650 396 Qeapolis.

754 479 823 524 De
847 476 1063 523 Nazareth
1102 475 1300 522 venimus
1340 476 1384 520 in
1416 492 1617 521 montem
1655 475 1802 533 Tabor,
1843 476 1917 538 qui
1952 493 2081 521 mons

689 551 773 597 exit
808 550 853 594 in
884 547 1034 594 medio
1061 548 1314 610 campestri:
1354 564 1464 593 terra
1490 549 1604 605 viva,
1641 564 1792 594 tenens
1822 549 1866 594 in
1903 549 2080 594 circuitu

690 623 823 668 millia
843 622 926 679 sex,
946 621 989 665 in
1017 619 1191 664 ascensu
1219 619 1355 664 millia
1379 620 1472 679 tria,
1498 620 1661 665 sursum
1685 618 1742 664 ad
1768 637 1906 663 unum
1926 620 2081 666 millia-

688 696 800 741 rium
832 694 998 756 planus.
1038 694 1081 736 In
1115 707 1204 752 quo
1230 690 1327 736 sunt
1352 708 1434 736 tres
1459 689 1675 749 ecclesie,a
1700 689 1774 736 ubi
1806 690 1912 735 dixit
1937 691 2080 738 Petrus

687 766 744 813 ad
765 766 918 812 Iesum:
936 767 1143 808 Faciamus
1162 767 1228 807 lzic
1249 768 1330 808 tria
1351 765 1623 808 tabernacula.
1648 766 1692 808 In
1717 764 1897 808 circuitu
1918 765 2081 809 montis

689 838 852 885 diverse
886 836 983 880 sunt
1006 835 1215 892 civitates,
1254 852 1339 897 que
1370 836 1413 880 in
1438 834 1564 880 Libro
1591 852 1746 898 regum
1769 834 1985 898 leguntur.
2012 835 2081 881 De

687 909 837 956 Tabor
861 908 1061 955 venimus
1086 909 1130 952 in
1152 908 1389 967 civitatem,
1415 924 1502 969 que
1522 907 1608 952 alio
1635 922 1836 968 tempore
1861 907 2082 969 appellata

690 983 748 1029 est
772 979 974 1037 &chanst
999 996 1116 1025 nunc
1148 997 1253 1026 vero
1288 979 1444 1025 dicitur
1467 978 1702 1041 Neapolis:
1734 979 1779 1022 in
1811 996 1898 1041 qua
1927 996 2082 1042 puteus

689 1055 760 1112 est,
790 1070 840 1099 ex
866 1069 955 1114 quo
977 1052 1198 1096 Dominus
1226 1069 1250 1096 a
1274 1051 1453 1097 muliere
1473 1052 1732 1097 samaritana
1757 1068 1919 1113 aquam
1945 1050 2082 1113 petiit.

690 1126 837 1189 Ibique
864 1125 979 1170 faeta
998 1123 1056 1169 est
1075 1121 1247 1169 basilica
1270 1124 1315 1168 in
1341 1124 1562 1169 honorem
1586 1123 1723 1168 sand‘ti
1748 1123 1950 1168 Iohannis
1974 1123 2083 1186 Bap-

689 1199 794 1257 tiste,
827 1200 873 1242 ὃς
909 1197 999 1260 ipse
1037 1213 1193 1259 puteus
1226 1196 1284 1242 est
1307 1213 1409 1242 ante
1445 1194 1664 1241 cancellos
1694 1194 1852 1255 altaris,
1892 1196 1938 1240 ὃς
1968 1193 2086 1241 fitula

687 1269 867 1329 ibidem,
894 1268 948 1314 de
967 1287 1054 1332 qua
1074 1267 1245 1328 dicitur,
1268 1267 1392 1331 quod
1412 1268 1634 1313 Dominus
1657 1265 1825 1314 biberit.
1847 1266 1973 1312 Multi
1992 1268 2084 1331 egri

688 1338 746 1387 ibi
772 1342 954 1388 veniunt
980 1343 1025 1386 ὅ(
1049 1341 1265 1387 sanantur.

688 1518 776 1563 VII.
814 1518 1017 1572 Tiberias,
1056 1534 1178 1571 mare,
1219 1516 1519 1576 Capharnaum,
1559 1516 1625 1558 Ior
1659 1513 1698 1557 ὅ»
1735 1516 1848 1569 Dan,
1876 1515 2082 1569 Iordanis,

922 1590 1105 1644 Gadara,
1139 1591 1287 1632 therme
1312 1587 1449 1642 Helie,
1470 1589 1625 1645 fluvius
1653 1587 1835 1630 Gadara.

758 1729 932 1777 Deinde
953 1730 1152 1776 venimus
1177 1727 1233 1774 ad
1254 1747 1363 1773 mare
1381 1728 1632 1785 Tiberiadis,
1650 1727 1694 1771 in
1715 1726 1938 1773 civitatem
1955 1725 2085 1772 Tibe-

691 1802 871 1861 riadem‚
895 1804 938 1847 in
966 1819 1051 1864 qua
1077 1802 1172 1846 sunt
1198 1800 1364 1845 therme
1383 1799 1509 1858 salse3
1538 1817 1642 1844 nam
1667 1815 1783 1860 aqua
1807 1799 1935 1843 maris
1959 1797 2086 1861 ipfius

692 1876 828 1922 dulcis
848 1875 920 1934 est,
945 1872 1068 1936 quod
1088 1891 1208 1918 mare
1228 1872 1380 1917 circuit
1399 1871 1534 1916 millia
1554 1873 1671 1917 oeIo.
1692 1869 1866 1916 Deinde
1885 1871 2086 1917 venimus

691 1949 735 1992 in
761 1948 982 1993 civitatem
1009 1949 1309 2006 Capharnaum,
1338 1945 1384 1988 in
1408 1942 1596 1988 domum
1621 1942 1737 1989 beati
1760 1943 1880 2000 Petri,
1918 1959 2003 2004 que
2028 1943 2087 1988 est

691 2017 832 2064 modo
861 2017 1044 2065 bafilica.
1086 2016 1188 2062 Inde
1214 2016 1480 2062 transeuntes
1514 2033 1591 2078 per
1617 2015 1750 2060 castra
1774 2014 1843 2061 vel
1869 2015 1988 2060 vicos
2013 2031 2088 2060 aut

693 2093 900 2150 civitates,
935 2091 1133 2136 venimus
1158 2088 1214 2134 ad
1240 2088 1351 2133 duos
1391 2088 1548 2145 fontes,
1581 2087 1667 2131 hoc
1706 2086 1778 2146 est,
1813 2090 1881 2132 Ior
1904 2088 1949 2131 ὅ(
1973 2091 2085 2144 Dan,

697 2164 771 2225 qui
802 2164 847 2207 in
886 2179 1022 2207 unum
1067 2159 1298 2206 confluunt
1331 2162 1376 2205 ὃς
1416 2175 1631 2205 vocantur
1671 2160 1861 2203 Iordanis
1901 2175 2086 2220 parvus3

693 2233 936 2298 ingreditur
960 2251 1094 2292 mare,
1130 2230 1357 2295 pertransit
1381 2248 1524 2277 totum
1549 2230 1730 2293 pelagus
1755 2231 1800 2274 ὃς
1825 2231 1909 2274 exit
1931 2230 1976 2275 in
2001 2230 2088 2276 alio

692 2307 837 2352 littore
862 2308 1006 2352 maris.
1027 2308 1303 2352 Revertentes
1329 2304 1527 2350 venimus
1552 2305 1596 2348 in
1615 2302 1782 2359 locum,
1803 2299 1876 2346 uhi
1896 2301 2088 2349 Iordanis

695 2378 916 2442 egreditur
948 2379 1071 2435 mari,
1097 2378 1204 2423 &in
1228 2376 1322 2439 ipso
1350 2376 1452 2420 loco
1480 2372 1750 2420 transivimus
1777 2371 2024 2433 Iordanem,
2043 2377 2089 2420 ὃς

695 2452 894 2497 venimus
915 2452 957 2496 in
973 2451 1209 2509 civitatem,
1226 2467 1309 2511 que
1328 2465 1511 2495 vocatur
1532 2450 1717 2505 Gadara,
1735 2464 1819 2508 que
1833 2448 1878 2491 ἅ
1893 2445 2089 2492 Gabaon

697 2522 865 2569 dicitur.
894 2526 937 2567 In
961 2523 1036 2568 ista
1060 2539 1198 2585 parte,
1224 2520 1425 2566 milliario
1461 2520 1587 2565 tertio
1614 2517 1667 2564 ab
1694 2516 1813 2577 urbe,
1850 2518 1948 2563 sunt
1972 2535 2086 2580 aque

698 2594 852 2654 calide,
889 2612 973 2657 que
1009 2593 1287 2657 appellantur
1320 2596 1472 2637 therme
1496 2593 1634 2647 Helie,
1671 2589 1745 2636 ubi
1770 2587 1925 2652 leprosi
1962 2606 2088 2634 mun-

747 2766 777 2788 a.
800 2756 839 2787 G.
859 2754 1001 2789 basilice.
1026 2774 1067 2779 —
1090 2756 1120 2788 b.
1140 2754 1189 2788 Sic
1207 2765 1275 2799 ego,
1295 2753 1339 2786 al.
1363 2752 1521 2787 Samaria.
