2216 3435
13 2139 90 2170 Mur.
108 2151 134 2179 p.
154 2140 240 2179 1098.

0 2190 1 2206 ³
45 2210 92 2240 Μ.
109 2209 128 2238 f.
146 2210 182 2249 65
200 2209 238 2239 D.

638 270 912 304 OBSIDIONIS
948 270 1212 303 DAMIATE.
1544 277 1559 306 I
1568 277 1597 306 Ο
1608 277 1624 306 Ι

260 436 432 476 norum,
456 414 627 462 auribus
645 416 691 460 ὅς
708 412 882 461 naribus
901 431 1002 459 cum
1019 411 1142 459 labiis
1162 414 1207 458 ὃς
1224 411 1406 459 brachiis
1427 418 1632 462 truncatis
1654 441 1732 471 1219

261 492 305 536 ἃ
329 506 417 535 uno
443 487 573 533 oculo
608 489 812 545 extrac‘cO,
844 501 943 531 ante
977 486 1232 531 Sarracenos
1256 485 1362 530 miffi
1388 486 1483 532 sunt
1507 505 1631 549 quat—

261 578 369 607 tuor.
399 558 521 604 Alios
547 573 753 619 quattuor
771 555 825 602 sic
849 572 1068 602 truncatos
1089 555 1294 601 miserunt
1317 557 1360 601 in
1387 558 1632 620 civitatem3

259 629 483 678 Sarraceni
501 646 638 674 unum
662 627 716 673 de
736 627 983 675 Christianis
1003 629 1060 673 ita
1080 644 1328 674 truncatum
1351 628 1553 675 miserunt
1577 629 1633 675 ad

261 701 542 748 Christianos

323 772 516 818 XXXIX.
537 775 583 817 In
602 770 671 817 die
685 788 788 817 vero
806 772 951 818 San6³ti
969 771 1264 817 Bartholomei
1283 771 1532 827 Christiani,
1552 772 1633 817 vir·
1653 784 1732 821 Aug.
1747 791 1796 821 24.

259 859 348 889 tute
367 844 553 889 Domini
576 843 820 906 instigante,
854 842 1012 887 cochas
1042 844 1086 887 δε
1113 842 1260 905 galeas
1280 852 1290 871 ¹
1311 858 1585 888 armaverunt
1616 852 1634 872 2

258 916 303 960 &
321 923 335 952 3
354 912 550 973 barchas,
574 914 618 958 in
646 911 801 975 quibus
826 928 946 958 erant
976 912 1084 958 scale
1109 912 1164 958 ad
1192 912 1464 975 preliandam
1489 914 1635 959 civita-

259 1002 362 1044 tem,
386 986 431 1030 δε
448 1001 629 1047 propter
651 984 911 1029 currentiam
929 981 1117 1029 fluminis
1136 1001 1228 1029 non
1248 985 1634 1047 appropinquave-

258 1072 355 1101 runt
378 1057 550 1101 civitati.
587 1055 670 1101 Sed
694 1073 771 1118 per
795 1053 1038 1117 superbiam
1063 1054 1274 1117 peditum,
1306 1056 1380 1117 qui
1417 1053 1635 1115 dicebant,

259 1128 473 1191 principes
492 1129 537 1172 ὃς
555 1126 708 1172 milites
731 1124 815 1171 effe
833 1125 1094 1188 proditores,
1126 1128 1170 1171 ὃς
1190 1124 1291 1171 ideo
1307 1135 1327 1163 4
1353 1143 1445 1171 non
1475 1144 1635 1190 appro-

259 1199 473 1261 pinquant
493 1198 668 1256 civitati,
687 1196 871 1260 predicti
890 1195 1056 1258 pedites
1074 1206 1089 1236 5
1108 1195 1439 1243 murmurabant
1458 1200 1503 1243 ὃς
1522 1198 1634 1246 dice-

257 1266 378 1326 bant,
405 1267 527 1331 quod
544 1268 696 1313 milites
717 1284 811 1313 toto
832 1284 1031 1329 tempore
1053 1285 1127 1313 eos
1144 1269 1161 1297 ⁶
1178 1266 1237 1313 ibi
1266 1285 1411 1314 tenere
1427 1269 1636 1317 volebant

260 1340 456 1385 nolentes
495 1357 596 1385 cum
637 1340 813 1402 Paganis
852 1355 1064 1401 pugnare,
1118 1356 1199 1384 nec
1235 1356 1337 1385 cum
1375 1341 1433 1385 eis
1472 1339 1635 1388 bellum

259 1426 485 1473 temptare,
525 1408 641 1454 unde
678 1409 832 1455 milites
868 1408 1082 1471 indignati
1115 1427 1216 1455 cum
1251 1411 1430 1474 Paganis
1465 1412 1635 1474 preliari

257 1483 500 1527 statuerunt.
526 1482 720 1526 Gentem
739 1497 918 1542 quoque
944 1497 1097 1525 eorum
1120 1481 1164 1526 in
1189 1498 1269 1527 tres
1290 1481 1522 1529 diviserunt
1540 1500 1636 1545 par-

260 1568 334 1609 teS,
367 1569 453 1597 una
479 1550 670 1613 quidem,
708 1568 793 1612 que
820 1568 1028 1613 campum
1051 1551 1264 1598 custodire
1289 1551 1491 1612 debebat,
1509 1563 1525 1591 7
1555 1554 1637 1600 alia

257 1640 334 1685 per
357 1623 373 1651 8
403 1621 592 1668 fluminis
629 1639 790 1684 aquam
826 1623 901 1680 ire,
920 1632 937 1660 9
968 1623 1099 1669 altera
1124 1641 1200 1686 per
1234 1622 1459 1671 sablonem
1484 1642 1635 1672 contra

256 1695 458 1740 inimicos
483 1711 663 1757 pergere
680 1702 716 1722 ¹0
735 1692 935 1740 debebat.

322 1766 404 1812 XL.
443 1768 487 1810 In
518 1763 587 1809 die
623 1765 940 1810 Decollationis
975 1765 1119 1811 Sanffl
1155 1767 1354 1813 Iohannis
1387 1769 1632 1831 Baptiste,¹¹
1654 1785 1732 1822 Aug.
1748 1793 1797 1823 29.

258 1855 341 1900 que
360 1854 461 1882 cum
481 1835 758 1896 lachrymis¹2
774 1839 818 1882 &
843 1837 1059 1899 plorando
1079 1837 1289 1898 scribitur,
1308 1840 1387 1884 fuit
1407 1841 1525 1886 enim
1545 1840 1635 1887 dies

256 1909 327 1954 illa
351 1907 441 1954 dies
462 1909 537 1965 ire,
565 1908 819 1953 calamitatis
843 1911 889 1954 ὅς
914 1909 1092 1968 miserie,
1115 1909 1204 1956 dies
1224 1912 1374 1956 mortis
1389 1921 1422 1950 ¹3
1442 1913 1486 1957 ὃς
1511 1913 1634 1974 pesti-

256 1980 398 2040 lentie,
413 1979 502 2026 dies
515 1979 712 2027 lividiosa
729 1989 766 2017 ¹4
780 1983 824 2026 ὃς
842 1980 970 2027 valde
986 1990 1019 2021 Ι5
1037 1999 1183 2026 amara
1197 1982 1458 2029 Christianis.
1478 1984 1634 2029 Domi-

257 2069 337 2096 nus
375 2051 553 2114 quidem
588 2052 752 2116 legatus
788 2054 833 2097 &
869 2070 940 2099 rex
975 2053 1230 2113 lerosolyme
1255 2055 1299 2098 ὃς
1325 2055 1565 2116 patriarcha
1591 2058 1635 2101 ὃς

259 2124 326 2182 alij
347 2124 633 2170 omnes¹⁶viri
650 2122 819 2169 nobiles
842 2126 887 2169 ὅ(
905 2140 1106 2186 potentes
1126 2124 1472 2171 Christianorum
1491 2144 1634 2189 popu-

256 2194 409 2240 larium
439 2212 614 2240 rumore
643 2196 860 2241 commoti
894 2197 939 2240 ὅ(
963 2194 1133 2254 turbati,
1164 2205 1198 2232 ¹7
1234 2198 1366 2242 etiam
1390 2198 1498 2243 iram
1533 2200 1577 2243 ὃς
1599 2199 1633 2228 ¹3

256 2265 486 2330 perfidiam
504 2275 539 2305 Ι9
558 2283 711 2312 eorum
732 2266 858 2313 valde
882 2268 1097 2326 timenteS,
1137 2269 1292 2315 armati
1319 2271 1364 2314 ὅ(
1398 2269 1634 2315 asclerati20

310 2430 321 2449 1
348 2418 383 2450 P.
397 2418 498 2450 add..-
521 2419 551 2450 δε
572 2419 721 2453 barchas.
741 2440 787 2444 ——
806 2433 824 2453 2
846 2422 877 2453 P.
901 2422 1000 2454 add..·
1018 2423 1049 2454 δι
1068 2422 1143 2454 viris
1163 2424 1380 2467 prudentibus
1407 2437 1460 2458 eas
1480 2437 1633 2470 prepara-

258 2477 385 2503 verunt.
415 2471 476 2503 Sed
501 2480 636 2516 propter
655 2472 800 2505 fluminis
828 2474 1080 2508 inundationem
1100 2476 1141 2508 ad
1169 2477 1276 2509 menia
1295 2477 1436 2510 civitatis
1457 2479 1634 2523 appropin-

257 2535 359 2566 quare
379 2523 513 2557 minime
534 2534 699 2569 poterant.
727 2546 770 2551 —
795 2539 809 2568 3
837 2529 869 2560 Ι).
891 2540 947 2561 om.
967 2530 1009 2561 ab
1028 2530 1057 2561 δι
1077 2530 1175 2573 usque
1194 2534 1455 2564 murmurabant.
1475 2553 1519 2556 ἓ
1541 2546 1562 2574 4
1581 2535 1630 2567 M.

257 2577 287 2610 δι
304 2576 431 2610 dicunt.
465 2597 510 2601 —
544 2590 559 2620 5
593 2579 627 2611 P.
654 2580 733 2612 add.
751 2596 759 2613 .-
777 2582 820 2613 Et
838 2589 919 2614 tunc
948 2582 1074 2626 pedites
1095 2583 1356 2617 Christianorum
1389 2585 1537 2629 superbia
1556 2586 1631 2620 elati

257 2641 375 2662 murm.
400 2651 443 2654 -—
469 2634 486 2663 6
508 2632 539 2664 P.
556 2643 612 2664 om.
633 2652 677 2656 —
699 2645 715 2673 7
738 2634 769 2666 P.
790 2633 883 2677 legit.-
901 2646 1056 2679 campum
1078 2637 1230 2670 custodit.
1249 2659 1293 2662 —
1315 2642 1330 2670 8
1354 2640 1385 2671 P.
1404 2652 1460 2672 om.
1480 2660 1524 2664 —
1554 2652 1572 2681 9
1595 2642 1627 2673 P.

254 2695 311 2716 om.
332 2703 375 2707 —
402 2696 440 2716 10
469 2685 503 2716 Ι).
529 2696 664 2728 pergere
682 2697 798 2719 contra
825 2688 985 2722 inimicos.
1016 2710 1060 2713 ›—
1095 2702 1127 2722 11
1155 2692 1186 2722 P.
1206 2703 1265 2724 om.
1291 2711 1329 2715 —
1355 2705 1392 2725 12
1415 2693 1446 2725 P.
1466 2692 1629 2738 lacrymis.

255 2757 299 2761 ——
323 2748 359 2777 ¹3
384 2738 415 2770 P.
438 2738 562 2770 martis.
584 2758 628 2762 —
648 2751 688 2779 14
709 2741 743 2773 P.
764 2740 920 2774 lufiuosa.
943 2762 985 2766 —
1012 2756 1048 2786 ¹5
1070 2745 1118 2777 M.
1140 2755 1253 2777 amara
1273 2745 1376 2778 valde.
1397 2766 1442 2769 —
1466 2750 1503 2778 16
1524 2749 1554 2778 Ι).
1573 2759 1631 2780 om.

257 2810 298 2816 -
321 2803 358 2832 ¹7
382 2792 411 2824 P.
430 2793 511 2826 add.
531 2792 573 2825 δι.
594 2812 636 2816 -
661 2797 697 2825 18
718 2795 750 2827 P.
771 2796 852 2828 add.
879 2816 922 2820 -—
947 2808 983 2839 ¹9
1005 2798 1053 2830 M.
1069 2797 1239 2842 perfidam.
1269 2818 1309 2823 -
1336 2812 1378 2833 20
1396 2800 1442 2832 M.
1459 2800 1629 2834 ascherati.
