2216 3435
379 515 480 542 Cornu
500 512 614 542 υηέὶίο-

475 565 529 584 nis.

375 948 550 998 Sepulcrum
569 948 632 978 Do—

456 1001 539 1021 mini.

372 1241 476 1270 Altare
489 1241 611 1287 ’Zacha-

475 1293 535 1312 rlae.

370 1386 546 1423 Sacrariurn,
561 1387 632 1416 basi—

371 1428 424 1458 lica
435 1428 634 1458 Constantini.

412 1480 563 1518 Calamus,

371 1521 502 1562 spongia,
526 1523 611 1553 calix.

370 1670 535 1717 Templum
551 1670 615 1700 Do-

451 1722 535 1741 mini.

369 1883 486 1912 Basilica
504 1884 585 1913 Sion.

369 1955 518 1984 Columna
536 1954 626 1984 Dom.

370 2101 537 2140 Stephanus
556 2102 610 2142 lapi
617 2120 627 2124 -

411 2146 502 2173 datus.

663 133 720 192 58
1198 144 1501 178 ssifflviARan

661 288 866 352 exposita,
892 289 946 335 de
980 307 1086 336 auro
1118 293 1161 335 ὃ(
1191 291 1379 355 gemmis
1413 307 1566 336 ornata
1593 308 1699 351 tota,
1731 292 1828 337 celo
1864 291 2046 356 desuper

660 378 862 425 patente3
887 379 991 408 auro
1017 364 1061 407 ὅ(
1080 379 1264 426 argento
1292 362 1477 407 multum
1502 364 1643 408 ornati
1666 363 1868 423 cancelli3
1896 362 1967 410 ubi
1988 365 2046 410 est

658 433 727 479 ille
766 432 919 491 discus,
947 432 1017 479 ubi
1045 450 1177 496 caput
1202 434 1333 479 sancfli
1360 434 1559 480 Iohannis
1580 452 1803 497 portatum
1828 435 1936 494 fuit3
1975 433 2048 480 ubi

658 505 716 549 est
740 505 847 551 illud
872 525 1005 563 cornu,
1035 524 1124 569 quo
1151 506 1296 552 David
1322 508 1476 552 uncins
1499 506 1557 552 est
1582 509 1626 552 ὅ(
1652 508 1879 565 Salomon,
1903 509 1948 552 ὃς
1978 507 2048 552 ille

658 577 866 623 annulusss
891 577 1071 635 ibidem,
1106 577 1221 623 unde
1248 578 1459 623 Salomon
1486 577 1684 642 sigillavit
1715 577 1979 637 sermones‚b
2002 580 2048 623 ὅ(

658 650 715 694 est
735 649 789 695 de
809 650 996 709 elec}r‹)3
1025 648 1094 695 ubi
1115 651 1346 712 plasmatus
1361 649 1522 709 Adam,
1550 649 1621 696 ubi
1648 650 1805 696 obtulit
1824 648 2047 695 Abraham

658 722 783 779 lsaac,
805 722 943 768 filium
967 723 1102 779 suum,
1130 723 1173 768 in
1201 720 1455 767 sacrificium
1479 723 1523 767 in
1547 723 1642 785 ipso
1668 723 1786 780 loco,
1814 720 1886 767 ubi
1912 722 2046 768 cruci-

657 792 763 839 fixus
790 794 847 839 est
873 796 1094 840 Dominus
1121 794 1228 839 lesus
1254 794 1456 840 Christus.

722 865 825 911 Inde
862 865 918 911 ad
950 865 1231 912 occidentem
1260 867 1422 911 intrass
1446 866 1640 911 sanciam
1678 866 2046 925 resurrec‘tionem,

656 936 728 982 ubi
755 938 811 983 est
831 939 1062 1000 sepulcrum
1097 941 1282 994 Domini,
1321 936 1395 982 ubi
1425 954 1525 982 ante
1562 938 1705 1000 ipsum
1737 939 1795 984 est
1827 938 1897 984 ille
1920 937 2044 1001 lapis,

653 1026 791 1072 genus
818 1007 953 1054 filicis.
991 1011 1128 1072 Supra
1155 1009 1295 1072 ipsum
1321 1009 1379 1054 est
1406 1007 1582 1054 ecclesia
1606 1010 1651 1055 in
1678 1009 1869 1055 rotundo
1891 1008 2041 1073 posita.

653 1080 789 1142 Super
806 1080 900 1142 ipso
922 1081 1117 1143 sepulcro
1146 1081 1434 1128 transvolatile
1454 1098 1713 1145 argenteum
1733 1083 1777 1126 ὃς
1796 1099 1976 1127 aureum
1996 1083 2041 1126 ὃς

653 1152 697 1196 in
722 1152 901 1198 circuitu
929 1170 1063 1198 omne
1088 1152 1142 1198 de
1168 1170 1287 1198 auro.

720 1226 835 1269 Ante
853 1224 995 1287 ipsum
1020 1225 1266 1288 sepulcrum
1284 1225 1342 1272 est
1361 1227 1502 1284 altare,
1524 1225 1597 1271 ubi
1615 1225 1850 1272 Zacharias
1870 1226 2039 1272 sancius

655 1297 820 1342 occisus
844 1297 916 1356 est,
942 1295 1016 1342 ubi
1039 1298 1191 1343 arescit
1215 1298 1388 1362 sanguis
1415 1299 1517 1344 eius.

720 1368 894 1414 Deinde
912 1368 968 1414 ad
981 1372 1210 1431 sacrarium
1232 1369 1285 1415 de
1305 1369 1475 1416 basilica
1496 1371 1629 1416 sancii
1647 1370 1940 1427 Constantini,
1967 1369 2039 1415 ubi

655 1440 712 1485 est
736 1438 997 1501 cubiculum,
1025 1440 1095 1487 ubi
1123 1442 1180 1487 est
1202 1442 1271 1487 ille
1297 1444 1474 1488 calamus
1512 1444 1556 1488 ὃ(
1585 1442 1657 1488 illa
1669 1445 1866 1504 spongia)
1893 1443 1938 1487 ὃς
1969 1441 2039 1486 ille

651 1514 770 1567 calix,
798 1530 930 1575 quem
965 1512 1186 1559 benedixit
1216 1515 1437 1559 Dominus
1462 1516 1507 1559 &
1544 1513 1665 1559 dedit
1705 1513 1923 1577 discipulis
1958 1514 2038 1559 suis

650 1581 812 1642 bibere,
841 1588 884 1630 ὅ(
910 1587 995 1630 ait:
1031 1589 1122 1630 Hoc
1147 1590 1197 1646 est
1218 1605 1359 1647 corpus
1385 1605 1509 1630 meum
1535 1586 1573 1630 ὃ»
1589 1588 1766 1647 smiguis
1791 1604 1911 1631 meus.

717 1656 818 1702 Inde
844 1656 966 1703 vadis
992 1657 1047 1702 ad
1072 1657 1192 1703 illam
1218 1660 1433 1720 bafilicam,
1463 1656 1536 1703 ubi
1560 1658 1725 1704 invenit
1752 1659 1859 1703 Iesus
1889 1674 2035 1703 emen-

650 1744 710 1772 tes
736 1730 780 1773 6<
805 1728 1056 1788 vendentes,
1080 1731 1289 1792 eiecitque
1312 1730 1423 1775 foras
1441 1729 1689 1790 (cathedras
1709 1729 2037 1791 vendentium),

650 1799 876 1846 columbas
903 1800 1141 1865 (evertit).‘l

715 1871 887 1918 Deinde
903 1873 1024 1919 vadis
1044 1872 1099 1918 ad
1124 1874 1265 1920 sanc‘te
1285 1891 1404 1920 none
1428 1873 1576 1937 (Sion)
1597 1875 1796 1937 hqfilicam
1823 1890 2037 1937 magnam

648 1946 797 2005 nimis,
824 1943 896 1990 ubi
924 1946 982 1990 est
1006 1945 1077 1991 illa
1107 1948 1308 2003 columna,
1338 1945 1410 1992 ubi
1437 1947 1555 1993 cesus
1585 1948 1642 1993 est
1666 1949 1885 1993 Dominus
1916 1946 2035 1992 Iesus.

649 2021 845 2081 Apparet
882 2016 954 2074 ibi,
984 2017 1217 2080 quomodo
1249 2037 1383 2064 manu
1422 2019 1699 2081 amplexavit,
1727 2017 1843 2081 quasi
1869 2019 1915 2063 in
1941 2034 2036 2062 cera

650 2087 919 2153 designasset.
948 2089 1077 2136 Unde
1101 2091 1220 2136 venis
1245 2090 1301 2136 ad
1325 2091 1595 2150 sacrificium,
1622 2089 1694 2136 ubi
1730 2091 1788 2136 est
1811 2090 1883 2135 ille
1912 2091 2034 2150 lapis,

650 2160 766 2207 unde
791 2160 1003 2224 lapidatus
1031 2162 1088 2207 est
1115 2163 1358 2226 Stephanus
1384 2164 1564 2208 sanetus.
1603 2165 1647 2208 ln
1684 2161 1828 2208 media
1864 2158 2037 2207 basilica

649 2233 707 2278 est
732 2250 898 2278 corona
925 2232 978 2278 de
1006 2234 1150 2295 spinis,
1176 2251 1310 2295 quam
1348 2235 1519 2297 accepit
1555 2234 1675 2279 lesus.
1720 2232 1765 2277 Et
1799 2231 1858 2277 est
1882 2230 1941 2276 ibi
1964 2231 2037 2276 issa

649 2308 822 2361 lucerna,
863 2304 935 2350 ubi
972 2304 1162 2351 docebat
1199 2305 1448 2369 discipulos,
1487 2304 1667 2368 quando
1696 2319 1939 2350 cenaverat.
1978 2301 2037 2348 Ibi

651 2375 721 2421 illa
746 2376 804 2422 est
827 2377 948 2440 virga
978 2378 1138 2423 inclusa
1165 2378 1207 2423 in
1235 2378 1444 2424 columna
1468 2393 1686 2441 argentea.

694 2588 724 2607 a.
748 2575 812 2607 Ms.
835 2574 973 2607 annuus.
996 2594 1036 2599 ——
1070 2576 1099 2607 b.
1130 2575 1196 2607 Ms.
1224 2574 1298 2608 der·
1383 2575 1570 2608 dermones.
1602 2592 1642 2596 —-
1669 2584 1694 2604 c.
1726 2572 1792 2604 Ms.
1826 2571 1963 2605 intrans.
1994 2591 2037 2595 —

649 2640 774 2660 mones,
813 2630 919 2672 Supra
957 2629 1020 2672 post
1056 2636 1213 2672 argentee
1246 2639 1295 2661 xn
1380 2630 1411 2660 A.
1440 2627 1492 2660 Ex
1511 2626 1577 2659 Ev.
1603 2628 1632 2659 S.
1653 2626 1778 2666 Marci,
1806 2628 1868 2667 XI,
1904 2638 1955 2669 15,
1975 2628 2037 2659 ad-

647 2681 708 2713 omi
721 2693 730 2711 1
751 2682 863 2713 eadem
883 2682 1019 2714 verba.-
1054 2681 1144 2725 figill.
1173 2681 1292 2714 Saloni.
1312 2714 1322 2719 ⁷⁷
1379 2680 1463 2720 didi,
1483 2682 1566 2724 quod
1585 2680 1617 2713 in
1630 2681 1819 2724 parentlnfi
1833 2681 1881 2725 est.
