2216 3435
418 192 505 225 XII.
543 189 1100 225 COMMEMORATORIUM
1125 190 1192 223 DE
1220 191 1352 224 CASIS
1378 192 1475 224 DEI.
1579 179 1664 238 xliij

282 334 427 373 unicum
455 329 569 387 usque
605 331 659 371 ad
683 331 776 371 hunc
807 331 900 371 diem
930 340 1051 370 notum
1082 331 1232 371 codicem
1264 332 1595 388 Oxenhusianum,
1622 332 1659 372 in

280 397 338 438 H.
360 397 501 451 Canistj
519 396 712 449 Antiquis
734 395 1017 447 Lecffionibus,
1031 397 1199 449 primum
1220 397 1370 448 editam,
1390 398 1570 438 novimus.

334 461 479 502 Procul
514 461 621 500 dubio
660 460 779 499 multa
816 461 923 513 apud
952 460 1177 514 Anonymum
1217 462 1472 516 reperiuntur,
1506 478 1589 515 quae
1623 463 1660 502 in

280 526 572 568 Sane'z'imonialis
598 526 817 566 narratione
846 524 999 581 desunt;
1030 526 1098 566 illa
1121 542 1212 566 vero
1239 542 1340 566 nova
1373 542 1455 580 quae
1487 529 1534 567 ab
1556 528 1661 567 Ano-

278 608 380 646 nymo
401 592 620 645 afferuntur
646 590 870 630 Willibaldo
888 591 1044 631 dictanti
1061 593 1193 632 rarius
1214 592 1411 632 tribuenda
1420 593 1527 649 sunt.

333 657 379 697 In
399 672 501 697 nova
522 656 668 696 editione
683 665 810 708 pauca
831 665 974 695 tantum
994 658 1031 695 in
1052 656 1178 697 melius
1198 658 1336 710 corrigi
1351 667 1562 710 potuerunt.

333 756 518 809 Anonymi
536 754 777 795 EDITIONES
786 755 978 812 sequentes
996 756 1206 796 indicandae
1223 756 1320 796 nobis
1340 756 1435 813 visae
1444 757 1566 813 sunt:

336 856 449 909 1603,
468 854 634 909 Canistus
652 854 689 893 in
705 853 821 894 Le&
838 854 995 907 Antiq.,
1012 853 1090 905 IV,
1100 863 1161 908 pp.
1180 854 1356 907 705-718
1380 854 1449 907 (ed.
1468 854 1660 911 Basnage,

280 921 340 972 II,
353 929 460 975 part.
483 919 516 970 I,
541 919 742 972 117-122).

336 1009 448 1061 1672,
474 1009 511 1047 in
542 1007 768 1059 Mabillonij
800 1007 915 1048 Aesis
946 1007 1009 1048 SS.
1038 1007 1123 1048 ord.
1159 1007 1195 1048 S.
1228 1006 1548 1063 Bened.,saecul.
1574 1007 1658 1058 III,

274 1083 381 1129 part.
402 1073 462 1124 II,
479 1083 540 1127 pp.
563 1072 753 1127 383-392.

337 1155 496 1208 1721,z'n
509 1154 625 1194 Affis
638 1153 867 1194 san<9mrum
880 1153 1233 1205 Bollandistarum,
1246 1153 1319 1193 Iul.
1332 1154 1593 1208 II,pp.512-5
1604 1165 1661 1207 17.

337 1244 450 1297 1873,
473 1244 570 1283 inter
609 1241 914 1296 Descriptiones
957 1242 1099 1282 Terrae
1139 1242 1309 1294 Sancffie,
1340 1258 1431 1296 quas
1465 1243 1575 1282 edidit
1612 1242 1658 1282 T.

286 1309 433 1360 Tobler,
448 1318 512 1362 pp.
533 1308 673 1361 56-76.

937 1457 1010 1503 XII

495 1557 1060 1592 COMMEMORATORIUM
1087 1558 1153 1591 DE
1182 1558 1320 1591 CASIS
1347 1558 1432 1590 DEI

720 1624 810 1657 VEL
838 1623 1193 1657 MONASTERIIS.

333 1719 544 1777 Pretiosum
559 1721 658 1761 illud
672 1730 942 1761 monumentum
962 1721 1062 1761 initio
1080 1721 1165 1761 noni
1180 1718 1510 1776 saeculiscriptum
1527 1720 1580 1774 est.
1605 1719 1664 1759 Ex

281 1786 472 1828 Casarum
495 1784 577 1826 Dei
599 1787 642 1826 δέ
665 1785 1013 1825 Monasteriorum
1034 1801 1115 1825 cum
1136 1787 1223 1842 suis
1240 1785 1500 1843 sacerdotibus
1529 1784 1658 1839 minis-

280 1849 432 1906 trisque,
451 1866 562 1903 quam
587 1852 640 1890 ibi
658 1851 818 1903 legimus,
838 1851 1088 1908 descriptione,
1115 1861 1219 1904 patet
1245 1851 1282 1890 in
1305 1866 1340 1890 eo
1361 1859 1517 1903 tempore
1540 1849 1661 1889 adhuc

279 1932 419 1971 magna
446 1919 490 1957 δ’
523 1917 640 1956 multa
667 1917 892 1969 monasteria
920 1917 957 1955 in
991 1916 1119 1956 Terra
1152 1917 1301 1957 Sancta.
1334 1915 1661 1969 Appropinquante

280 1992 403 2022 autem
411 1983 628 2040 sacrarum
649 1981 912 2035 expeditionum
928 1991 1050 2033 astate,
1066 1981 1286 2036 Chrssianae
1301 1981 1484 2034 religionis
1499 1981 1658 2038 misera-

280 2049 387 2088 bilior
389 2049 528 2102 status.

331 2113 500 2154 Aueioris
528 2128 652 2152 nomen
683 2112 853 2152 invenire
879 2112 1037 2165 frustra
1072 2112 1205 2164 aliquis
1226 2121 1394 2152 tentaret.
1431 2110 1514 2151 Nec
1540 2120 1661 2151 tamen

278 2179 522 2219 dubitandum
535 2180 584 2229 est
593 2178 677 2230 quin
688 2178 748 2217 ille
763 2192 856 2217 unus
862 2177 987 2230 fuerit
1000 2194 1016 2217 e
1017 2175 1277 2233 sacerdotibus
1288 2178 1450 2229 idemque
1462 2177 1527 2216 vir
1540 2176 1661 2229 digni-

278 2254 352 2285 tate
365 2244 550 2298 princeps,
572 2243 721 2297 quidam
729 2243 838 2297 forte
853 2242 1038 2296 presbyter
1054 2259 1078 2283 a
1094 2242 1229 2282 Carolo
1249 2258 1381 2295 magno
1398 2241 1496 2296 mist*
1488 2257 1540 2292 us,
1562 2251 1602 2280 ut
1620 2242 1661 2281 de

274 2312 377 2364 statu
391 2309 671 2364 chrssianorum
683 2309 720 2347 in
733 2307 976 2362 Palaestinam
988 2308 1381 2358 commemoratorium,
1392 2308 1537 2360 partim
1549 2308 1660 2346 etiam

279 2389 475 2413 numerum
504 2374 757 2431 conscriberet,
787 2373 882 2426 quod
907 2373 1146 2413 breviarium
1177 2372 1406 2426 demonstrat
1437 2372 1533 2424 quod
1562 2371 1662 2424 operi

281 2440 494 2479 adiune't'um
524 2440 577 2493 est.
608 2438 690 2478 Nec
720 2439 762 2477 de
789 2438 939 2491 publica
961 2437 1067 2478 huius
1086 2439 1288 2478 documenti
1317 2437 1530 2477 austeritate
1551 2437 1658 2476 dubi-

280 2514 361 2545 tare
381 2504 473 2544 licet.

333 2569 469 2610 Manu
463 2569 632 2626 scriptus
645 2570 766 2620 codex,
782 2570 845 2623 qui
862 2570 965 2610 unico
978 2579 1200 2622 pergameno
1201 2568 1301 2623 folio
1315 2568 1466 2622 constat,
1482 2569 1519 2607 in
1536 2568 1657 2607 media

276 2645 388 2689 parte
420 2635 622 2686 laceratus,
655 2635 692 2674 in
721 2635 936 2675 bibliotheca
964 2635 1067 2674 urbis
1094 2633 1255 2688 Bastleae
1277 2633 1517 2688 affi'rvatur.
1541 2633 1659 2690 Illus-

281 2701 348 2742 tris
366 2701 426 2741 ille
439 2700 633 2740 Romanus
648 2698 849 2741 Iohannes
867 2700 915 2740 de
935 2699 1042 2740 Roffi
1059 2710 1326 2739 monumentum
1339 2699 1438 2739 illud
1445 2699 1542 2739 tanti
1549 2698 1658 2752 feeit,
