2216 3435
596 287 948 322 ITINERARIUM
972 289 1002 321 S.
1041 290 1362 323 WILLIBALDI.
1569 294 1650 343 291

350 435 401 480 X.
428 432 610 496 Digreffi
625 430 728 478 inde
748 434 935 477 Iordanis
951 436 1103 491 fluenta
1119 436 1340 494 sequendo,
1368 451 1578 480 venerunt
1603 434 1658 480 ad

288 506 409 551 illum
428 502 618 550 Iordanis
634 503 799 561 locum,
827 506 894 547 ubi
909 506 1110 549 Dominus
1128 522 1252 563 aquas
1276 506 1432 549 diluvio
1452 506 1547 549 olim
1561 507 1657 566 pol-

287 578 392 620 lutas
412 578 492 636 suo
525 578 758 637 baptismate
793 577 930 620 lavans
967 577 1185 620 mundavit.
1228 572 1285 619 lbi
1303 577 1468 635 salubri
1505 578 1659 636 liquore

276 650 430 709 perfufi
453 662 664 692 venerunt
688 647 886 707 Galgala,
924 643 996 689 ubi
1025 644 1098 703 filij
1126 645 1245 690 Israel
1271 644 1460 690 sublatos
1492 645 1546 691 de
1573 650 1656 691 [or-
1677 652 1812 690 Galgah·

286 716 396 762 dane
435 717 506 762 ΧΗ
541 716 706 779 lapides
746 717 790 762 in
832 715 1125 761 testimonium
1162 716 1550 778 transmigrationis
1588 717 1658 762 sue

284 787 531 848 posuerunt.
567 786 668 833 Inde
698 802 921 849 permeata
956 790 1125 843 Iericho,
1164 789 1229 831 ubi
1264 788 1451 831 Iordanis
1479 791 1517 831 in
1554 806 1658 832 mare
1676 796 1801 827 Iericho-

285 860 507 903 mortuum
525 877 661 903 nomen
688 876 773 902 cum
796 859 909 917 cursu
929 857 1135 915 amiffurus
1160 860 1306 916 influit,
1332 854 1498 901 visitato
1524 858 1655 902 etiam

283 933 313 974 S
315 931 423 973 anesii
446 933 644 988 Eustachii
663 928 923 973 monasterio
942 927 986 971 in
1007 926 1236 972 medietate
1256 926 1417 971 Iericho
1439 928 1482 971 ὃς
1506 928 1657 972 [erusa-
1676 917 1898 989 Πῗοηξῗζξζξξζῖ

282 999 369 1044 lem
390 997 482 1057 fito,
506 1004 572 1044 vix
597 1001 857 1060 eogspec‘latam
886 996 1188 1061 ingrediuntur
1211 999 1546 1058 Hierosolymam.
1579 1001 1658 1043 Cui
1678 1010 1894 1047 Hierosolyma

284 1088 376 1115 tunc
402 1072 489 1115 loco
514 1071 793 1115 miraculorum
827 1071 889 1114 vel
918 1071 1091 1113 alicuius
1126 1087 1282 1128 operum
1304 1073 1476 1113 Domini
1500 1072 1657 1129 conscio

284 1145 347 1186 vir
371 1144 455 1185 ‘Dei
485 1142 759 1185 Willibaldus
783 1142 916 1201 oscula
942 1159 1016 1185 non
1043 1140 1261 1200 impreffit?
1299 1141 1419 1199 Qod
1448 1142 1505 1183 ibi
1530 1141 1659 1184 altare

285 1214 468 1257 lacrimis
490 1212 529 1256 ὃ»
553 1215 768 1272 gemitibus
791 1230 866 1256 non
890 1213 1111 1272 perfudit?
1151 1213 1311 1272 Qanta
1354 1214 1412 1256 ibi
1452 1213 1659 1255 devotione

285 1287 410 1327 iacuit
428 1300 517 1326 ante
540 1285 781 1326 dominicam
805 1299 955 1326 crucem
982 1284 1124 1326 mundo
1149 1285 1358 1340 crucifixus
1375 1288 1394 1325 ,³
1421 1283 1548 1342 Qam
1573 1298 1658 1326 tor-

281 1355 372 1398 rido
397 1354 651 1397 lacrimarum
667 1354 796 1412 fluvio
817 1354 1003 1412 perfudit
1028 1353 1221 1412 lapidem,
1243 1371 1353 1412 quem
1380 1356 1425 1397 ab
1454 1357 1550 1411 ostio
1576 1371 1659 1397 mo-

283 1428 458 1469 numenti
477 1427 646 1468 removit
669 1424 864 1483 angelus?
890 1423 969 1467 Sex
986 1420 1045 1467 ibi
1063 1420 1411 1467 hebdomadibus
1430 1423 1658 1484 graviffimo

281 1494 463 1539 irretitus
492 1495 685 1554 languore
719 1495 984 1549 cruciabatur,
1010 1496 1154 1553 sancsla
1189 1511 1317 1538 tamen
1347 1499 1516 1538 circuire
1553 1494 1656 1549 loca,

273 1567 408 1626 studio
442 1566 614 1610 laborem
638 1566 834 1624 fallente,
874 1582 950 1609 non
991 1567 1249 1624 gravabatur.
1293 1567 1455 1626 Qanto
1497 1566 1659 1609 videndi

281 1639 411 1681 ‘Deum
447 1639 625 1681 ‘Deorum
656 1639 696 1679 in
734 1637 835 1680 Sion
871 1637 1063 1697 desiderio
1091 1637 1288 1697 ecclefiam
1323 1639 1468 1680 montis
1489 1638 1588 1680 Sion
1615 1636 1657 1680 in
1676 1650 1766 1679 Mons
1781 1651 1862 1680 Sion.

280 1705 428 1752 medio
452 1709 562 1751 urbis
586 1705 706 1751 sitam
732 1707 847 1765 adiit,
876 1723 990 1765 quam
1018 1708 1155 1751 devote
1179 1711 1405 1765 translatum
1431 1707 1531 1750 illuc
1555 1708 1657 1767 eius-

280 1780 367 1822 dem
391 1778 544 1838 ecclesie
565 1779 890 1821 archidiaconum
913 1776 1298 1838 &protomartyrem
1314 1779 1555 1838 Stephanum
1581 1781 1656 1821 im-

278 1851 491 1911 ploravit?

345 1920 414 1965 XI.
447 1916 597 1981 Egreffi
636 1915 814 1962 demum
849 1918 1028 1962 veniunt
1064 1919 1108 1962 in
1145 1920 1293 1963 vallem
1342 1918 1544 1979 Iosophat,
1583 1916 1930 1971 ubivanislosaphat.

271 1991 497 2054 sepulcrum
526 1991 668 2048 sanc‘le
704 1990 859 2034 marie
902 1988 1170 2034 monstratur.
1213 1992 1292 2034 Sed
1328 2006 1454 2033 utrum
1487 1991 1655 2050 apostoli

279 2079 380 2117 eam,
415 2061 558 2105 reli6I0
593 2063 658 2104 hic
693 2061 1064 2120 corporesolutam,
1103 2062 1430 2121 ibi-sepelierint,
1470 2079 1517 2105 an
1538 2064 1654 2120 forte

266 2133 446 2194 sepelire
469 2149 553 2175 eam
577 2132 871 2189 destinantibus,
900 2136 989 2192 post
1013 2133 1188 2190 effoffum
1215 2134 1272 2175 ibi
1288 2133 1538 2192 sepulcrum,
1566 2134 1651 2192 ipsa

274 2209 323 2266 fit
346 2221 430 2248 cum
463 2219 628 2262 corpore
653 2203 828 2261 affumta,
862 2203 923 2247 vel
946 2208 984 2264 fi
997 2203 1161 2263 sepulta
1197 2205 1254 2246 ibi
1279 2204 1476 2257 conditur,
1525 2219 1651 2246 utrum

278 2276 370 2319 inde
392 2274 554 2335 sublata
593 2272 632 2316 ὃ»
667 2274 775 2317 alias
809 2275 1038 2333 transposita
1063 2278 1132 2335 fit,
1172 2291 1220 2317 an
1253 2290 1408 2334 recepta
1445 2291 1534 2317 vera
1578 2278 1651 2318 im-

278 2345 522 2389 mortalitate
565 2346 836 2406 resurrexerit,
886 2345 1030 2388 melius
1075 2345 1290 2399 dubitatur,
1341 2362 1454 2402 quam
1496 2345 1654 2402 aliquid

279 2417 370 2459 inde
404 2420 663 2475 apocryphum
705 2417 930 2473 definiatur.
980 2412 1202 2477 Digreffos
1247 2414 1346 2459 inde
1388 2414 1538 2476 recipit
1577 2431 1650 2458 eos

278 2503 388 2531 mons
425 2487 591 2543 Oliveti,
630 2484 839 2549 ingressos
869 2487 1063 2548 ecclefiam
1096 2484 1277 2547 desuper
1310 2485 1503 2547 patulam
1539 2486 1649 2530 &in
1671 2503 1917 2533 Monsmivetus

276 2556 378 2601 loco
411 2555 632 2601 dominice
667 2555 921 2602 ascensionis
958 2575 1075 2616 opera
1108 2558 1260 2601 Helene
1292 2561 1430 2617 regine
1459 2561 1650 2614 construc-

277 2645 370 2672 tam.
412 2628 571 2672 Locum
610 2645 714 2690 ergo
752 2628 882 2683 hunc,
931 2629 973 2671 in
1019 2644 1107 2689 quo
1141 2628 1358 2672 Dominus
1396 2627 1436 2671 in
1471 2627 1559 2688 ipsa
1590 2627 1650 2671 as-

277 2697 486 2744 censionis
512 2699 580 2743 sue
600 2698 720 2755 hora,
745 2697 994 2761 stipantibus
1019 2698 1249 2760 discipulis,
1269 2698 1437 2743 steterat
1460 2699 1504 2742 ὅ(
1533 2700 1646 2753 unde,

277 2771 442 2815 elevatis
480 2772 669 2826 manibus,
706 2774 976 2831 captivitatem
1017 2773 1182 2830 nostram
1217 2773 1256 2813 in
1293 2771 1416 2815 celum
1452 2773 1646 2829 captivant
